3859 5725
399 231 515 286 30⁴

1548 212 1933 279 SCHOLIA
1982 212 2071 272 IN
2125 213 2440 277 RANAS.

394 356 523 413 υἱῶν
569 355 677 419 τοῖς
717 354 822 410 τῶν
861 348 1104 430 πατέρων
1153 345 1375 426 ὀνόμασι
1422 348 1672 427 χρῆσθαι.
1719 344 1848 426 πρὸς
1897 340 1955 401 ὅν
2049 345 2209 405 αὐτοῦ
2238 346 2726 428 ἄναιρεθησόμενον.
2751 347 2986 417 ἐλθόντος
3023 341 3113 409 οὖν
3139 353 3309 412 ἐκεῖσε
3347 356 3590 437 Βελλερο·

397 445 537 500 ἐστιν
563 441 725 500 εἰπεῖν
748 436 829 497 ὅτι
852 439 906 497 ἐν
929 440 1005 519 τῷ
1034 435 1263 518 δράματι
1291 435 1419 514 [207]
1444 434 1654 511 λέγεται

583 579 754 644 moene
777 579 860 642 μὲν
882 578 1020 634 αὐτὸς
1043 576 1269 640 :tranat
1291 575 1450 638 βλέπει
1473 574 1605 637 φάος.

358 686 367 693 ·
398 700 670 784 Ἡρόδικος
697 699 755 760 δέ
789 723 917 782 φησι
944 696 1117 766 διττὰς
1151 695 1418 777 γεγονέναι
1451 693 1546 763 τὰς
1578 693 1842 768 καθέσεις,
1870 691 1965 752 καὶ

346 826 373 864 5
398 789 497 863 τὴν
538 788 837 871 τραγῳδίαν
878 785 1079 858 ταύτην
1119 784 1382 865 περιέχειν
1430 782 1524 856 τὴν
1567 785 1620 841 ἐν
1665 781 1965 847 Πλαταιαῖς

401 876 604 957 μάχην.
631 877 844 936 δοκοῦσι
870 873 927 933 δὲ
957 864 1099 933 οὗτοι
1122 876 1171 932 οἱ
1205 871 1410 954 Πέρσαι
1446 870 1549 930 ὑπὸ
1574 876 1664 929 τοῦ
1694 866 1964 949 Αἰσχύλου

401 964 703 1044 δεδιδάχθαι
742 965 794 1022 ἐν
828 960 1227 1042 Συρακούσαις,
1260 957 1652 1025 σπουδάσαντος
1696 956 1963 1039 Ἱέρωνος,

401 1050 472 1119 ὥς
499 1075 658 1133 φησιν
689 1047 1069 1132 Ἐρατοσθένης
1096 1051 1150 1107 ἐν
1182 1050 1228 1125 γ’
1257 1048 1377 1127 περὶ
1400 1047 1709 1127 κωμῳδιῶν.
1838 1038 1965 1102 ’Ἀλ-

399 1142 524 1207 λως.
556 1138 808 1217 Δίδυμος,
849 1136 931 1196 ὅτι
973 1139 1032 1196 οὗ
1059 1134 1362 1215 περιέχουσι
1402 1132 1622 1193 θάνατον
1651 1130 1874 1214 Δαρείου
1917 1133 1965 1189 οἱ

325 1245 377 1283 ιο
401 1227 610 1309 Πέρσαι
639 1226 700 1285 τὸ
731 1228 926 1308 δρᾶμα.
970 1223 1047 1283 διὸ
1074 1222 1206 1291 τινὲς
1246 1221 1422 1290 διττὰς
1450 1222 1686 1289 καθέσεις
1728 1218 1967 1279 τουτέστι

403 1314 745 1382 διδασκαλίας
769 1318 874 1373 τῶν
906 1313 1130 1393 Περσῶν
1163 1333 1319 1393 φασι,
1346 1308 1438 1368 καὶ
1466 1307 1560 1381 τὴν
1594 1307 1720 1386 μίαν
1751 1306 1826 1385 μὴ
1869 1304 1965 1389 φέ-

405 1407 600 1482 ρεσθαι.
651 1399 785 1468 τινὲς
820 1397 876 1458 δὲ
915 1397 1175 1481 γράφουσι
1236 1396 1461 1479 Δαρείου
1506 1401 1598 1455 τοῦ
1658 1393 1875 1476 Ξέρξου.
1919 1394 1969 1452 οἱ

403 1488 458 1546 δὲ
483 1486 562 1547 ότι
589 1497 694 1556 τοῖς
722 1486 914 1566 κυρίοις
942 1487 1057 1544 ἀντὶ
1084 1488 1187 1544 τῶν
1216 1487 1634 1566 πατρωνυμικῶν
1658 1481 1969 1564 κέχρηνται,

403 1574 494 1634 καὶ
527 1573 607 1633 ὅτι
636 1579 664 1634 ὃ
693 1572 921 1654 Ξέρξης,
951 1576 997 1632 οἱ
1024 1571 1108 1646 δὲ,
1135 1572 1215 1631 ὅτι
1248 1571 1460 1631 εἴδωλον
1491 1568 1714 1651 Δαρείου
1744 1567 1970 1650 φθέγγε-

330 1692 377 1731 15
404 1687 519 1737 ται,
550 1662 746 1723 ἐκείνου
776 1661 1081 1734 τεθνηκότος
1106 1659 1388 1737 δηλονότι.)

488 1769 611 1810 1032.
656 1746 882 1830 Ὀρφεὺς
924 1745 1027 1829 γὰρ
1072 1746 1285 1813 τελετάς
1327 1748 1371 1803 θ’
1403 1748 1533 1822 ἡμῖν
1579 1766 1594 1804 :
1626 1742 1758 1804 Ὀτι
1796 1738 1969 1811 πολλὴ

407 1835 528 1905 δόξα
552 1838 765 1915 κατεῖχε
793 1834 916 1915 περὶ
944 1833 1209 1916 Ὀρφέως,
1232 1838 1302 1900 ὡς
1329 1831 1541 1900 τελετὰς
1565 1827 1889 1909 συντετάχοι.

488 1942 613 1983 1033.
659 1927 931 1989 Μουσαῖος
962 1921 1016 1980 δὲ
1052 1941 1067 1982 :
1098 1922 1206 1982 Τὸν
1233 1924 1507 1981 Μουσαῖον
1533 1920 1702 1978 παῖδα
1735 1915 1974 1987 Σελήνης

407 2009 501 2070 καὶ
530 2009 823 2088 Εὐμόλπου
859 2006 1156 2091 Φιλόχορός
1179 2032 1353 2090 φησιν.
1392 1999 1539 2075 οὗτος
1567 2005 1623 2065 δὲ
1652 2002 1975 2086 παραλύσεις

331 2127 386 2166 20
411 2097 503 2157 καὶ
533 2098 744 2166 τελετὰς
782 2097 874 2156 καὶ
901 2096 1204 2179 καθαρμοὺς
1232 2094 1527 2168 συνέθηκεν.
1557 2098 1586 2153 ὁ
1614 2091 1669 2153 δὲ
1699 2093 1976 2174 Σοφοκλῆς

410 2185 780 2267 χρησμολόγον
809 2183 965 2244 αὐτόν
993 2207 1141 2267 φησι.

493 2272 736 2343 Ἡσίοδος
771 2271 826 2331 δὲ
866 2292 880 2333 :
925 2271 1019 2340 Ὡς
1053 2269 1264 2352 πρώτου
1301 2269 1444 2338 ὄντος
1477 2267 1724 2329 Ἡσιόδου
1764 2265 1977 2346 μέμνη-

412 2383 521 2422 ται.

498 2467 619 2508 1030.
669 2445 879 2528 (χρήστ’
908 2445 1108 2514 ἐδίδαξε
1134 2465 1149 2506 :
1174 2442 1330 2512 Τινὲς
1359 2440 1678 2526 συναλοιφὴν
1716 2440 1976 2520 λέγουσιν.

336 2560 391 2598 25
413 2532 623 2617 χρηστὰ
649 2532 704 2592 δὲ
729 2533 844 2592 ἀντὶ
865 2538 956 2592 τοῦ
986 2532 1272 2613 χρήσιμα.)

497 2644 616 2684 1000.
662 2623 775 2701 (καὶ
800 2620 906 2700 μὴν
933 2624 991 2681 οὗ
1023 2617 1345 2683 Παντακλέα
1368 2641 1383 2681 t
1408 2617 1697 2680 Διαὸάλλει
1719 2616 1807 2676 τὸν
1837 2621 1982 2678 Παν-

414 2710 612 2772 τακλέα
642 2714 711 2777 ὣς
740 2714 920 2788 ἀμαθῆ
949 2711 1003 2767 ἐν
1031 2713 1107 2790 τῷ
1131 2707 1451 2778 ὁπλίζεσθαι.
1484 2705 1750 2786 μέμνηται
1775 2703 1831 2764 δὲ
1854 2702 1979 2763 τού-

414 2824 505 2859 του
564 2798 655 2858 καὶ
707 2795 939 2865 Εὔπολις
987 2798 1041 2856 ἐν
1093 2798 1291 2878 Χρυσῷ
1349 2792 1485 2875 γένει
1547 2821 1571 2847 «ι
1633 2789 1983 2865 Παντακλέης

417 2887 610 2955 σκαιός.
638 2889 681 2965 2³)

335 3003 390 3042 30
498 2996 620 3037 1037.
664 2973 979 3052 ἐπόμπευεν.
1008 2982 1067 3031 R.

500 3084 624 3123 10³8.
666 3061 726 3120 τὸ
751 3059 938 3143 κράνος
969 3062 1176 3142 πρῶτον
1205 3055 1622 3139 περιδησάμενος
1652 3076 1665 3116 :
1698 3054 1829 3116 Δέον
1858 3056 1982 3114 ἐπι-

418 3149 653 3223 δήσαντα
696 3148 783 3207 τὸν
829 3147 990 3230 λόφον
1035 3146 1154 3207 τότε
1197 3145 1259 3204 τὸ
1303 3144 1489 3225 κράνος
1526 3141 1848 3225 περιθέσθαι.
1893 3141 1986 3201 καὶ

417 3236 662 3319 Ὄμηρος
688 3244 768 3308 [n.
797 3247 834 3296 Γ
852 3281 870 3314 ,
899 3242 999 3308 330]
1031 3232 1276 3316 ἐμφαίνει
1298 3238 1451 3291 τοῦτο

645 3387 780 3450 κρατὶ
803 3385 844 3434 δ’
859 3385 932 3434 ἐπ’
953 3384 1126 3448 ἰφθίμῳ
1143 3382 1311 3440 κυνέην
1330 3382 1548 3431 εὔτυκτον
1572 3380 1753 3440 ἔθηκεν,

341 3480 395 3520 ³6
636 3456 873 3518 ἵππουριν,
897 3455 1061 3517 (δεινὸν
1084 3454 1134 3502 δὲ
1151 3452 1287 3514 λόφος
1306 3450 1586 3513 καθύπερθεν
1608 3449 1768 3510 ἔνευε).

509 3605 629 3646 1030.
675 3583 964 3666 [Λάμαχος
990 3582 1129 3664 ἥρως
1156 3604 1171 3643 :
1204 3581 1275 3643 ‘0
1307 3579 1568 3659 Λάμαχος
1605 3570 1751 3645 οὗτος
1781 3577 1991 3659 ἄριστος

425 3665 489 3744 ἦν
514 3671 584 3731 τὰ
610 3671 891 3748 πολεμικά.
920 3662 986 3743 ἦν
1014 3668 1069 3729 δὲ
1098 3669 1186 3728 ἐπὶ
1222 3670 1327 3727 τῶν
1367 3666 1571 3746 χρόνων
1597 3662 1869 3744 Αἰσχύλου
1895 3663 1990 3722 καὶ

425 3758 854 3842 Ἀριστοφάνους,
912 3755 1202 3838 στρατηγὸς
1247 3752 1558 3826 Ἀθηναίων.
1613 3751 1877 3830 μέμνηται
1935 3750 1990 3810 δὲ

423 3846 609 3906 τούτου
649 3846 741 3905 καὶ
782 3848 835 3904 ἐν
884 3844 1236 3926 Ἀχαρνεῦσιν.
1280 3840 1392 3902 ὅθεν
1445 3838 1501 3899 δὲ
1523 3884 1539 3910 ,
1580 3838 1739 3918 ἤγουν
1795 3840 1854 3897 ἐκ
1898 3845 1990 3898 τοῦ

346 3972 401 4012 10
428 3932 722 4016 Ὁμήρου]

511 4041 633 4081 1010.
679 4015 1066 4096 ἀπομαξαμένη
1101 4038 1115 4077 :
1152 4016 1233 4077 Τὸ
1264 4012 1654 4092 ἀπομαξαμένη
1686 4011 1791 4072 ἀπὸ
1820 4037 1987 4092 μετα-

428 4117 592 4191 φορᾶς
625 4106 831 4188 εἴρηται
865 4109 970 4164 τῶν
1010 4102 1228 4186 σπόγγῳ
1263 4102 1299 4175 ἤ
1335 4124 1436 4161 τινι
1479 4099 1701 4182 τοιούτῳ
1748 4098 1994 4177 σώματός

426 4219 563 4263 τινος
600 4193 801 4273 ἰκμάδα
843 4191 1265 4274 ἀφαιρουμένων,
1302 4189 1393 4249 καὶ
1427 4195 1582 4248 τοῦτο
1619 4187 1815 4256 νοτίδος
1851 4190 1994 4259 πλη-

431 4281 680 4366 ρούντων,
709 4282 891 4364 ὥσπερ
919 4274 984 4354 ἦν
1020 4281 1186 4340 ἐκεῖνο
1213 4277 1274 4338 τὸ
1301 4281 1458 4355 σῶμα
1494 4275 1748 4359 πρότερον
1778 4274 1996 4354 διάδρο-

429 4396 442 4407 ·
469 4396 543 4432 ον.
583 4383 711 4431 Vict.

352 4418 405 4458 ’Β
431 4397 470 4453 χ’
514 4478 634 4520 1012.
679 4456 1019 4517 ἀντεκτείνειν
1061 4476 1077 4516 :
1129 4450 1575 4526 Ἀνταποδιδόναι,
1623 4454 1855 4530 ὁμοιοῦν,
1893 4449 1992 4520 ἐξι-

432 4570 574 4607 σουν.

516 4654 640 4696 1043.
684 4636 743 4695 οὗ
778 4632 1023 4714 Φαίδρας
1074 4652 1090 4693 t
1133 4629 1237 4692 Διὰ
1280 4628 1368 4689 τὸν
1424 4627 1765 4701 Ἱππόλυτον,
1815 4627 1995 4707 δρᾶμα

439 4722 747 4805 Εὐριπίδου.
781 4721 1064 4783 Σθενέὸοια
1094 4719 1150 4780 δέ
1189 4721 1351 4791 ἐστιν,
1394 4717 1459 4790 ἣν
1486 4716 1728 4797 Ὅμηρος
1754 4714 1997 4776 Ἄντειαν

355 4854 410 4895 ⁶0
435 4810 603 4889 λέγει,
634 4809 749 4883 ἥτις
772 4808 980 4891 ἠράσθη
1008 4815 1102 4869 τοῦ
1149 4804 1588 4888 Βελλεροφόντου.
1632 4795 1720 4885 [οὗ
1751 4802 1827 4881 μὴ
1856 4806 1999 4861 ὓπα-

437 4897 676 4967 κούοντος
714 4896 1075 4980 κατεψεύσατο
1100 4895 1232 4979 πρὸς
1266 4893 1359 4954 τὸν
1395 4892 1525 4953 ἴδιον
1564 4891 1727 4971 ἄνδρα
1769 4891 1997 4972 Προῖτον

435 4991 505 5054 ὡς
535 4985 837 5068 βιαζομένη.
870 4985 960 5046 καὶ
990 4984 1044 5053 ὃς
1071 4984 1276 5066 ἔπεμψε
1314 4987 1495 5042 τοῦτον
1525 4983 1599 5049 εἰς
1630 4979 1718 5040 τὸν
1751 4977 1998 5061 πενθερὸν

2045 428 2231 511 φόντου
2254 433 2344 491 καὶ
2368 439 2599 515 καθαροῦ
2629 435 2899 517 φανέντος,
2931 436 3008 515 μὴ
3042 438 3271 521 φέρουσα
3293 439 3387 513 τὴν
3416 442 3590 523 αἰσχύ-

2045 542 2138 591 νην
2165 523 2200 590 ἡ
2227 520 2510 581 Σθενέὸοια
2534 522 2735 603 κωνείῳ
2756 524 3072 605 ἐχρήσατο]

2134 627 2255 668 1017.
2302 606 2441 669 ὥστε
2474 609 2667 669 καύτόν
2696 635 2756 670 σε
2789 634 2803 672 ;
2834 610 2959 673 Ἵνα
2987 613 3218 695 διαὸάλῃ
3253 614 3350 688 τὴν
3380 622 3591 695 γυναῖκα

2046 699 2137 753 τοῦ
2164 696 2471 776 Εὐριπίδου.
2497 696 2587 778 {rb
2615 698 2671 757 δὲ
2695 698 2731 757 ἃ
2749 699 2852 781 γὰρ
2881 702 2954 768 εἰς
2977 700 3071 769 τὰς
3099 704 3373 785 ἀλλοτρίας
3391 706 3592 775 ἐποίεις,
3617 721 3639 760 ⁶

2048 784 2244 851 διπλῶς
2278 783 2488 856 νοητέον
2506 810 2519 822 ·
2548 785 2584 858 ἢ
2630 785 2712 846 ὅτι
2740 785 2835 854 τὰς
2867 791 2971 846 τῶν
3001 789 3177 848 ἄλλων
3217 792 3475 871 μοιχεύων
3511 818 3594 871 γυ-

2047 871 2231 938 ναῖκας
2277 872 2366 930 καὶ
2405 872 2562 940 αὐτὸς
2591 876 2676 956 ὑφ’
2731 874 2923 958 ἑτέρων
2972 875 3119 935 τουτὶ
3157 877 3447 948 πέπονθας·
3491 879 3524 951 ἢ
3563 882 3595 941 ἃ

2050 957 2239 1026 ἐποίεις
2261 960 2381 1039 περὶ
2413 960 2506 1028 τὰς
2535 960 2744 1042 έτίρας,
2773 962 2912 1040 λέγω
2943 962 3008 1035 δὴ
3036 964 3280 1045 Φαίδραν
3304 966 3396 1026 καὶ
3421 968 3596 1028 Σθενέ-

2050 1044 2220 1118 ὅοιαν,
2270 1047 2649 1127 μοιχευομένας
2691 1049 2855 1116 αὐτὰς
2888 1052 3078 1128 λέγων,
3120 1052 3318 1120 τούτοις
3359 1053 3595 1132 ἐπλήγης.

2051 1131 2168 1190 ἀντὶ
2207 1139 2327 1207 τοῦ,
2355 1134 2448 1194 καὶ
2492 1135 2644 1204 αὐτὸς
2683 1136 2781 1209 τὴν
2817 1142 3041 1215 γυναῖκα
3090 1139 3488 1223 μεμοίχευσαι]
3529 1163 3663 1201 -1ο

2052 1219 2403 1300 μεμοίχευσαι
2432 1219 2534 1304 γὰρ
2559 1221 2657 1295 τὴν
2686 1233 2927 1303 γυναῖκα.
2959 1237 3053 1285 Br.

2133 1329 2256 1369 1051.
2302 1307 2491 1367 κώνεια
2525 1308 2694 1369 πίνειν
2721 1331 2737 1370 :
2765 1309 2893 1372 Ὅτι
2932 1315 3292 1384 πληθυντικῶς
3321 1303 3472 1393 (εἷπε)
3497 1316 3600 1374 κώ-

2051 1417 2194 1469 νεια,
2228 1394 2381 1454 ἕνεκα
2408 1401 2498 1455 τοῦ
2529 1396 2727 1466 πολλὰς
2751 1391 2906 1458 εἶναι.
2930 1391 2995 1470 ἦν
3019 1398 3076 1459 δὲ
3101 1400 3193 1460 καὶ
3227 1404 3404 1468 ένικῶς
3432 1405 3599 1462 εἰπεῖν.

2054 1480 2198 1561 τάχα
2226 1481 2406 1560 μέντοι
2434 1486 2637 1562 μᾶλλον
2674 1485 2803 1568 πρὸς
2835 1487 2896 1547 τὸ
2923 1487 3044 1568 περὶ
3074 1492 3337 1567 γυναικῶν
3370 1488 3601 1572 ἱστορού-

2055 1591 2227 1646 μενον.
2277 1571 2471 1629 πολλαὶ
2526 1571 2686 1654 (γὰρ)
2734 1573 2830 1646 τὴν
2882 1573 3196 1637 Σθενέὸοιαν
3247 1576 3601 1655 μιμησάμεναι
3625 1604 3664 1644 ιε

2053 1663 2269 1716 πιοῦσαι
2295 1656 2507 1718 κώνειον
2535 1660 2900 1735 ἐτελεύτησαν.
3379 1676 3392 1685 ’

2138 1765 2258 1805 1004.
2303 1754 2412 1814 τοῖς
2460 1746 2557 1825 μὲν
2602 1747 2703 1830 γὰρ
2749 1749 3104 1832 παιδαρίοισιν
3137 1771 3153 1810 t
3200 1749 3266 1811 ‘O
3307 1749 3604 1818 διδάσκαλος

2055 1831 2161 1899 τοῖς
2190 1834 2418 1914 μικροῖς·
2448 1838 2477 1892 ὁ
2504 1836 2560 1894 δὲ
2582 1834 2806 1909 ποιητὴς
2831 1839 2938 1906 τοῖς
2963 1837 3156 1910 ἡὸῶσι.

2139 1938 2258 1979 1050.
2305 1919 2417 1979 ἀντὶ
2446 1927 2539 1980 τοῦ
2560 1922 2816 2003 χρήσιμα.
2845 1938 2902 1984 R.

2142 2027 2266 2069 1057.
2312 2009 2405 2067 καὶ
2432 2012 2766 2092 Παρνασσῶν
2799 2031 2813 2072 :
2842 2003 2969 2074 Οἶον
3007 2012 3223 2096 ῥήματα
3261 2011 3409 2095 ὄρεσι
3440 2036 3604 2094 παρα-
3625 2046 3668 2085 w
3765 2048 3768 2057 ·

2058 2092 2281 2165 πλήσια.
2308 2099 2336 2154 ὁ
2365 2094 2420 2154 δὲ
2449 2097 2793 2168 Λυκαὸηττὸς
2821 2098 2936 2181 ὄρος
2963 2104 3057 2173 τῆς
3082 2100 3339 2171 Ἀττικῆς,
3364 2103 3607 2181 Παρνασ-

2061 2181 2147 2249 σὸς
2183 2180 2239 2240 δὲ
2280 2183 2542 2252 Φωκίδος.
2573 2184 2637 2265 [ἢ
2672 2185 2733 2244 τὸ
2755 2187 3130 2259 Λυκαὸηττοὺς
3168 2188 3260 2246 καὶ
3288 2190 3606 2269 Παρνασσῶν

2064 2269 2258 2347 μεγέθη
2299 2271 2563 2350 Αἰσχύλος
2590 2272 2645 2331 ἔν
2674 2297 2775 2331 τινι
2799 2278 2906 2333 τῶν
2941 2277 3101 2333 αὑτοῦ
3126 2274 3382 2348 πεποίηκε
3413 2273 3609 2357 δραμά-

2061 2380 2185 2418 των.
2215 2356 2325 2417 ἔστι
2354 2357 2408 2417 δὲ
2438 2359 2783 2432 Λυκαὸηττὸς
2811 2360 2930 2442 ὄρος
2961 2361 3295 2443 Ἀθηναίων]

2146 2465 2267 2506 1000.
2313 2446 2645 2528 συμμέτρως.
2679 2460 2736 2507 R.
2768 2448 3007 2530 μετρίως.
3037 2460 3096 2505 V.

2146 2552 2265 2593 105⁹.
2312 2536 2560 2612 (γνωμῶν
2588 2535 2679 2594 καὶ
2707 2537 2945 2597 διανοιῶν
2974 2557 2988 2598 z
3018 2535 3356 2616 Σημειωτέον
3384 2536 3469 2597 ὅτι
3497 2535 3612 2617 πρὸς

2063 2619 2271 2699 γενικὴν
2307 2620 2457 2690 ἔταξε
2482 2621 2545 2680 τὸ
2568 2621 2700 2701 ἴσα.)

2149 2728 2269 2769 1000.
2316 2708 2770 2791 ἀξιοπιστοτέροις.
2799 2721 2859 2770 R.

2149 2815 2268 2855 10⁰2.
2312 2794 2348 2853 ἃ
2398 2796 2519 2875 ’μου
2559 2801 2805 2878 χρηστῶς
2850 2818 2865 2858 ε
2916 2795 3026 2880 [Τὸ
3064 2797 3236 2875 λέγειν
3284 2796 3408 2866 τοὺς
3454 2797 3614 2880 ἥρωας

2069 2882 2230 2961 μείζω
2259 2882 2507 2964 ῥήματα,
2534 2885 2627 2944 καὶ
2667 2886 2794 2966 πρὸς
2837 2884 2932 2952 τὰς
2962 2885 3216 2964 μεγίστας
3263 2885 3494 2954 διανοίας
3534 2888 3613 2946 καὶ
3634 2914 3674 2953 ³⁰

2068 2968 2185 3037 τοὺς
2210 2969 2395 3049 λόγους
2429 2972 2692 3038 τοιούτους
2730 2971 3036 3054 προάγειν]
3081 3008 3159 3017 -
3208 2971 3345 3049 ἅπερ
3395 2973 3612 3055 ῥήματα.

2068 3069 2239 3117 Venet-

2154 3165 2272 3205 1003.
2316 3144 2456 3225 ῥάκι’
2486 3145 2772 3227 ἀμπίσχων
2805 3167 2820 3207 :
2849 3146 2952 3207 Διὰ
2975 3144 3140 3208 Οἰνέα
3161 3146 3254 3206 καὶ
3279 3146 3523 3229 Τήλεφον
3536 3145 3615 3206 καὶ

2070 3232 2188 3302 τοὺς
2215 3232 2420 3307 ἄλλους.

2156 3341 2276 3382 1000.
2320 3319 2741 3402 περιειλλόμενος
2790 3341 2806 3381 :
2849 3319 2987 3382 Ἀντὶ
3048 3326 3140 3380 τοῦ
3192 3321 3537 3403 περιειληθεὶς
3583 3318 3674 3390 ἢκ
3761 3307 3764 3380 ί

2074 3409 2401 3491 συστραφείς.
2432 3409 2621 3468 εἴλλειν
2647 3410 2751 3490 γὰρ
2778 3409 2839 3468 τὸ
2871 3408 3193 3490 συστρέφειν.

2156 3518 2277 3558 1007.
2320 3496 2489 3557 οὔλων
2524 3496 2675 3578 ἐρίων
2711 3518 2726 3557 :
2758 3496 2828 3557 ‘0
2872 3495 3119 3564 Διόνυσός
3144 3518 3327 3577 φησιν,
3357 3488 3466 3556 οἷον
3493 3496 3615 3555 ὅνδε·

2076 3583 2291 3662 δυμένος
2316 3584 2520 3644 ἔνδοθεν
2562 3583 2714 3729 ἐρίων
2751 3586 2970 3664 χιτῶνα.
2998 3582 3325 3663 περιείληται
3368 3582 3472 3664 γὰρ
3499 3581 3615 3665 ῥάκη

2074 3670 2522 3752 προσποιούμενος
2566 3694 2591 3730 ε
2612 3694 2700 3729 ναι
2740 3669 2914 3740 πένης.
2972 3699 3038 3710 -
3066 3668 3237 3730 λείπει
3266 3669 3329 3728 τὸ
3367 3669 3615 3729 πένεσθαι.

2077 3769 2200 3817 Rav,

2159 3866 2281 3907 1000.
2324 3843 2475 3927 παρὰ
2498 3843 2619 3912 τοὺς
2654 3847 2800 3926 ἰχθῦς
2823 3843 3048 3926 ἀνέκυψε
3074 3864 3090 3906 :
3116 3843 3253 3904 Ἀντί
3278 3849 3374 3904 τοῦ
3400 3842 3542 3925 παρὰ
3561 3839 3619 3901 τὰ

2077 3932 2421 4015 ἰχθυοπώλια.
2452 3931 2513 3992 τὸ
2545 3932 2602 3992 δὲ
2629 3938 2860 3992 τοιοῦτον
2885 3930 3136 3992 Ἀττικόν.
3167 3930 3404 4000 Εὔπολις

3635 3779 3675 3818 40

2344 4118 2587 4181 περιῆλθον
2604 4116 2650 4173 ἐς
2669 4115 2731 4164 τὰ
2743 4114 2951 4179 σκόροδα
2962 4114 3045 4163 καὶ
3063 4114 3124 4163 τὰ
3137 4113 3378 4178 κρόμμυα.

2078 4276 2236 4359 φησὶν
2268 4269 2394 4352 (οὖν)
2420 4274 2500 4333 ὅτι
2526 4273 2871 4354 ἀναφαίνεται
2891 4270 3015 4353 περὶ
3037 4270 3106 4330 τὰ
3148 4271 3476 4353 ἰχθυοπώλια
3509 4272 3621 4346 ἆγο-

2081 4364 2328 4446 ρασείων·
2365 4362 2482 4422 ἀντὶ
2502 4368 2595 4423 τοῦ
2619 4365 2828 4444 τρυφῶν
2857 4360 3174 4443 εὑρίσκεται.
3641 4384 3678 4424 ⁴5

2162 4470 2283 4514 1009.
2332 4449 2655 4529 (στωμυλίαν
2682 4470 2696 4510 :
2720 4447 3038 4527 Σκώμματα
3054 4492 3071 4521 ,
3097 4445 3399 4522 κολακείαν,
3422 4465 3623 4522 πανουρ-

2079 4538 2239 4619 γίαν.)

2166 4647 2291 4688 1071.
2334 4628 2438 4684 τῶν
2487 4622 2778 4705 μεικαρίων
2831 4618 3282 4700 στωμυλλομένων
3340 4640 3356 4681 :
3409 4619 3626 4699 Ἄπειροι

2082 4707 2222 4774 οὗτοι
2247 4711 2543 4784 ἐκκλησίας.
2574 4709 2731 4792 φησὶν
2765 4700 2854 4769 οὖν
2889 4709 2991 4768 ὑπὸ
3023 4706 3309 4790 Εὐριπίδου
3337 4702 3627 4788 διὰτριιφέν-

2080 4826 2174 4870 τας
2195 4800 2284 4861 ἐπὶ
2311 4801 2370 4861 τὸ
2390 4800 2562 4880 λέγειν
2589 4802 2843 4878 ὁρμῆσαι.
2877 4796 3145 4879 παράλους
3168 4791 3223 4854 δὲ
3248 4793 3369 4862 τοὺς
3395 4789 3627 4863 κωπηλά·
3645 4816 3682 4855 ιο

2081 4913 2193 4958 τας.
2225 4887 2477 4970 Πάραλος
2497 4883 2602 4968 γὰρ
2627 4888 2717 4944 καὶ
2749 4882 3054 4963 Σαλαμινία
3077 4879 3306 4962 τριήρεις
3337 4884 3628 4963 εἰρηναρχι-

2083 4977 2191 5040 καί.
2222 4980 2407 5042 κοινῶς
2435 4974 2489 5035 δὲ
2514 4971 2783 5055 παράλους
2810 4969 2926 5040 τοὺς
2961 4974 3021 5030 ἐκ
3044 4973 3148 5030 τῶν
3173 4967 3406 5051 τριήρων
3428 4965 3628 5030 ναύτας.
