3859 5725
365 279 441 330 44

1486 259 1872 322 SCHOLIA
1921 257 2012 318 IN
2062 256 2472 332 EQUITES.

365 430 371 439 ·
445 431 542 472 ³15.
584 405 923 490 χορδεύματα
974 425 989 466 :
1028 405 1190 478 Ἑξῆς
1243 402 1336 463 καὶ
1390 393 1539 469 οὗτος
1579 405 1650 470 ὣς
1689 399 1936 482 μάγειρος
2020 399 2349 476 Ἱππόδαμος
2383 398 2538 480 μόνος
2581 398 2815 459 λείὸεται
2852 399 2943 459 καὶ
2987 405 3232 473 ἡττᾶται.
3278 401 3585 464 διεὸάλλετο

366 496 718 581 ἀποκρίνεται.
744 493 1082 578 χορδεύματα
1106 492 1209 576 γὰρ
1231 491 1323 551 καὶ
1346 489 1535 574 χορδαὶ
1558 491 1840 549 καλοῦνται
1867 485 1938 548 τὰ
2019 488 2122 571 γὰρ
2151 489 2240 549 ἐπὶ
2266 486 2569 569 πολυφαγίᾳ
2594 491 2623 546 6
2644 486 2992 567 Ἱππόδαμος.
3014 492 3085 557 ὣς
3111 480 3200 549 οὗν
3229 495 3319 549 τοῦ
3348 490 3591 558 Κλέωνος

365 586 565 668 ἔντερα.

2020 576 2166 645 ὄντος
2191 574 2623 658 γαστριμάργου,
2665 576 3216 657 παρευδοκιμουμένου
3245 576 3302 638 δὲ
3338 579 3440 639 ὑπὸ
3469 578 3591 640 Ἱπ-

445 693 543 735 31⁶.
589 676 856 752 μοχθηροῦ
890 668 1004 750 βοὸς
1030 689 1046 729 z
1068 665 1383 745 Θανασίμου
1413 665 1449 738 ἢ
1476 668 1733 732 ἀσθενοῦς.
1755 666 1940 745 ἰσχνοῦ
2021 664 2298 743 ποδάμου,
2329 662 2587 744 κέχρηται
2617 668 2685 745 τῇ
2723 665 2993 744 συγκρίσει
3027 664 3433 746 χρησιμώτατα.
3461 671 3592 744 ὁμοῦ

315 780 342 821 5
367 761 458 822 καὶ
479 759 859 838 λεπτοὸύρσου.
885 757 977 817 καὶ
999 762 1152 816 τοῦτο
1179 755 1234 815 δὲ
1267 758 1337 821 ὡς
1369 752 1567 837 βυρσέα
1595 750 1849 813 σκώπτει.

2022 751 2126 834 γὰρ
2151 752 2243 811 καὶ
2277 750 2367 811 τὸν
2400 750 2727 830 Ἱππόδαμον
2765 753 2858 811 καὶ
2896 752 2986 812 τὸν
3025 751 3248 813 Κλέωνα
3291 753 3592 815 διαὸάλλει.
3617 776 3642 815 5

451 867 550 909 317.
591 855 698 915 τοῖς
739 844 1029 926 ἀγροίκοισι
1075 847 1366 923 πανοῦργος
1413 860 1429 901 2
1475 842 1571 906 Εἰς
1623 837 1943 915 ὑποδήματα
2020 876 2104 889 -·—
2132 843 2161 898 6
2187 838 2512 917 Ἱππόδαμος
2538 836 2572 910 ἢ
2602 843 2630 898 6
2660 839 3092 921 Ἀρχεπτόλεμος.
3119 854 3180 901 V.

369 944 479 1005 τοῖς
507 936 683 1002 αὐτοῖς
716 932 809 993 καὶ
836 936 907 999 ὡς
936 930 1032 999 τὰς
1065 929 1262 1013 βύρσας
1289 927 1511 1006 τέμνων.
1543 925 1858 1004 καττύματα
1887 922 1945 984 δὲ

367 1020 437 1083 τὰ
463 1022 603 1104 ἄκρα
627 1021 865 1102 δέρματα
898 1019 991 1079 καὶ
1020 1021 1091 1086 εἰς
1107 1017 1273 1097 μικρὰ
1296 1013 1602 1095 τετμημένα
1617 1060 1633 1088 ,
1658 1014 1694 1074 ἃ
1720 1011 1944 1095 προστί-

369 1116 516 1171 θεται
539 1114 647 1177 τοῖς
674 1106 988 1175 σανδαλίοις.
1008 1111 1162 1166 τοῦτο
1189 1104 1245 1164 δὲ
1269 1096 1413 1163 εἶπεν
1434 1106 1505 1171 ὥς
1532 1102 1661 1184 πρὸς
1689 1100 1904 1161 σκυτέα.

293 1222 345 1263 10
453 1216 552 1258 313.
595 1199 735 1257 δυοῖν
760 1197 985 1276 δοχμαῖν
1016 1215 1031 1256 :
1072 1192 1287 1263 Παίζων
1328 1190 1421 1251 καὶ
1457 1191 1612 1258 αὐτὸς
1646 1186 1948 1256 παλαιστὰς

371 1281 663 1354 ἐξετείνετο.
698 1281 871 1363 δοχμή
896 1281 998 1363 γὰρ
1041 1285 1077 1353 ἡ
1107 1277 1398 1351 παλαιστή.
1477 1276 1698 1344 Ἄλλως.
1723 1274 1814 1335 δύο
1838 1299 1948 1335 πα·-

372 1371 613 1439 λαιστάς.
643 1368 976 1449 ἐκτεινόμενα
1003 1367 1106 1450 γὰρ
1139 1367 1209 1427 τὰ
1241 1364 1400 1446 ἱσχνὰ
1432 1369 1536 1425 τῶν
1560 1365 1832 1447 δερμάτων
1876 1366 1949 1431 εἰς

377 1459 576 1527 πλάτος
599 1457 829 1528 αὔξεται.

460 1567 556 1607 310.
599 1544 744 1625 κάμὲ-
788 1545 930 1605 τοῦτ’
971 1544 1159 1627 ἔδρασε
1210 1565 1227 1605 :
1270 1542 1379 1604 Τὸν
1426 1540 1584 1602 αὗτὸν
1620 1540 1813 1623 τρόπον
1858 1538 1950 1600 καὶ

301 1658 352 1698 15
377 1640 521 1714 ἡμᾶς
548 1633 895 1707 ἐξηπάτηκεν,
919 1633 1057 1692 ὥστε
1084 1630 1509 1709 καταγελάστους
1528 1628 1786 1709 γενέσθαι.

461 1741 560 1783 320.
603 1730 709 1789 τοῖς
731 1720 1011 1799 δημόταισι
1039 1740 1053 1780 :
1078 1716 1313 1789 Διαόολὴ
1337 1721 1442 1776 τῶν
1462 1715 1767 1791 Ἀθηναίων,
1792 1713 1951 1774 εἶκαὶ

384 1811 563 1877 δοῦλος
588 1811 716 1892 παρ’
748 1809 924 1876 αὐτοῖς
950 1812 978 1867 6
1007 1808 1172 1886 δῆμος
1195 1804 1610 1884 ἀπαγγέλλεται.

463 1917 560 1957 321.
598 1899 942 1976 Περγασῆσιν
973 1889 1231 1971 εὈνομα
1256 1892 1447 1970 δήμου.

365 1997 375 2038 3
465 1983 602 2043 ἔνεον
638 1986 690 2041 ἐν
717 1990 833 2049 ταῖς
856 1979 1081 2060 έμὸάσιν
1122 2000 1137 2040 :
1180 1976 1553 2057 Ἔκολύμὸων,
1589 1975 1857 2057 ἑνηχόμην
1896 1978 1951 2036 ἐν

305 2092 360 2134 30
381 2081 490 2139 τοῖς
529 2069 881 2148 ὑποδήμασιν.
917 2067 1142 2146 ἐμὸάδες
1170 2066 1225 2127 δὲ
1254 2066 1547 2148 ἐρρήθησαν
1591 2064 1697 2124 ἀπὸ
1732 2069 1822 2123 τοῦ
1851 2066 1953 2141 ἐμ-

387 2159 584 2221 ὅαίνειν
627 2161 829 2225 αὐταῖς.
859 2156 1226 2235 ἐκτεινομένων
1266 2154 1370 2238 γὰρ
1408 2154 1501 2215 καὶ
1542 2151 1951 2230 πλατυνομένων

386 2250 614 2329 εὐχερῶς
650 2250 753 2304 τῶν
784 2244 1075 2327 δερμάτων,
1110 2242 1420 2321 ἐκολύμὸων
1447 2246 1502 2301 ἐν
1532 2242 1737 2314 αὐτοῖς,
1775 2243 1834 2299 ἐκ
1859 2246 1951 2299 τοῦ

386 2334 577 2481 μὲηκέτι
628 2331 941 2414 ἡρμοσμένα
984 2335 1091 2400 τοῖς
1137 2331 1265 2391 ποσὶ
1310 2336 1415 2391 τῶν
1461 2327 1756 2412 φορούντων
1815 2326 1954 2386 αὐτὰ

383 2446 408 2481 ε
431 2445 539 2482 ναι.

303 2528 359 2567 25
463 2530 560 2570 322.
605 2501 709 2589 ἀρα
732 2509 846 2580 δῆτ’
861 2510 956 2568 οὒκ
984 2508 1075 2567 ἀπ’
1101 2511 1269 2587 ἀρχῆς
1298 2526 1312 2567 :
1335 2505 1404 2568 ‘0
1423 2506 1576 2585 λόγος
1598 2504 1728 2586 πρὸς
1750 2503 1840 2563 τὸν
1856 2506 1954 2563 ἀλ-

380 2597 746 2669 λαντοπώλην.
766 2596 1004 2678 [κορωνὶς
1030 2595 1085 2656 δὲ
1103 2596 1195 2655 καὶ
1231 2594 1451 2662 εἴσθεσις
1470 2599 1632 2675 χοροῦ
1651 2593 1923 2673 προῳδικὴ
1939 2638 1954 2668 ,

382 2683 470 2743 διὰ
490 2683 551 2743 τὸ
565 2684 645 2742 ἀεὶ
664 2682 996 2764 προτίθεσθαι
1010 2687 1103 2755 τῆς
1124 2683 1313 2753 διπλῆς
1328 2726 1344 2754 ,
1360 2683 1420 2739 ἐκ
1440 2682 1626 2739 κώλων
1644 2678 1735 2739 καὶ
1756 2679 1955 2760 στίχων

381 2776 898 2858 πολυσχηματίστων
928 2774 1153 2836 δώδεκα.
1191 2766 1264 2834 ὦν
1306 2772 1374 2832 τὰ
1400 2778 1588 2853 πρῶτα
1628 2772 1748 2854 τρία
1777 2797 1956 2833 παιω-

380 2865 502 2925 νικὰ
527 2865 749 2947 δίμετρα
774 2863 1150 2937 ἀκατάληκτα,
1179 2862 1213 2921 ἃ
1240 2863 1482 2921 καλεῖται
1504 2860 1734 2943 κρητικὰ
1763 2860 1956 2945 δίρρυ-

305 2978 360 3020 3ο
382 2960 508 3034 θμα.
538 2954 600 3015 τὸ
626 2952 682 3013 δὲ
716 2955 760 3012 δ’
795 2951 1075 3033 τροχαϊκὸν
1105 2947 1487 3032 ἑφθημιμερὲς,
1515 2948 1544 3008 ὃ
1573 2950 1813 3008 καλεῖται
1843 2953 1954 3010 Εὗ-

386 3041 631 3123 ριπίδειον
661 3039 697 3113 ἢ
745 3040 1012 3114 ληκύθιον.
1048 3036 1118 3098 τὰ
1143 3035 1198 3097 δὲ
1227 3038 1301 3110 ε’,
1330 3038 1401 3107 ς’,
1443 3037 1516 3111 θ’,
1548 3037 1581 3095 ι’
1621 3037 1953 3120 τετράμετρα

384 3127 768 3203 καταληκτικά.
793 3126 861 3187 τὰ
882 3124 936 3187 δὲ
959 3128 1024 3200 ζ’,
1047 3126 1099 3200 η’
1121 3123 1413 3185 δακτυλικὰ
1434 3123 1788 3208 τετράμετρα.
1809 3124 1878 3185 τὰ
1898 3124 1954 3185 δὲ

384 3219 666 3277 τελευταῖα
723 3215 815 3275 δύο
876 3212 1105 3293 ἷαμὸικὰ
1159 3211 1491 3294 τετράμετρα
1554 3211 1956 3286 καταληκτικᾶι,

361 3304 542 3384 ,ὅμοια
570 3313 677 3371 τοῖς
700 3303 834 3379 ἑξῆς.
856 3303 944 3363 ἐπὶ
971 3306 1047 3384 τῷ
1073 3299 1212 3361 τέλει
1240 3300 1508 3381 κορωνίς.]

310 3412 365 3455 35
468 3412 567 3453 82⁶.
610 3398 896 3474 προστατεῖ
921 3410 936 3451 ;
972 3392 1328 3471 Προηγεῖται,
1354 3386 1647 3468 προέστηκε
1665 3431 1684 3465 ,
1715 3410 1960 3469 παρακο-

331 3535 363 3558 ⁷·
385 3480 581 3540 λουθεῖ.
613 3478 940 3545 καθάπτεται
963 3481 1066 3536 τῶν
1095 3474 1329 3559 ρητόρων
1355 3478 1427 3542 ὡς
1447 3476 1693 3534 ἀναιδῶν.

470 3588 571 3631 333.
616 3560 677 3649 [ᾗ
706 3566 769 3627 σὺ
794 3587 809 3629 :
839 3570 1012 3628 Τοῦτο
1034 3564 1162 3646 πρὸς
1188 3563 1279 3623 τὸν
1321 3561 1565 3624 Κλέωνα.
1597 3562 1844 3643 ἀμέλγεις
1870 3563 1957 3637 δὲ,

360 3655 678 3735 ·λαμ6άνεις
721 3652 789 3714 τὰ
826 3655 1000 3732 αὐτῶν
1043 3651 1359 3734 πράγματα.
1400 3655 1555 3710 τοῦτο
1583 3648 1639 3709 δὲ
1667 3649 1816 3735 παρὰ
1860 3651 1957 3724 τὴν

386 3741 564 3816 κοινὴν
595 3740 869 3813 συνήθειαν
899 3739 1151 3822 είρηται.]

305 3850 364 3893 40
468 3829 588 3898 τοὺς
637 3828 932 3911 καρπίμους
961 3848 976 3889 :
1026 3827 1166 3896 Τοὺς
1193 3824 1441 3908 εὐπόρους
1485 3827 1591 3885 τῶν
1639 3823 1795 3894 ξένων
1842 3826 1961 3885 δια-

387 3917 568 3992 σείεις,
595 3915 717 3985 τοὺς
751 3915 1034 3983 πλουσίους
1060 3909 1168 3974 καὶμ
1189 3915 1554 3994 εὐποροῦντας.
1597 3910 1847 3991 ἀμέλγεις
1874 3911 1959 3988 δὲ,

389 4004 663 4088 ἀποδρέπῃ
681 4049 698 4078 ,
726 4001 1053 4076 ἀπανθίζεις,
1083 4010 1278 4083 τρυγᾷς
1304 3999 1397 4060 καὶ
1423 3997 1674 4081 καρπίζῃ.
1724 3999 1866 4068 ἰδίως
1902 3999 1960 4059 δὲ

345 4078 362 4149 f
388 4093 638 4173 ἀμέλγειν
664 4090 876 4172 λέγεται
900 4090 963 4150 τὸ
986 4087 1135 4173 παρὰ
1160 4089 1249 4150 τὸν
1271 4085 1609 4171 προσήκοντα
1642 4086 1825 4168 καιρὸν
1849 4085 1961 4146 ἀώ-

392 4205 508 4265 ρους
529 4179 649 4248 τοὺς
674 4179 906 4263 κάρπους
934 4181 1199 4252 ἀποσπᾶν,
1225 4176 1354 4258 ὅπερ
1377 4180 1426 4235 οἳ
1455 4172 1679 4234 κλέπται
1700 4178 1957 4236 ποιοῦσιν.

310 4288 365 4328 ιο
468 4291 566 4332 337.
610 4273 640 4328 6
666 4268 712 4328 δ’
740 4266 1072 4346 Ἱπποδάμου
1106 4288 1120 4328 :
1165 4257 1338 4332 Οὗτος
1372 4268 1426 4325 ἐν
1456 4267 1560 4325 Πει
1596 4265 1703 4323 αιεῖ
1730 4261 1961 4344 κατῴκει

388 4358 481 4419 καὶ
499 4355 668 4419 οἰκίαν
691 4347 856 4437 εἶχεν,
882 4353 1049 4436 ἥνπερ
1073 4356 1235 4425 ἀνῆκε
1256 4351 1516 4431 δημοσίαν
1534 4287 1683 4411 εἶναι.
1706 4350 1797 4410 καὶ
1819 4355 1961 4432 πρῶ-

389 4468 477 4513 τος
506 4446 659 4513 αὐτὸς
690 4444 780 4504 τὸν
820 4447 1051 4526 Πειραιᾶ
1091 4440 1229 4501 κατὰ
1268 4439 1338 4499 τὰ
1378 4437 1598 4510 Μηδικὰ
1642 4438 1956 4517 συνήγαγεν.

391 4525 455 4607 ἦν
480 4532 536 4593 δὲ
572 4531 856 4606 Ἀθηναίοις
883 4530 1072 4609 τίμιος.
1103 4533 1306 4611 πικρῶς
1345 4519 1434 4588 οὖν
1472 4526 1615 4607 λέγει
1644 4525 1725 4585 ὅτι
1764 4524 1829 4585 σὺ
1863 4526 1959 4605 μὲν

392 4620 597 4690 ἀνάξιος
624 4618 698 4679 ὢν
722 4618 1037 4702 σφετερίζει,
1061 4617 1154 4677 καὶ
1182 4617 1288 4676 ἀπὸ
1325 4615 1540 4675 πάντων
1580 4613 1892 4697 κερδαίνεις,
1930 4619 1961 4674 ὃ

326 4709 452 4771 ωδὲ
484 4707 821 4775 εὐνούστατος
849 4704 923 4766 ὢν
951 4711 1017 4787 τῇ
1045 4705 1196 4765 πόλει
1225 4702 1602 4763 καταλείὸεται
1624 4703 1733 4771 τοῖς
1760 4701 1959 4783 δάκρυ-

398 4821 478 4857 σιν
505 4796 725 4865 ἀναξίως
751 4798 885 4876 δρῶν
914 4817 973 4853 σε
999 4793 1068 4853 τὰ
1097 4799 1191 4865 τῆς
1217 4791 1419 4859 πόλεως
1446 4789 1832 4872 καρπούμενον.
1863 4791 1959 4849 λυ-

393 4890 599 4958 πεῖται,
621 4883 796 4967 φησὶν,
825 4886 854 4940 6
875 4883 928 4943 'A
936 4879 1305 4963 ρχεπτόλεμος.
1330 4872 1476 4946 οὗτος
1496 4877 1599 4960 γὰρ
1620 4876 1795 4938 πολλὰ
1822 4877 1961 4959 ὠφέ-

394 4977 524 5048 λησε
551 4971 648 5046 τὴν
676 4970 849 5031 πόλιν.
882 4969 975 5030 καὶ
1002 4973 1050 5029 οἱ
1080 4968 1173 5046 μὲν
1205 4967 1364 5028 αὐτόν
1387 4989 1517 5049 φασι
1545 4966 1791 5049 Θούριον,
1822 4969 1871 5026 οῖ
1900 4965 1959 5026 δὲ

395 5062 619 5142 Σάμιον,
630 5062 678 5120 οἱ
691 5059 745 5120 δὲ
757 5057 1037 5130 Μιλήσιον.
1055 5055 1293 5124 Κλέωνος
1304 5055 1360 5115 δὲ
1369 5054 1551 5138 ἐχθρὸς
1558 5047 1645 5127 ἦν.
1728 5053 1950 5124 Ἄλλως.

2107 947 2203 989 333.
2265 930 2319 987 ἐν
2365 926 2657 987 ἐπεισθέσει
2702 930 2853 987 κῶλα
2903 929 2952 1009 β’
3006 928 3299 989 δακτυλικὰ
3341 928 3598 1011 δίμετρα,

2028 1014 2395 1088 ἀκατάληκτον
2423 1013 2483 1074 τὸ
2511 1014 2574 1088 ά,
2600 1015 2663 1075 τὸ
2686 1014 2743 1075 δὲ
2767 1016 2818 1096 β’
2846 1017 3249 1089 καταληκτικόν.
3274 1029 3336 1076 V.
3366 1052 3448 1064 —
3467 1017 3600 1100 ἀνὴρ
3676 1018 3681 1023 ’
3776 1022 3777 1037 ³

2030 1102 2198 1184 ἕτερος
2231 1125 2247 1165 :
2275 1103 2344 1165 Ὁ
2375 1102 2804 1176 ἀλλαντοπώλης.
2834 1139 2914 1150 -
2936 1103 3101 1187 ἐφάνη
3140 1127 3156 1168 :
3192 1104 3407 1188 εὑρέθη,
3429 1129 3602 1166 κατα-

2030 1191 2195 1273 φανὴς
2223 1191 2446 1266 ἐγένετο.
2490 1203 2542 1252 V.
2576 1204 2707 1252 Vici.
3630 1214 3675 1254 10

2109 1299 2205 1339 330.
2249 1278 2304 1347 ὅς
2331 1304 2390 1340 σε
2429 1279 2624 1341 παύσει
2655 1302 2671 1342 :
2703 1279 3056 1343 Καταπαύσει
3083 1306 3175 1356 σε,
3204 1281 3607 1364 παρευδοκιμή-

2031 1390 2130 1426 σει.
2158 1366 2411 1448 πάρεστιν
2439 1366 2594 1447 ἐγγὺς
2620 1358 2768 1435 οὗτος
2796 1367 2888 1427 καὶ
2914 1369 3138 1442 πλησίον
3157 1369 3250 1428 καὶ
3273 1371 3368 1429 οὔκ
3401 1372 3474 1437 εἷς
3503 1394 3610 1449 μα-

2032 1454 2183 1537 κράν.
2265 1455 2485 1524 Ἄλλως.
2503 1454 2792 1537 ὖπερὸαλεῖ
2812 1478 2871 1515 σε
2885 1502 2904 1534 ,
2923 1458 3381 1538 παραδραμεῖται,
3399 1456 3609 1529 νικήσει

2033 1567 2112 1605 σε.
2145 1543 2238 1604 καὶ
2279 1542 2521 1626 Ὅμηρος
2544 1553 2702 1618 [mad.
2722 1558 2791 1614 A,
2817 1552 2914 1619 132]
2947 1571 2971 1598 α
3009 1544 3125 1604 ἐπεὶ
3161 1547 3221 1604 οὔ
3257 1544 3613 1627 παρελεύσεαι

2036 1629 2156 1691 οὐδέ
2183 1655 2252 1711 με
2279 1630 2496 1701 πείσεις.
2522 1660 2548 1687 υ
3640 1656 3684 1697 15
3776 1644 3777 1683 ἶ

2113 1738 2208 1779 331.
2239 1723 2306 1800 τῇ
2335 1718 2652 1800 κακοτεχνίᾳ
2690 1717 2782 1776 καὶ
2825 1717 3113 1802 θρασύτητι
3140 1718 3233 1778 καὶ
3267 1718 3616 1801 ἀναισχυντία

2034 1806 2126 1865 καὶ
2154 1807 2435 1880 δολιότητι.
2464 1808 2556 1867 καὶ
2587 1811 2616 1866 6
2649 1805 2835 1867 Κλέων
2858 1805 2959 1888 γὰρ
2984 1806 3116 1888 πρὸς
3142 1806 3298 1889 χάριν
3327 1806 3420 1867 καὶ
3445 1809 3617 1866 κολα-

2035 1894 2182 1954 κείαν
2198 1895 2534 1977 ἐδημηγόρει.
2552 1907 2617 1955 V.
2634 1930 2713 1940 —
2724 1893 3146 1973 κοὸαλικεύμασι
3163 1916 3178 1956 :
3194 1899 3290 1977 Τῷ
3308 1895 3616 1955 κολακεύειν

2035 1982 2127 2041 καὶ
2168 1982 2297 2065 πρὸς
2323 1982 2480 2064 χάριν
2522 1983 2858 2063 δημηγορεῖν.
2888 1980 3003 2040 ἐπεὶ
3030 1981 3122 2042 καὶ
3159 1986 3188 2041 6
3230 1982 3415 2043 Κλέων
3445 1982 3617 2044 ἐδόκει

2036 2069 2183 2151 παρὰ
2228 2074 2334 2139 τοῖς
2364 2070 2659 2142 Ἀθηναίοις
2700 2071 2992 2147 εὐδοκιμεῖν
3022 2068 3110 2128 διὰ
3153 2069 3214 2130 τὸ
3253 2071 3383 2151 πρὸς
3422 2070 3619 2143 ἡδονὴν
3644 2095 3693 2133 20

2037 2160 2128 2219 καὶ
2144 2158 2300 2242 χάριν
2325 2162 2662 2242 δημηγορεῖν.
2692 2158 2783 2217 καὶ
2805 2156 2938 2226 ὅλως
2963 2159 3028 2217 δι’
3044 2149 3116 2217 ῶν
3141 2182 3270 2242 φησι
3296 2165 3479 2220 τοῦτον
3511 2184 3622 2219 πα-

2041 2247 2457 2328 ρευδοκιμήσειν,
2485 2247 2573 2306 τὸν
2605 2244 2932 2328 Παφλαγόνα
2950 2292 2966 2320 ,
3001 2244 3089 2304 διὰ
3116 2245 3311 2306 τούτων
3340 2247 3623 2307 &affixa

2036 2333 2126 2392 τὸν
2163 2334 2411 2407 Κλέωνα,
2443 2333 2642 2402 δεικνὺς
2676 2331 2756 2391 ὅτι
2786 2333 2856 2392 τὰ
2881 2338 3097 2392 τοιαῦτα
3128 2333 3303 2393 πάντα
3332 2335 3621 2413 πρόσεστιν

2041 2424 2215 2505 αὐτῷ,
2242 2423 2307 2482 δι’
2334 2415 2408 2482 ὧν
2430 2423 2466 2504 ᾔ
2502 2427 2566 2496 θη
2592 2421 2773 2501 μέγας.
2798 2456 2876 2466 ——
2900 2420 3380 2504 πανουργεύμασιν.
3404 2435 3471 2482 V.

2119 2531 2226 2573 333.
2283 2511 2401 2571 ἀλλ’
2445 2536 2490 2570 ω
2528 2509 2740 2593 τραφεὶς
2775 2530 2790 2570 2
2819 2507 3082 2581 Τοιαύτης
3130 2512 3425 2592 ἀνατροφῆς
3460 2536 3627 2591 μετα·
3652 2532 3702 2570 33

2041 2597 2205 2679 σχὼν,
2228 2598 2464 2659 τουτέστι
2491 2607 2727 2679 πονηρᾶς
2744 2596 2835 2657 καὶ
2862 2601 3047 2668 κακῆς.
3072 2596 3189 2657 ὅθεν
3211 2602 3260 2658 οῖ
3285 2601 3628 2681 ἀνατραφέν-

2043 2708 2126 2754 τες
2165 2686 2344 2768 ἄνδρες
2384 2690 2433 2747 οἱ
2474 2685 2687 2768 ἔξαρχοι
2726 2684 2818 2745 καὶ
2859 2685 3258 2765 πρωτεύοντες,
3306 2689 3353 2744 οἱ
3383 2688 3616 2769 ἀνδρεῖοι

2044 2775 2371 2857 Ὁμηρικῶς.

2121 2885 2221 2926 334.
2264 2863 2325 2924 τὸ
2349 2864 2627 2945 σωφρόνως
2652 2868 2913 2947 τραφῆναι
2942 2884 2958 2924 :
2985 2862 3067 2923 Τὸ
3091 2865 3331 2932 ἐπιεικῶς
3352 2863 3445 2923 καὶ
3474 2866 3631 2944 εὖγε-

2041 2957 2141 3021 νῶς
2187 2956 2574 3034 ἀνατραφῆναι.
2618 2952 2706 3012 τὸν
2748 2949 3161 3024 ἀλλαντοπώλην
3213 2951 3268 3009 δὲ
3308 2951 3631 3030 βουλόμενος
3655 2980 3707 3020 ³⁰

2043 3040 2368 3117 διαὸάλλειν,
2406 3040 2662 3100 δείκνυσιν
2698 3039 2853 3100 αὓτὸν
2885 3043 3125 3120 πονηρῶν
3166 3043 3328 3110 ἠθῶν.
3363 3039 3504 3099 ἀλλὰ
3532 3042 3631 3099 λε-

2040 3129 2274 3202 ληθότως
2295 3129 2360 3189 δι’
2390 3120 2465 3189 ὧν
2488 3128 2610 3209 περὶ
2636 3126 2823 3188 τούτου
2854 3126 2998 3206 λέγει
3026 3126 3261 3197 ὀνειδίζει
3282 3126 3403 3195 τοὺς
3432 3127 3633 3195 ἄλλους

2041 3215 2258 3285 πολίτας
2278 3221 2349 3284 ὡς
2375 3216 2482 3276 ἀπὸ
2505 3218 2608 3276 τῶν
2630 3214 2875 3277 τοιούτων
2900 3214 3233 3296 ὁρμωμένους
3259 3214 3634 3291 ἐπιτηδευμά-

2041 3328 2144 3362 των
2172 3302 2263 3364 καὶ
2292 3305 2714 3381 εὐδοκιμοῦντας.
2741 3336 2821 3348 -
2867 3304 2938 3370 ὡς
2964 3301 3113 3360 οὐδὲν
3135 3300 3280 3381 λέγει
3324 3321 3340 3362 :
3392 3301 3634 3370 Οὐδενός

2044 3394 2182 3451 ἐστιν
2210 3391 2368 3463 ἀξιον,
2394 3390 2541 3450 οὐδὲν
2568 3389 2726 3450 πλέον
2753 3389 2914 3469 λέγει.
2950 3400 3081 3449 Πει.
3661 3419 3717 3460 ³⁶

2123 3499 2222 3540 335.
2270 3480 2388 3558 [καὶ
2416 3478 2523 3557 μὴν
2547 3477 2793 3538 ἀκούσαθ’
2816 3468 2957 3546 οἷοςε
2988 3476 3233 3545 Είσθεσις
3251 3478 3442 3549 διπλῆς
3469 3480 3638 3556 ἀμοι-

2043 3566 2198 3633 ὅαίας
2226 3568 2286 3626 ἐκ
2315 3565 2512 3646 στίχων
2540 3564 2803 3645 ἰαμὸικῶν
2825 3562 3194 3647 τετραμέτρων
3220 3567 3636 3640 καταληκτικῶν

2042 3653 2151 3715 λ6’.
2181 3646 2256 3714 ὧν
2283 3654 2584 3722 τελευταῖος

2183 3787 2242 3846 νὴ
2267 3787 2349 3837 τὸν
2367 3786 2612 3848 Ποσειδῶ,
2638 3784 2768 3852 κάμὶ
2778 3785 2870 3852 γὰρ
2890 3786 3034 3852 ἤνπερ
3054 3803 3112 3850 γε
3128 3791 3294 3839 τοῦτον
3314 3787 3479 3853 ἕλκῃς.

2042 3910 2132 3970 ἰπὶ
2155 3913 2233 3993 τῷ
2259 3909 2399 3970 τέλει
2427 3911 2587 3984 διπλῆ
2611 3909 2713 3981 ἔξω
2738 3917 3028 3971 νενευκυῖα.
3049 3909 3165 3982 ἑξῆς
3192 3908 3247 3969 δὲ
3271 3908 3474 3970 τούτων
3492 3913 3638 3992 ἶαμ-
3665 3937 3732 3981 ω

2044 3997 2172 4059 Gon&
2201 3998 2421 4080 δίμετρα
2449 3998 2795 4071 ἀκατάληκτα
2828 3999 2918 4073 ιε’,
2941 3997 3081 4070 πλὴν
3102 4004 3197 4058 τοῦ
3231 3998 3639 4080 παρατελεύτου

2046 4087 2369 4171 μονομέτρου
2391 4087 2535 4154 ὄντος
2556 4086 2758 4146 καὶτοῦ
2785 4085 3087 4146 τελευταίου
3110 4085 3356 4167 διμέτρου
3377 4089 3642 4163 καταλη-

2044 4181 2244 4236 κτικοῦ.
2271 4174 2359 4235 ἐπὶ
2383 4179 2460 4255 τῷ
2485 4172 2625 4234 τέλει
2652 4175 2814 4247 διπλῆ
2842 4173 2943 4244 ἔξω
2964 4174 3283 4254 νενευκυῖα.]

2123 4283 2224 4325 333.
2268 4265 2366 4324 οὐκ
2404 4255 2472 4323 αὗ
2507 4263 2565 4341 μ’
2591 4263 2762 4332 ἐάσεις
2789 4284 2805 4324 t
2832 4265 2949 4324 Οὔκ
2976 4264 3298 4345 ἐπιτρέψεις,
3324 4265 3383 4322 οὗ
3421 4287 3644 4347 συγχω-

2047 4350 2219 4433 ρήσεις
2243 4375 2352 4430 μοι.
2382 4354 2412 4410 6
2439 4350 2495 4410 δὲ
2526 4350 2712 4411 Κλέων
2739 4350 2881 4410 ἐστὶν
2902 4354 2931 4410 6
2958 4349 3126 4429 λέγων
3143 4350 3274 4432 πρὸς
3297 4351 3389 4412 τὸν
3418 4354 3641 4414 ἀλλαν-
3670 4381 3737 4424 415

2044 4437 2307 4512 τοπώλην.
2338 4438 2690 4517 ἐπιστομίζειν
2732 4436 2836 4520 γὰρ
2880 4437 3036 4498 αὐτὸν
3078 4440 3269 4505 ἐκεῖνος
3313 4440 3645 4520 βουλόμενος

2043 4524 2202 4607 λέγει.

2125 4635 2224 4676 340.
2268 4617 2325 4675 οὐ
2348 4613 2575 4696 παρήσω
2612 4635 2627 4675 t
2656 4615 2739 4675 Οὔ
2762 4612 3162 4696 παραχωρήσω.
3196 4614 3328 4696 πρὸς
3351 4613 3409 4674 δὲ
3440 4615 3503 4676 τὸ
3533 4619 3646 4677 οὐκ

2045 4701 2243 4777 ἐάσεις,
2273 4706 2333 4762 οὗ
2372 4702 2600 4783 παρήσω
2628 4703 2792 4762 εἰπεῖν
2819 4706 3053 4783 πρῶτον,
3087 4701 3344 4775 δηλονότι.
3386 4704 3643 4785 ἀμεριὸό-

2044 4793 2147 4858 λως
2170 4791 2227 4851 δὲ
2255 4782 2389 4852 εἶπε.
2422 4790 2592 4870 λέγων
2623 4789 2746 4872 γὰρ,
2775 4793 2871 4850 οὐκ
2900 4789 2962 4850 ἂν
2995 4788 3192 4872 πρώτῳ
3212 4790 3384 4871 λέγειν
3417 4793 3650 4875 ἐπιτρέ-
3678 4825 3749 4866 50

2044 4878 2206 4959 ψαιμί
2234 4901 2343 4953 σοι,
2387 4877 2555 4947 ἔδοξεν
2597 4877 2948 4961 εὐφημότερον
2988 4875 3371 4957 ἀποκρίνασθαι
3406 4878 3544 4959 πρὸς
3577 4882 3651 4941 τὸ

2045 4968 2132 5024 ὑπ’
2156 4966 2351 5026 ἐκείνου
2382 4964 2537 5048 ῥηθὲν
2567 4963 3011 5046 διαρραγήσομαι.
3041 4964 3255 5047 [διόπερ
3279 4964 3393 5037 ἑξῆς
3417 4970 3447 5026 6
3473 4969 3652 5050 χορὸς

2046 5052 2387 5136 ἀπεκρίνατο,
2414 5053 2577 5136 πάρες
2599 5053 2728 5135 πρὸς
2753 5056 2857 5114 τῶν
2880 5056 3010 5113 θεῶν
3038 5054 3430 5136 διαρραγῆναι.]
