3859 5725
1448 282 2452 348 THESMOPHORIAZUSARUM.
2551 253 2566 260 ’

367 428 527 487 Com.
572 445 627 503 p.
669 429 805 495 488,
850 427 1142 499 verbaque
1187 371 1284 478 hic
1328 418 1597 497 apposita
1628 418 1690 476 in
1719 429 1893 476 tetra-

364 528 614 573 metrum
644 513 883 589 redigit,

488 591 624 671 ἦσαν
646 598 914 682 ἄνθρωποι
939 594 995 655 δὲ
1016 596 1174 658 πέντε
1198 595 1291 657 καὶ
1307 603 1549 675 γυναῖκες
1571 593 1836 673 τέτταρες.

1727 697 1756 729 τ

446 751 585 823 688,
622 749 694 819 45
723 750 1018 810 literarum
1051 749 1277 825 aliquot
1306 748 1505 805 formae
1526 769 1563 804 α
1594 787 1609 802 .
1636 746 1765 822 ,ηβο
1788 762 1899 819 ap-

369 850 580 916 parent
603 838 662 895 in
699 836 919 895 codice.
964 836 1204 894 Rectius
1228 836 1302 893 de
1340 835 1456 893 hoc
1496 834 1628 891 loco
1678 829 1903 889 tradere

368 927 736 984 scholiastam
785 925 1032 983 Acharn.
1084 925 1198 982 330
1257 925 1484 982 monuit
1530 919 1897 981 FritzschiuS.

368 1013 530 1074 Idem
554 1027 612 1072 et
639 1012 1025 1074 Schneiderus
1050 1033 1110 1091 p.
1142 1015 1179 1071 8
1209 1012 1508 1090 corrigunt
1530 1009 1567 1068 Ι.
1593 1009 1669 1067 50
1706 1010 1760 1067 ἐν
1791 1013 1906 1071 ταῖς

372 1101 696 1182 μασχάλαις.
735 1135 810 1147 -
852 1101 920 1160 51
978 1113 1137 1162 recte
1176 1101 1328 1181 apud
1382 1100 1704 1161 Bekkerum
1751 1116 1906 1153 κατε-

370 1212 385 1222 ·
410 1213 601 1250 ουσων.

371 1214 412 1270 Ι.
452 1278 568 1354 693
596 1281 726 1337 Put.
764 1274 979 1335 ἐπὶτῶν
1007 1277 1212 1358 μηρίων
1233 1301 1248 1339 :
1274 1276 1390 1338 ἀντὶ
1411 1280 1504 1336 τοῦ
1527 1271 1616 1334 ἰπὶ
1633 1275 1739 1333 τῶν
1768 1275 1821 1352 β.
1844 1303 1908 1317 -

368 1370 602 1441 κεῖσθαι,
627 1387 744 1424 non
773 1368 1103 1426 ἀποκεῖσθαι.

450 1454 591 1531 697,
632 1477 655 1512 1
685 1451 1472 1536 Ἀριστοφάνους-Θουκυδίδου
1498 1450 1702 1510 codex.

454 1562 590 1616 700.
643 1544 733 1601 Ad
778 1544 935 1602 hunc
979 1563 1213 1603 versum
1265 1542 1410 1604 mire
1458 1551 1702 1598 annotat
1749 1542 1906 1606 Put.,

369 1628 538 1697 οὕτως
581 1629 794 1702 ἐνόησεν
839 1629 1112 1711 Ἀνδρέας,
1154 1630 1299 1690 nihil
1339 1630 1606 1708 amplius.
1634 1625 1804 1686 Conf.
1833 1623 1905 1681 ad

373 1719 554 1777 schol.
592 1719 828 1795 Lysistr.
863 1719 1033 1791 1087.

457 1828 572 1880 710
598 1821 786 1886 poetae
812 1808 1069 1867 Cobetus
1090 1807 1384 1883 eleganter
1411 1804 1667 1865 restituit
1686 1801 1831 1874 ἥκεις
1856 1799 1909 1877 γ’

373 1892 490 1953 ὅθεν
514 1898 608 1954 οὐκ
640 1894 761 1965 ἔξει.
796 1896 968 1968 Quod
1004 1895 1142 1973 legit
1165 1895 1265 1974 qui
1298 1895 1526 1953 tertiam
1552 1896 1911 1970 interpreta-

376 1985 591 2043 tionem
632 1986 883 2063 scripsit.
927 1991 1013 2043 De
1054 1985 1246 2062 prima
1271 1983 1414 2063 quid
1442 1981 1807 2042 statuendum
1837 1979 1911 2040 sit

376 2071 707 2148 ambiguum
729 2086 833 2131 est.
858 2072 970 2131 Sed
998 2073 1120 2130 fieri
1152 2084 1343 2150 potest
1367 2084 1432 2130 ut
1448 2069 1599 2143 ἥκεις
1620 2068 1738 2128 ὅθεν
1765 2066 1910 2140 ἥκεις

379 2161 602 2238 legerit,
628 2160 789 2237 quod
814 2160 1222 2239 percommode
1259 2161 1605 2239 explicatur,
1629 2179 1703 2215 ex
1739 2163 1908 2214 inau-

377 2259 586 2324 spicato
615 2254 728 2306 loco
753 2256 969 2307 venisti.
990 2286 1052 2299 -
1086 2250 1120 2307 5
1157 2250 1342 2308 codex
1383 2254 1412 2309 ὁ
1452 2245 1774 2327 συμξιαχῶν.
1799 2245 1911 2321 Qui

379 2340 584 2416 legisse
633 2340 879 2413 videtur,
926 2353 992 2398 ut
1038 2339 1310 2399 observat
1360 2339 1727 2412 Fritzschius,
1767 2334 1912 2407 ἥκεις

379 2425 493 2487 ὅθεν
522 2426 668 2500 ἥκεις
689 2426 927 2510 φαύλως,
953 2428 1184 2512 ἀποδράς
1209 2429 1358 2491 τ’-.

462 2521 576 2591 706
620 2517 751 2577 Put.
793 2518 955 2578 τάσδε
990 2517 1087 2597 μὲν
1114 2542 1128 2578 :
1157 2518 1318 2597 ἤγουν
1349 2523 1492 2596 ἡμᾶς
1522 2515 1616 2585 τὰς
1636 2524 1904 2596 γυναῖκας.

459 2625 577 2681 709
601 2605 754 2678 idem
782 2604 1074 2682 ἡμίκαυτον
1099 2606 1357 2687 ἄνθρακα.

461 2695 596 2769 730,
647 2702 712 2762 14
745 2706 879 2773 post
914 2697 987 2762 ὡς
1023 2693 1259 2754 obscuri
1293 2695 1590 2754 literarum
1614 2694 1823 2753 ductus
1850 2692 1911 2750 in

377 2784 607 2854 codice,
635 2784 736 2863 qui
765 2783 1012 2862 σημαίνει
1048 2785 1243 2864 potius
1276 2784 1603 2862 significare
1644 2782 1913 2841 videntur

378 2895 552 2952 quam
601 2873 761 2952 quod
819 2894 993 2934 sensu
1050 2877 1382 2955 postulante
1445 2875 1617 2954 posui
1679 2870 1906 2931 παιδίον.

379 2968 559 3021 Dum.
579 2999 643 3011 -
669 2963 735 3019 ι5
756 2960 868 3040 ἔχει
891 2968 925 3035 ἡ
952 2966 1086 3021 ἀσκο
1114 2964 1314 3022 codex.

463 3052 600 3124 746,
634 3057 705 3117 04
731 3054 823 3107 τοῦ
846 3070 960 3108 om.
984 3051 1189 3109 codex.

465 3152 602 3214 747,
633 3159 700 3209 27
735 3151 869 3216 post
914 3137 1129 3221 Σκίροις
1165 3139 1255 3198 vel
1294 3141 1355 3197 in
1380 3138 1593 3197 vicinia
1621 3139 1790 3217 plura
1813 3158 1918 3197 ex-

379 3228 587 3287 cidisse
636 3226 942 3285 videntur:
973 3248 1091 3305 quo
1135 3229 1200 3285 fit
1240 3242 1307 3286 ut
1358 3228 1653 3305 sequentia
1683 3247 1917 3306 quoque

382 3318 443 3375 in
472 3320 762 3393 integrum
790 3318 1016 3376 restitui
1048 3331 1352 3395 nequeant.
1385 3323 1562 3377 Dum.
1582 3354 1647 3369 -
1667 3320 1736 3375 31
1781 3315 1918 3377 κατὰ

381 3404 470 3465 τὸν
498 3403 887 3464 Schneiderus
907 3428 964 3485 p.
991 3408 1042 3465 5.
1069 3407 1267 3466 Codex
1293 3406 1382 3465 καὶ
1410 3405 1519 3466 τὸν.

465 3494 575 3565 754
599 3539 614 3566 ,
664 3495 735 3554 33
786 3496 981 3554 malim
1032 3493 1256 3574 αἵματος
1309 3493 1564 3569 δεκτικὸν,
1615 3509 1679 3554 ut
1725 3508 1813 3554 est
1856 3495 1915 3554 in

389 3581 563 3643 schol.
620 3583 855 3658 Lysistr.
921 3603 1023 3641 101
1041 3605 1064 3641 1
1085 3628 1101 3657 ,
1155 3583 1372 3664 πλέγμα
1437 3581 1671 3643 δεκτικὸν
1724 3582 1915 3665 ἄρτων.

382 3674 645 3730 Βιιω.-
669 3672 739 3739 34
777 3671 982 3748 OdysS.
1011 3672 1075 3744 Γ,
1110 3681 1242 3742 444.

466 3760 580 3830 760
608 3762 741 3818 Put.'
769 3759 937 3838 μίκκα
966 3757 1083 3819 ἀντὶ
1104 3764 1197 3818 τοῦ
1228 3758 1413 3839 μικρά.
1447 3764 1522 3819 Et
1552 3759 1627 3819 ad
1659 3761 1796 3834 761,
1832 3758 1920 3829 ἒξ-

381 3844 653 3926 ῃρήσατο,
686 3845 976 3927 ἐφόνευσεν.
1003 3848 1094 3906 Ad
1127 3868 1240 3922 770
1263 3847 1515 3928 (πλάτας)
1545 3846 1746 3916 κώπας.

468 3954 601 4005 771,
635 3934 709 4002 46
751 3925 905 3993 αὗται
946 3939 1255 3997 Bekkerus.
1283 3938 1484 3996 Codex
1512 3939 1736 4005 ἑαυταῖς.
1757 3972 1820 3987 -
1842 3938 1911 3996 51

382 4028 686 4102 περιπεσεῖν
717 4021 924 4079 Suidas
950 4042 995 4080 s.
1023 4022 1374 4100 Παλαμήδης.

469 4130 500 4182 7
511 4112 581 4183 73
592 4152 608 4180 ,
627 4109 698 4167 53
711 4108 998 4187 ἀγάλλεται
1011 4111 1322 4183 Bekkerus,
1332 4110 1922 4193 utSuidassJ'lt-faxgm

387 4211 444 4256 et
470 4198 568 4256 alii
596 4198 972 4276 grammatici.
1003 4197 1199 4257 Codex
1226 4196 1291 4257 ἂν
1317 4198 1559 4276 λέγηται.

469 4289 607 4363 804,
639 4286 823 4357 15-17
851 4285 926 4345 ab
954 4287 1227 4363 imperito
1251 4287 1484 4346 homine
1512 4288 1795 4364 profecta,
1819 4290 1919 4367 qui

386 4389 446 4433 et
473 4376 527 4433 ἰν
559 4371 750 4454 Θρᾴκῃ
784 4393 901 4432 11011
931 4375 1055 4432 sine
1085 4373 1234 4433 foedo
1265 4377 1497 4452 scripsit
1538 4396 1733 4435 errore
1763 4390 1822 4436 et
1848 4378 1922 4436 de

387 4460 703 4519 certissima
730 4479 793 4517 re
823 4461 1018 4537 inepte
1043 4460 1347 4521 dubitavit.
1372 4468 1418 4522 F
1423 4484 1680 4523 airzscn.

470 4550 616 4621 808,
647 4549 722 4605 03
755 4544 876 4628 περὶ
907 4552 999 4606 τοῦ
1028 4550 1399 4630 ἐπιλαγχάνειν
1432 4573 1557 4629 sqq.
1599 4553 1923 4630 explicatur

384 4637 462 4697 ab
494 4637 949 4714 Harpocratione
981 4657 1026 4696 s.
1052 4636 1382 4718 Ἐπιλαχών.
1402 4643 1491 4697 De
1518 4641 1767 4700 Platonis
1789 4642 1921 4702 loco

388 4748 445 4784 v.
471 4725 721 4784 Meinek.
747 4730 794 4797 1,
830 4746 887 4803 p.
919 4728 1033 4798 670
1061 4747 1147 4804 sq.
1172 4740 1230 4785 et
1257 4727 1458 4786 Cobet.
1482 4728 1653 4789 Obss.
1680 4729 1742 4788 in
1776 4730 1917 4790 Plat.

388 4834 537 4874 com.
562 4835 618 4893 p.
657 4814 864 4871 136-8.
883 4852 941 4865 -
967 4815 1041 4872 25
1072 4814 1206 4895 ἀτὰρ
1235 4816 1294 4874 οὗ
1327 4816 1622 4874 Hanovius
1649 4819 1920 4877 Exercitt.

389 4904 518 4961 crit.
543 4904 593 4972 1,
616 4922 676 4981 p.
706 4904 801 4980 93.
822 4903 1019 4962 Codex
1045 4902 1243 4984 άγαρου
1268 4902 1484 4962 habere
1512 4903 1824 4962 videmn-
1846 4909 1920 4965 26

388 4994 502 5058 πῶς
534 4981 624 5050 οὖν
653 4988 718 5063 ἢν
745 4991 945 5051 codex.
978 4981 1066 5051 οὗν
1091 4992 1307 5051 delevit
1327 4992 1632 5051 Bekkerus.
1649 5034 1710 5045 -
1736 5012 1807 5066 07
1839 4995 1922 5052 la-

389 5100 596 5140 cunam
666 5079 947 5142 indicavit
1003 5081 1353 5142 Dindorfius.
1414 5078 1639 5159 μηδέπω
1692 5082 1925 5162 scripsit

3414 293 3518 346 511

1993 414 2216 493 proban
2225 426 2280 472 te
2322 413 2609 474 Meinekio
2646 412 3021 473 Fritzschius.
3040 449 3104 463 -
3119 414 3193 472 08
3219 412 3284 487 δὴ
3309 414 3531 474 Bekke-

1993 525 2108 563 rus.
2129 503 2326 562 Codex
2353 499 2449 579 μὴ.
2466 537 2529 549 -
2551 521 2627 578 09
2652 501 2779 560 dele
2821 502 3239 580 parentheseos
3267 503 3447 581 signa.
3468 538 3531 550 —

1991 593 2065 651 30
2093 590 2265 650 habet
2288 596 2413 649 Put.

2070 681 2215 749 811,
2256 680 2329 736 30
2373 677 2633 735 lacunam
2669 679 2898 735 notavit
2938 676 3321 736 Schneiderus
3360 697 3417 755 p.
3464 679 3530 749 8,

1991 767 2127 827 οὕτω
2163 764 2263 846 γὰρ
2302 763 2517 825 εἰώθασι
2554 764 2645 823 vel
2685 764 2969 842 ejusmodi
3008 765 3227 843 aliquid
3254 764 3534 824 excidisse

1992 868 2274 915 statuenS.
2291 891 2354 903 —
2373 855 2449 911 33
2480 852 2662 918 ἁπλῶς
2687 852 3017 924 πεντήκοντα
3040 854 3211 913 idem.

2073 943 2188 1000 825
2221 947 2351 1002 Put.
2383 939 2544 1019 ἤγουν
2568 944 2597 999 ὃ
2618 939 2746 1019 (sic)
2777 938 2956 1018 κάμαξ
2985 939 3079 1000 σὺν
3108 943 3254 1022 αὐτῷ
3277 943 3354 1022 τῷ
3380 938 3530 1022 ξίφει.

2078 1032 2215 1103 808,
2248 1040 2317 1099 41
2360 1030 2514 1089 conf.
2550 1030 2793 1089 Meinek.
2829 1033 2989 1089 Com.
3022 1036 3084 1102 1,
3131 1050 3190 1108 p.
3224 1031 3357 1089 568.
3397 1035 3529 1091 Put.

1994 1122 2049 1180 ἐν
2077 1122 2155 1201 τῷ
2178 1122 2408 1201 στρατῷ.
2435 1119 2597 1177 Idem
2622 1119 2695 1176 ad
2726 1131 3062 1196 sequentem
3086 1138 3317 1178 versum
3333 1164 3351 1193 ,
3371 1117 3545 1196 ἤγουν·

1994 1208 2057 1268 τὸ
2084 1207 2264 1275 σάκος.

2077 1297 2213 1370 834,
2259 1297 2334 1364 48
2377 1297 2467 1354 ἐπὶ
2515 1293 2697 1376 Σκίρῳ
2735 1294 3089 1354 Fritzschius
3127 1313 3199 1353 ex
3240 1292 3533 1371 Stephano

1996 1389 2131 1462 Byz.
2155 1406 2211 1443 v.
2240 1384 2464 1465 Σκίροςε
2497 1384 2669 1466 Σκίρα
2697 1382 2754 1444 δὲ
2782 1383 3070 1457 κέκληται,
3109 1382 3245 1450 τινὲς
3282 1380 3407 1458 μὲν,
3448 1378 3533 1440 ὅτι

1996 1473 2085 1532 ἐπὶ
2124 1472 2306 1554 Σκίρῳ
2352 1472 2597 1545 Ἀθήνησι
2635 1475 2732 1552 (τῇ
2771 1473 2988 1554 Ἀθηνᾷ)
3014 1471 3191 1532 Θύεται
3212 1493 3226 1510 ·
3260 1470 3413 1530 ἄλλοι
3447 1470 3531 1543 δὲ,

1998 1559 2103 1620 ἀπὸ
2125 1564 2232 1620 τῶν
2259 1560 2580 1640 γιγνομένων
2615 1564 2770 1643 ἱερῶν
2798 1561 3073 1641 Δημήτερι
3099 1558 3189 1619 καὶ
3227 1557 3376 1640 Κόρῃ
3395 1581 3409 1595 ·
3439 1556 3532 1618 καὶ

1996 1654 2032 1721 ἡ
2049 1648 2199 1729 ἑορτὴ
2213 1647 2345 1720 αὕτη
2365 1648 2653 1730 Ἐπίσκιρα
2673 1647 3154 1721 κέκληταιῦοάεκ
3167 1653 3235 1708 R.
3255 1650 3534 1726 ἐπισκυρα.

2080 1741 2196 1797 838
2230 1727 2364 1803 εἶδος
2396 1759 2450 1800 κ.
2489 1738 2544 1818 ιδ.
2595 1737 2773 1797 babet
2814 1742 3127 1796 Ριιῑ.-το’ὐ’
3172 1756 3287 1795 om.
3321 1737 3527 1796 codex.

1998 1825 2066 1884 In
2094 1824 2261 1883 libris
2288 1824 2638 1902 quibusdam
2675 1826 2886 1883 lectum
2921 1824 3030 1882 fuit
3060 1823 3311 1895 ὑστάτην.

2082 1914 2218 1985 840,
2251 1912 2324 1969 53
2350 1902 2492 1970 εἶπεν
2527 1913 2731 1972 codex.
2772 1938 2796 1965 ι
2826 1915 3039 1970 Verum
3069 1931 3222 1969 nunc
3256 1909 3397 1968 mihi
3440 1910 3533 1968 vi-

1998 2000 2169 2059 detur
2216 2001 2372 2078 quod
2417 1999 2641 2078 conjeci
2685 1999 2940 2066 πολλάκις
2980 1989 3155 2072 εἶπον,
3201 1998 3360 2076 quod
3413 2019 3534 2056 non

2002 2101 2115 2147 tam
2154 2089 2226 2147 ad
2273 2088 2448 2147 verba
2495 2089 2719 2147 Seleuci
2756 2109 2932 2166 quam
2976 2089 3036 2145 in
3082 2088 3413 2145 universum
3462 2087 3535 2144 ad

2001 2173 2420 2234 dubitationem
2468 2175 2541 2233 de
2596 2188 2780 2235 matre
2835 2174 3192 2253 Hyperboli,
3247 2174 3418 2233 toties
3460 2173 3538 2234 ab

2001 2263 2394 2342 Aristophane
2437 2274 2498 2321 et
2536 2263 2596 2321 in
2648 2262 3058 2342 superstitibus
3099 2275 3159 2321 et
3193 2262 3254 2319 in
3295 2260 3536 2340 perditis

2002 2349 2212 2410 fabulis
2240 2337 2556 2428 exagitati,⁸
2575 2352 2956 2411 referendum.
2984 2351 3261 2410 Similiter
3284 2347 3538 2414 πολλάκις

2002 2428 2148 2499 εἶπον
2180 2439 2400 2498 dictum
2427 2442 2488 2498 in
2517 2440 2697 2499 schol.
2740 2443 2947 2498 Venet.
2975 2443 3153 2517 Vesp.
3194 2440 3373 2510 12813
3400 2439 3540 2495 πολ-

1999 2527 2151 2595 λάκις
2177 2526 2394 2608 εἴπομεν
2431 2530 2492 2588 in
2517 2529 2697 2587 schol.
2726 2534 2874 2588 Ven.
2922 2532 3054 2587 Pac.
3102 2548 3126 2586 1
3146 2529 3247 2600 163
3284 2525 3539 2595 πολλάκις

2002 2617 2287 2701 εἰρήκαμεν
2312 2617 2388 2676 ib.
2419 2628 2552 2696 499,
2587 2619 2774 2694 12953
2807 2616 3059 2683 πολλάκις
3085 2615 3293 2699 εἴρηται
3326 2618 3538 2694 saepius

2002 2706 2063 2765 in
2096 2707 2294 2766 scholl.
2325 2712 2566 2781 Ranar.‚
2599 2720 2708 2765 etc.
2742 2706 2905 2766 Conf.
2930 2704 3012 2764 ad
3043 2706 3223 2766 schol.
3253 2711 3364 2765 Av.
3403 2709 3537 2779 764.

2002 2795 2227 2855 Deinde
2270 2795 2456 2854 codex
2493 2791 2785 2877 προὸἄλλιι
2822 2795 3108 2874 ὁμηρικῶς.
3143 2790 3214 2852 ‘0
3251 2790 3540 2876 Ὁμηρικὸς

2001 2896 2090 2943 est
2110 2883 2403 2957 Seleucus,
2431 2882 2593 2960 cujus
2611 2880 2755 2940 illud
2778 2881 2952 2939 fuisse
2972 2900 3290 2958 cognomen
3317 2894 3542 2940 constat

2002 2991 2076 3030 ex
2130 2969 2311 3029 Suida
2352 2988 2398 3027 s.
2443 2968 2716 3034 Σέλευκος.
2767 2973 2888 3029 Suo
2938 2968 3173 3026 nomine
3218 2967 3544 3045 appellatur

2004 3059 2160 3118 infra
2195 3060 2258 3116 in
2299 3057 2520 3116 scholio
2555 3077 2611 3114 v.
2656 3058 2843 3132 1175,
2883 3055 2978 3114 hic
3014 3075 3156 3114 vero
3199 3056 3544 3132 cognomine

2005 3147 2150 3218 solo,
2180 3159 2247 3205 ut
2271 3146 2425 3224 Apio
2444 3145 2504 3204 in
2532 3144 2709 3202 schol.
2738 3150 2869 3205 Pac.
2902 3146 3037 3218 778.
3064 3148 3248 3203 Dum.
3273 3145 3537 3204 Aliorum

2009 3235 2197 3292 minus
2231 3231 2564 3311 probabiles
2584 3231 2895 3290 sententias
2920 3250 2977 3290 v.
3004 3251 3098 3309 ap.
3128 3230 3539 3290 Schneiderum

2007 3342 2064 3400 p.
2086 3322 2158 3381 55
2175 3341 2349 3399 sq.——
2366 3321 2398 3377 3
2419 3318 2726 3399 Ξενοφάνην
2744 3318 3117 3395 Thucydides
3138 3320 3196 3392 6,
3213 3320 3249 3376 8
3273 3331 3332 3376 et
3358 3318 3538 3379 schol.

2005 3408 2248 3469 Acharn.
2274 3408 2407 3484 069.

2088 3497 2226 3569 848,
2259 3497 2296 3554 8
2325 3493 2468 3554 ἄκων
2490 3492 2592 3575 γὰρ
2623 3493 2831 3552 codex.
2865 3494 3133 3556 Correxit
3153 3493 3422 3553 Dindorf.

2089 3586 2205 3644 850
2235 3584 2466 3643 brevius
2502 3582 2708 3642 Suidas
2738 3601 2783 3640 s.
2821 3580 3154 3649 Κοικύλλεις.

2087 3675 2225 3743 868,
2254 3694 2323 3750 19
2346 3671 2646 3749 legendum
2671 3668 2917 3750 κόρακες,
2941 3666 3073 3729 διότι
3094 3668 3255 3751 μέχρι
3272 3689 3346 3729 ex
3363 3669 3542 3729 Suida

1983 3764 1987 3768 ⁵
2009 3783 2054 3822 8.
2079 3760 2153 3821 Τί
2174 3751 2263 3820 οὗν
2287 3759 2366 3818 ἔτι
2390 3762 2580 3833 ζητῶν.

2089 3852 2225 3925 870,
2247 3870 2321 3908 00
2342 3848 2661 3908 Menander
2678 3846 2835 3924 apud
2858 3844 3000 3904 alios
3020 3834 3154 3903 οἷσθ’
3176 3842 3212 3904 ὅ
3226 3868 3278 3905 τι
3298 3844 3540 3920 ποίησον,

2010 3940 2080 3998 fr.
2108 3939 2224 3997 inc.
2259 3936 2468 4013 298.—
2493 3945 2565 4005 04
2599 3934 2780 3994 verba
2805 3924 2937 3993 οἶσθ’
2961 3924 3051 3993 οὖν
3081 3931 3111 3991 δ
3139 3933 3325 4012 δρᾶσον
3347 3934 3541 4011 legun-

2011 4042 2109 4087 tur
2146 4029 2209 4086 in
2256 4027 2490 4087 Hecuba
2532 4047 2590 4085 v.
2638 4026 2788 4096 005,
2833 4036 2895 4083 et
2937 4024 3000 4082 in
3033 4022 3325 4081 nonnullis
3368 4022 3538 4082 codd.

2010 4114 2280 4194 Gregorii
2308 4117 2440 4171 Cor.
2471 4134 2528 4191 p.
2555 4135 2627 4190 ¹9
2645 4125 2733 4173 est
2763 4113 2850 4171 vel
2878 4112 3009 4193 Εὖρ.
3032 4112 3087 4169 ἐν
3113 4113 3188 4189 τῷ
3220 4109 3540 4192 Πολυδώρου

2012 4201 2242 4284 δράματι
2267 4201 2362 4260 vel
2413 4201 2543 4282 Εὔρ.
2569 4203 2623 4258 ἐν
2656 4199 2926 4279 Πολυξένη
2954 4200 3031 4279 τῷ
3055 4197 3301 4276 δράματι.
3340 4199 3540 4275 ltaque

2011 4307 2111 4353 aut
2138 4291 2446 4370 Euripides
2473 4290 2672 4350 eadem
2706 4292 2902 4370 posuit
2953 4289 3126 4347 etiam
3169 4288 3230 4346 in
3269 4287 3539 4364 Polyido,

2010 4393 2112 4441 aut
2142 4378 2501 4457 grammatici
2538 4377 2791 4436 scribere
2836 4374 3127 4435 debebant
3157 4375 3222 4453 [Ξ]
3253 4375 3539 4456 Εὐριπίδης

2011 4466 2248 4547 (Εκάὸῃ
2271 4465 2364 4525 καὶ
2394 4464 2789 4546 Ἀριστοφάνης)
2811 4458 3080 4543 Πολυίδῳ.
3105 4468 3149 4522 F
3156 4484 3418 4522 nrzscn.

2092 4559 2203 4632 897
2233 4567 2291 4613 et
2319 4555 2435 4630 898
2458 4554 2670 4612 suntin
2699 4558 2903 4612 Put.-—
2923 4552 2994 4619 34
3026 4552 3313 4611 Bekkerns
3333 4551 3538 4610 vitiose

2011 4643 2256 4716 Οἰνηίδος
2286 4642 2563 4700 ediderat.

2092 4741 2206 4811 904
2241 4736 2368 4790 Put.
2395 4729 2596 4812 ἀφασία
2626 4726 2859 4809 εᾶπορία
2881 4724 3057 4805 λόγου.

2090 4839 2226 4896 910,
2253 4827 2285 4888 4
2301 4840 2324 4875 1
2356 4817 2538 4885 υἱωνὸς
2570 4838 2662 4896 ap.
2690 4818 3041 4885 Bekkerum,
3064 4811 3246 4880 οἰωνὸς
3268 4812 3469 4877 codex.

2091 4927 2207 4984 910
2229 4905 2621 4987 Ρυι·ἑσχάρας
2659 4908 2709 4965 οῖ
2754 4904 2972 4964 παλαιοὶ
3006 4901 3075 4963 τὰ
3114 4907 3207 4962 τοῦ
3241 4903 3537 4979 γυναικείου

2013 4995 2210 5055 αἰδοίου
2237 4996 2391 5075 χείλη
2416 4993 2611 5073 ἔλεγον.
2653 4996 2750 5055 Sic
2781 4994 2879 5052 alii
2912 5012 3145 5072 quoque
3178 4990 3533 5070 grammatici

2011 5086 2310 5164 legerunt:
2333 5106 2390 5144 v,
2420 5084 2693 5145 Fritzsch.
2720 5104 2780 5164 p.
2810 5081 2943 5142 350.
