3859 5725
372 219 486 274 368

1485 195 1895 280 schmA
1945 196 2035 260 ιΝ
2087 194 2464 270 PLn‘tuM.

371 292 772 397 ἐπεισπέπαικεν
798 355 813 396 :
836 333 1198 408 Ἐπεισῆλθεν.
1222 342 1282 391 θ.
1299 342 1396 390 Dv.
1412 331 1646 412 σφοδρῶς
1658 328 1934 399 ἐπεισῆλθε
1967 343 1975 352 ·
2025 323 2156 405 ζυγὰ
2181 324 2272 384 καὶ
2302 324 2468 404 ἄζυγα
2494 326 2752 386 καλεῖται.
2778 322 2913 391 τινὲς
2936 320 3276 404 δὲάρτιάζειν
3296 321 3582 408 λέγουσιτὺ

371 423 463 483 καὶ
485 422 844 496 εἰσεπήδησεν.
868 440 930 488 Ρ,

2024 413 2239 495 ἁρπαγῇ
2273 412 2478 482 παίζειν
2512 413 2618 471 ἀπὸ
2645 413 2737 470 τοῦ
2766 411 3004 493 ἑταίρου,
3036 411 3163 478 ἴσως
3195 405 3248 469 δὲ
3280 410 3581 496 τ“ο’σφαιρί-

451 532 548 570 808.
596 508 752 588 (οὕτω
790 507 850 569 τὸ
885 508 1126 568 πλουτεῖν
1167 507 1308 565 ἐστιν
1351 502 1452 577 ἡδὺ
1491 523 1507 564 ε
1546 502 1874 584 Ἀδιανᾷητος
1906 504 1937 560 6
2023 502 2166 578 ζειν.)
2192 503 2578 579 -στατῆρσιε
2609 498 2941 578 Νομίσμασι.
2969 512 3065 558 Dv.
3094 511 3155 558 Ρ.
3187 499 3522 580 νομίσμασιν,
3545 500 3604 560 δ’

372 599 580 678 ίαμὸος·
605 595 639 670 ἢ
662 596 789 679 πρὸς
810 592 878 654 τὰ
901 594 1010 654 ἄνω

322 728 350 766 ⁶
623 728 704 776 m
722 731 871 776 ταῦτα
884 725 1025 788 ‘aaa
1038 721 1311 785 ιεινεγιόπ»
1332 721 1533 774 amon*

375 829 512 891 οὕτω
534 829 638 911 γὰρ
660 827 758 900 ἡδύ
780 827 833 886 τί
857 831 969 886 ἐστι
990 833 1213 906 πρᾶγμα
1237 824 1297 883 τὸ
1318 824 1602 901 πλουτεῖν.)
1626 857 1705 869 --
1725 821 1932 900 γνώμη.

375 920 437 978 τὸ
455 921 698 978 πλουτεῖν
725 935 739 976 2
761 914 961 994 Ἢγουν
984 917 1012 972 6
1033 914 1271 980 πλοῦτος.
1298 912 1396 983 ἡδὺ
1422 932 1437 972 t
1469 910 1792 992 Εὐφραντόν.
1818 921 1915 969 Do.

420 1027 554 1068 ·807.
598 1010 632 1077 ἢ
664 1001 957 1083 μὲν-σιπύη
990 1021 1006 1061 t
1038 998 1214 1072 Σιπύη
1262 1004 1295 1070 ἠ
1342 999 1628 1081 ἀρτοθήκη.
1673 1003 1842 1056 ταῦτα
1881 995 1938 1055 δὲ

376 1093 525 1177 παρὰ
544 1092 613 1152 τὰ
636 1085 689 1152 ἕν
712 1089 905 1170 Ἰνάχῳ
926 1085 1275 1168 Σοφοκλέους,
1299 1086 1384 1146 ὅτε
1406 1091 1498 1145 τοῦ
1531 1085 1651 1152 Διὸς
1684 1083 1940 1144 εἰσελθόν-

304 1205 355 1245 ω
377 1205 465 1250 τος
490 1181 663 1241 πάντα
689 1178 857 1257 μεστὰ
882 1179 1093 1256 ἀγαθῶν
1117 1175 1337 1252 ἐγένετο.
1362 1173 1586 1255 προύχει
1606 1170 1662 1231 δὲ
1684 1171 1750 1231 τὰ
1777 1170 1940 1231 λευκὰ

378 1273 482 1329 τῶν
512 1267 760 1352 ἀλφίτων.
789 1263 984 1346 ἤρξατο
1011 1261 1065 1321 δὲ
1102 1264 1161 1320 ἐκ
1191 1267 1285 1334 τῆς
1319 1265 1422 1320 τῶν
1451 1259 1750 1339 ἀναγκαίων
1783 1261 1939 1318 εὔπο-

381 1356 512 1439 ρίας.
538 1379 608 1398 ·—
632 1351 793 1425 σιπύη
821 1372 835 1412 :
860 1350 931 1412 ‘H
956 1348 1234 1430 ἀρτοθήκη.
1259 1359 1316 1407 θ.
1342 1360 1437 1407 Dv.
1472 1353 1506 1419 ἡ
1545 1351 1728 1434 κοινῶς
1750 1347 1938 1426 ἅρκλα.

378 1446 578 1503 λευκῶν
606 1461 621 1501 t
654 1442 932 1520 Καθαρῶν.
970 1453 1033 1500 P.
1060 1437 1288 1519 ἀλφίτων
1322 1457 1336 1496 :
1365 1434 1714 1511 Σεμιδαλίων.
1742 1447 1841 1493 Dv.

459 1550 554 1592 0⁰8.
599 1528 821 1607 μέλανος
845 1525 1126 1604 ἀνθοσμίου
1153 1545 1166 1583 :
1196 1522 1434 1590 Μέλανος
1453 1568 1470 1601 ,
1495 1526 1727 1605 ἐρυθροῦ.
1756 1520 1942 1600 ’Όμη-

304 1640 355 1681 1⁵
384 1643 466 1703 ρος
487 1626 654 1691 [Οὰ.Ε
700 1623 799 1687 265]
826 1643 847 1666 α
866 1614 1084 1692 μέλανος
1100 1611 1274 1671 οἴνοιο.
1305 1639 1325 1663 υ
1351 1611 1630 1687 ἀνθοσμίου
1656 1608 1743 1681 δὲ,
1768 1609 1940 1682 ἡδέος,

382 1708 638 1783 εὗόσμου,
664 1702 844 1782 ὥσπερ
876 1701 943 1759 τὰ
973 1701 1119 1772 ἄνθη·
1144 1697 1180 1770 ἢ
1216 1702 1287 1766 ὡς
1316 1697 1420 1757 ἀπὸ
1447 1698 1610 1757 τόπου
1642 1697 1941 1774 ἀνθοσμίας·

381 1793 417 1865 ἢ
444 1797 513 1861 ὣς
545 1790 649 1850 ἀπὸ
680 1789 845 1854 εἴδους
871 1787 1129 1866 ἀμπέλου.
1159 1784 1194 1857 ἢ
1222 1792 1313 1844 τοῦ
1343 1784 1496 1854 ἡδέος
1530 1784 1621 1844 καὶ
1652 1785 1943 1866 περιόσμου

381 1880 474 1941 καὶ
496 1882 736 1958 ἀνθηροῦ·
762 1875 850 1934 τὸν
881 1875 938 1934 δὲ
964 1875 1181 1954 χυδαῖον
1226 1864 1396 1951 (οἶνον)
1429 1872 1789 1954 καρηὸαρίτην
1824 1869 1942 1931 ἔλε-

381 1991 489 2047 γον.
513 1997 591 2012 —-
630 1967 870 2046 ἀμφορῆς
898 1984 912 2022 z
951 1966 1002 2022 Τ
1005 1962 1038 2019 ὰ
1067 1965 1249 2029 κοινῶς
1286 1962 1565 2042 μεγαρικά.
1607 1962 1837 2021 Ἀττικὸν
1873 1966 1944 2032 ὡς

301 2073 359 2114 m
381 2059 428 2116 οἱ
461 2054 698 2134 βασιλῆς.
730 2061 790 2110 Θ.
822 2057 1070 2132 ἀμφορεῖς
1098 2069 1113 2108 t
1150 2047 1236 2109 Τὰ
1269 2048 1555 2127 μαγαρικά.
1586 2061 1681 2112 Dv.
1710 2060 1770 2107 P.
1802 2052 1945 2110 ἀνθο-

383 2142 537 2222 σμίου
563 2160 577 2201 :
606 2138 866 2205 Εὖώδους.
896 2150 993 2199 Dv.
1020 2136 1240 2205 εὐώδους
1269 2137 1399 2215 (9.),
1423 2135 1709 2216 μοσχάτου.
1735 2150 1796 2198 Ρ.

458 2229 673 2312 χρυσίον
700 2247 715 2287 2
738 2229 1020 2287 Τοσοῦτον.
1045 2237 1110 2286 Ρ.

461 2339 557 2381 eoo.
598 2316 667 2376 τὰ
695 2314 947 2395 σκευάρια
972 2336 987 2375 :
1015 2313 1103 2375 Τὰ
1137 2309 1427 2371 σενδούκια.
1452 2311 1630 2393 πλήρη
1662 2334 1675 2373 :
1715 2316 1939 2396 Γεγεμι-

384 2431 418 2468 σ
488 2429 568 2467 να.
595 2417 688 2463 Dv.

304 2507 359 2546 2³
421 2407 563 2555 μξιο,
608 2488 695 2566 (τὸ
720 2487 886 2568 φρέαρ
913 2488 956 2547 δ’
976 2487 1151 2548 ἐλαίου
1175 2484 1364 2563 μεστόν
1397 2504 1411 2546 :
1443 2488 1782 2568 Παραπαίζει
1817 2489 1946 2572 πρὸς

382 2580 479 2653 τὴν
516 2584 541 2639 ἔ
571 2578 753 2641 αντίαν
789 2583 883 2652 τῆς
920 2578 1079 2656 τύχῃς
1101 2572 1463 2654 ’μεταὸολήνῆ
1505 2574 1751 2655 [λήκυθοι
1788 2576 1843 2638 δὲ
1877 2577 1947 2637 τὰ

385 2670 664 2749 ἐλαιοδόχα
705 2666 942 2749 ἀγγεῖα]
977 2699 1057 2712 --
1095 2665 1156 2724 τὸ
1197 2662 1360 2745 φρέαρ
1399 2681 1415 2722 :
1455 2665 1506 2722 Τ
1507 2663 1535 2722 ὸ
1569 2667 1844 2745 πηγάδιον.
1889 2670 1945 2726 αἱ

383 2757 600 2838 λήκυθοι
625 2779 640 2819 t
670 2757 759 2818 Τὰ
794 2754 1072 2835 ἰλαιοδόχα
1108 2755 1315 2832 ἀγγεῖα.
1367 2760 1417 2808 V,
1440 2763 1499 2811 Θ.
1519 2767 1616 2821 Βυ,
1652 2754 1719 2814 τὰ
1752 2754 1943 2837 ῥώγια,

382 2844 450 2905 τὰ
472 2846 549 2907 ἒλ.
576 2848 629 2907 ἀ.
653 2857 714 2905 Ρ.

304 2943 359 2984 ³⁰
463 2954 561 2995 811.
604 2933 666 2993 τὺ
706 2934 939 3013 ὑπερῷον
975 2950 990 2990 z
1026 2929 1106 2989 Τὸ
1145 2928 1309 3010 τέγος.
1343 2941 1400 2991 Θ.
1426 2943 1520 2991 Dv.
1548 2941 1610 2994 P.
1649 2929 1882 3012 ἰσχάδων
1924 2952 1940 2992 t

384 3024 592 3083 Συκῶν.
621 3032 679 3079 Θ.
697 3033 793 3079 Dv.
817 3017 1006 3078 σύκων.
1032 3027 1093 3076 Ρ.

462 3129 560 3170 812.
603 3107 705 3176 ὀξὶς
727 3105 783 3166 δὲ
806 3116 953 3166 πᾶσα
978 3126 993 3166 :
1022 3103 1220 3187 [Ὀξὶς]
1240 3106 1446 3185 ἀγγεῖον
1469 3103 1612 3175 ὄξους
1631 3105 1883 3168 δεκτικόν.
1908 3106 1944 3181 ἢ

384 3196 608 3263 λοπάδος
631 3187 762 3262 εἶδος
778 3240 793 3267 ,
817 3192 964 3274 παρὰ
985 3193 1045 3252 τὸ
1067 3197 1138 3261 εἰς
1151 3192 1237 3263 ὀξὺ
1260 3195 1460 3273 λήγειν.
1487 3194 1756 3273 (λοπάδιον
1776 3195 1831 3255 δὲ
1854 3197 1947 3256 καὶ

386 3283 513 3344 αὑτὸ
536 3274 668 3349 εἶδος
689 3281 985 3363 κεραμίου.)
1010 3280 1314 3363 [ἰχθυηροὺς
1334 3282 1389 3341 δὲ
1413 3281 1754 3351 πινακίσκους
1766 3284 1813 3364 ,]
1829 3285 1946 3352 τοὺς

305 3385 359 3427 ³⁵
384 3369 702 3443 ἐπιτηδείους
722 3373 868 3449 ἰχθῦν
893 3373 1153 3450 χωρῆσαι.
1183 3368 1239 3447 (ἢ
1269 3372 1321 3428 ἐν
1357 3361 1402 3451 ᾧ
1434 3372 1482 3428 οἱ
1515 3370 1688 3448 ἰχθύες
1716 3371 1943 3431 πλύνον-

382 3464 513 3537 ται.)
538 3488 605 3499 -
629 3456 730 3525 ὀξὶς
753 3477 767 3517 :
788 3456 868 3516 Τὸ
892 3460 983 3513 τοῦ
1002 3454 1144 3523 ὄξους
1163 3458 1388 3534 ἀγγεῖον.
1412 3467 1470 3515 Θ.
1508 3469 1602 3517 Dv.
1626 3455 1783 3536 ἄγγος
1805 3457 1946 3527 ὄξους

386 3543 637 3605 δεκτικόν.
664 3556 723 3601 Ρ.
752 3543 999 3602 λοπάδιον
1036 3562 1051 3602 :
1078 3542 1147 3603 ‘0
1180 3543 1456 3621 λεγόμενος
1483 3544 1741 3624 κουρελός.
1773 3557 1941 3606 Θ.1>υ.

384 3631 555 3712 χύτρα
581 3651 595 3692 :
619 3631 927 3700 Τζυκάλιον.
957 3642 1015 3690 θ.
1034 3642 1127 3689 Dv.

463 3740 556 3781 818.
599 3718 933 3784 πινακίσκους
959 3738 973 3777 :
996 3714 1083 3777 Τὰ
1107 3715 1400 3777 σκουτέλια.
1432 3729 1528 3777 Dv.

305 3834 360 3875 40
464 3826 560 3869 su.
603 3806 721 3873 τοὺς
751 3803 1028 3886 ἰχθυηροὺς
1072 3825 1087 3865 z
1123 3802 1258 3871 Τοὺς
1294 3803 1475 3884 ἰχθύας
1509 3804 1833 3884 δεχομένους.
1869 3807 1942 3866 Θ.

388 3909 478 3958 Dv.
501 3894 619 3963 τοὺς
642 3892 963 3966 ἐπιτηδείους
993 3893 1064 3960 εἰς
1090 3891 1356 3972 ὑποδοχὴν
1384 3891 1597 3971 ἰχθύων.
1622 3904 1685 3952 Ρ.

461 4004 561 4044 815.
609 3986 637 4040 6
660 3983 705 4041 δ’
730 3980 874 4048 ἰπνὸς
907 4001 922 4041 :
947 3981 1024 4041 Tb
1049 3982 1362 4061 μαγειρεῖον·
1385 3977 1421 4051 ἢ
1444 3983 1478 4051 ἡ
1512 3980 1833 4062 καπνοδόχη·
1857 3981 1892 4054 ἢ
1916 3986 1945 4041 6

381 4070 658 4151 λεγόμενος
686 4068 868 4151 φανὸς,
897 4068 949 4147 (ἢ
984 4072 1012 4126 6
1041 4066 1366 4149 χυτρόπους,
1394 4067 1430 4139 ἢ
1463 4072 1491 4126 6
1524 4069 1733 4152 δίφρος).
1766 4070 1858 4130 καὶ
1890 4074 1944 4130 ἐν

384 4159 583 4239 Εἰρήνῃ
607 4158 732 4237 [εει]
755 4184 778 4209 α
804 4155 982 4222 ἰπνοὺς
1005 4154 1235 4235 ἔχοντες,
1261 4158 1314 4214 ἐν
1338 4152 1394 4215 δὲ
1421 4160 1526 4223 τοῖς
1550 4158 1743 4217 ἰπνοῖσι
1764 4163 1890 4236 πῦρ.
1918 4186 1944 4209 n

303 4270 357 4310 οε
382 4281 443 4291 -
466 4246 611 4310 ἰπνὸς
635 4265 650 4306 :
676 4249 727 4305 Τ
730 4243 764 4303 ὰ
797 4243 1049 4324 φανάρια.
1084 4254 1172 4300 Dv.
1200 4241 1260 4301 τὸ
1282 4242 1547 4325 φανάριον.
1582 4246 1654 4305 Θ.
1689 4243 1748 4303 τὸ
1779 4266 1939 4327 φουρ-

381 4332 598 4407 νεύτιον,
623 4330 659 4405 ἢ
686 4331 746 4390 τὸ
778 4335 1090 4413 μαγειρεῖον.
1124 4342 1189 4389 Ρ.
1216 4330 1460 4403 ἐξαπίνης
1486 4352 1501 4392 :
1533 4330 1832 4414 Ἔξαίφνης.
1868 4336 1941 4395 Θ.

382 4434 559 4570 ”⁰37⁶-
602 4498 858 4591 στατῆρᾶι
881 4506 926 4566 δ’
951 4509 1000 4566 οἱ
1027 4504 1339 4650 θΞράποντ-ες
1367 4505 1681 4587 ἀρτιάζομεν
1718 4528 1732 4568 :
1764 4500 1947 4587 [Εἶδος

379 4595 716 4676 νομίσματος.
744 4597 792 4653 οἱ
813 4593 1010 4652 οἰκέται
1033 4615 1061 4651 ο
1093 4616 1140 4666 ν,
1167 4593 1322 4675 φησὶ,
1344 4593 1666 4672 νομίσμασιν
1702 4595 1945 4675 ἀρτιάζο-

305 4718 360 4758 50
380 4708 496 4761 μεν,
522 4683 635 4743 ἀντὶ
654 4688 747 4744 τοῦ
768 4680 1020 4760 παίζομεν
1045 4680 1201 4763 ἄρτια
1223 4680 1257 4754 ἢ
1280 4681 1507 4764 περισσὰ
1518 4682 1565 4761 ,]
1581 4684 1639 4742 τὸ
1664 4686 1796 4765 ἕντῇ
1822 4706 1946 4743 συν-

379 4772 531 4853 ηθεία
563 4770 842 4850 λεγόμενον
886 4769 1016 4848 ζυγὰ
1052 4769 1087 4843 ἢ
1121 4769 1306 4849 ἄζυγα.
1347 4770 1554 4847 (παιδιά
1594 4795 1673 4838 τις
1709 4764 1789 4844 ἦν,
1826 4772 1945 4830 καθ’

380 4861 445 4932 ἢν
469 4858 665 4940 ἐγίνετο
687 4857 866 4925 πεῦσίς
883 4881 939 4917 τε
961 4863 1050 4916 τοῦ
1065 4858 1424 4938 κατασχόντος
1439 4858 1532 4917 καὶ
1555 4857 1827 4939 ἀπόκρισις
1850 4865 1945 4917 τοῦ

2022 586 2114 645 καὶ
2138 585 2405 668 δίδραχμα
2436 586 2664 665 λέγεται.
2691 586 2802 665 ἔχει
2825 585 2880 645 δὲ
2911 589 2939 644 6
2962 585 3164 668 στατὴρ
3190 586 3408 668 κεράτια
3431 611 3581 670 τρια-

2023 673 2255 743 κοντάεξ.
2293 677 2366 734 Θ.
2403 673 2717 758 ἀρτιάζομεν
2763 693 2778 733 :
2819 671 2907 733 Τὰ
2939 672 3095 755 ἄρτια
3136 673 3228 748 καὶ
3261 673 3330 732 τὰ
3365 673 3582 756 περιττὰ
3609 691 3636 732 8

2024 759 2297 838 παίζομεν,
2326 760 2359 819 ἅ
2385 784 2538 842 φασιν
2569 761 2842 826 ἰδιωτικῶς
2868 760 2998 839 ζυγὰ
3024 759 3176 837 μονά.
3200 762 3275 821 Θ.
3306 769 3403 820 Dv.
3428 759 3495 820 τὰ
3527 762 3581 824 ἄ.

2025 872 2079 909 κ.
2113 873 2163 909 τ.
2189 873 2247 907 π.
2270 851 2543 926 παίζομεν,
2570 846 2639 906 τὰ
2661 851 2845 914 κοινῶς
2869 847 3126 928 λεγόμενα
3148 846 3297 927 παρὰ
3319 849 3424 916 τοῖς
3445 843 3606 908 ἰδιῶ-’

2024 959 2139 1004 ταις
2163 934 2324 1014 μονὰ,
2347 935 2496 1014 ζυγά.
2522 943 2601 996 nr.
2627 935 2687 994 τὸ
2723 939 2777 994 ἐν
2802 935 3048 1016 συνηθείᾳ
3078 931 3357 1016 λεγόμενον
3392 934 3527 1014 μονὰ
3551 937 3586 1009 ἣ

2027 1023 2174 1103 ζυγά.
2201 1035 2291 1082 Br.
2318 1021 2384 1082 τὰ
2410 1021 2564 1103 ἄρτια
2586 1022 2863 1101 παίζομεν.
2889 1036 2951 1083 Ρ.

2105 1133 2201 1174 817.
2244 1110 2605 1193 ἀποψώμεσθα
2665 1132 2680 1171 :
2740 1108 3208 1189 Ἀπομασσόμεθα,
3270 1110 3587 1194 καθαίρομεν
3617 1141 3667 1180 1⁰

2025 1196 2121 1269 τὴν
2163 1197 2355 1276 πυγήν.
2395 1209 2456 1256 V.
2494 1196 2615 1266 τοὺς
2649 1197 2920 1279 πρωκτοὺς
2957 1193 3364 1277 σπογγιζόμεθα·
3403 1202 3452 1258 οἱ
3487 1199 3590 1281 γὰρ

2026 1288 2318 1367 τρυφῶντες
2355 1288 2585 1365 συνεχῶς
2621 1284 2850 1364 χέζουσι.
2881 1288 2954 1346 Θ.
2995 1297 3091 1343 Dv.
3135 1283 3590 1368 ἀποσπογγίζομεν

2025 1372 2113 1431 τὸν
2141 1370 2401 1453 πρωκτόν.
2433 1390 2496 1437 Ρ.
3121 1365 3128 1374 ·

2106 1479 2205 1520 818.
2249 1453 2533 1540 σκοροδίοις
2573 1458 2675 1517 ὑπὸ
2712 1462 2910 1540 τρυφῆς
2952 1477 2966 1517 :
3015 1461 3143 1524 Τοῖς
3184 1459 3288 1517 τῶν
3329 1459 3588 1540 σκορόδων

2028 1545 2254 1628 φύλλοις.
2282 1544 2512 1624 (γελοίως
2540 1547 2654 1605 ἀντὶ
2681 1551 2772 1605 τοῦ
2809 1544 3073 1612 σαόάνοις.
3101 1543 3284 1619 ἐπειδὴ
3323 1546 3379 1605 δὲ
3411 1548 3589 1618 ἤσθιον
3620 1574 3669 1612 us

2029 1633 2275 1693 ἑκάστοτε
2305 1632 2559 1715 σκόροδα,
2599 1632 2753 1693 τοῦτό
2790 1656 2966 1715 φησιν,
2996 1632 3077 1691 ὅτι
3102 1637 3173 1704 ὥς
3204 1634 3592 1706 πλουτήσαντες

2030 1719 2422 1801 κατεφρόνησαν
2443 1725 2536 1793 τῆς
2555 1722 2785 1786 παλαιᾶς
2805 1719 3023 1791 διαίτης.
3047 1717 3250 1802 εἴρηται
3271 1719 3326 1780 δὲ
3346 1722 3591 1804 σκόροδον

2030 1806 2154 1875 ἴσως
2170 1853 2187 1884 ,
2213 1806 2416 1886 [σκαιόν
2440 1831 2491 1867 τι
2517 1807 2663 1887 ῥόδον
2686 1810 2764 1882 δν,
2789 1805 2939 1888 παρὰ
2964 1806 3048 1886 τὸ]
3075 1808 3255 1866 σκαιὸν
3278 1808 3433 1878 ὄζειν.
3461 1810 3595 1877 τινὲς

2031 1894 2086 1954 δὲ
2112 1894 2423 1975 σκοροδίοις,
2457 1896 2565 1963 τοῖς
2599 1899 2704 1953 τῶν
2742 1893 3003 1976 σκορόδων
3041 1895 3268 1963 καυλοῖς.
3307 1898 3451 1979 λιμῷ
3489 1897 3591 1978 γὰρ

2030 1978 2394 2062 περιπεσόντες
2415 1983 2463 2039 οῖ
2492 1982 2752 2052 Ἀθηναῖοι
2776 1979 2976 2048 τούτοις
2998 1981 3310 2062 ἐχρήσαντο.
3335 2017 3416 2030 -—-
3435 1985 3592 2065 χάριν
3616 2001 3670 2042 m

2031 2066 2087 2126 δὲ
2116 2066 2341 2147 γέλωτος
2372 2058 2513 2126 εἶπεν
2539 2068 2654 2127 ἀντὶ
2682 2074 2774 2126 τοῦ
2808 2069 3036 2135 καυλοῖς.
3068 2079 3129 2127 V.
3253 2068 3467 2138 Ἄλλως.
3495 2075 3595 2156 οὐχ

2033 2155 2212 2223 ἁπλῶς
2248 2161 2433 2229 τοῦτο,
2477 2156 2594 2214 ἀλλ’
2629 2155 2717 2214 ἵνα
2760 2153 2899 2237 δείξῃ
2938 2153 3018 2215 ὅτι
3052 2156 3285 2239 τοσαύτῃ
3323 2158 3594 2242 μεταόολῇ

2032 2241 2369 2324 κεχρήμεθα,
2419 2241 2554 2303 ὥστε
2607 2243 2642 2302 ἃ
2686 2242 2936 2325 πρότερον
2980 2243 3229 2319 ἠσθίομεν
3275 2246 3592 2330 ἀγαπητῶς,

2031 2329 2230 2397 τούτοις
2278 2336 2369 2389 νῦν
2425 2329 2760 2412 ἀφοδεύοντες
2811 2329 3249 2408 ἀποματτόμεθα.
3372 2331 3590 2402 Ἄλλως.

2034 2414 2237 2492 μήποτε
2263 2421 2357 2475 τοῦ
2378 2413 2627 2496 σκορόδου
2649 2416 2792 2494 λέγει
2814 2416 2902 2476 τὸν
2931 2417 3140 2477 καυλόν.
3171 2417 3284 2477 ἔστι
3306 2419 3408 2502 γὰρ
3431 2423 3596 2504 ἀσφο-
3620 2449 3673 2490 2⁵

2035 2502 2168 2584 δόλῳ
2211 2500 2384 2579 ὅμοιος
2405 2504 2669 2582 [κάκεῖνος
2698 2506 2986 2576 ἐπιτήδειος
3013 2507 3084 2572 εἰς
3103 2508 3299 2586 τοῦτο]
3329 2510 3376 2566 εἰ
3413 2509 3463 2567 δ’
3491 2511 3596 2590 ἀρα

2034 2588 2277 2661 δηκτικόν
2304 2613 2353 2648 τι
2383 2589 2524 2669 ἔχει,
2553 2589 2696 2671 τάχα
2726 2589 2790 2649 ἂν
2825 2587 2904 2664 εἴη
2932 2591 3080 2674 παρὰ
3105 2591 3201 2663 τὴν
3233 2591 3482 2654 ὑπόνοιαν
3518 2599 3592 2654 εἰ·

2035 2675 2245 2759 ρηκώς.)
2278 2714 2344 2722 -
2364 2678 2649 2758 σκοροδίοις
2682 2699 2695 2739 :
2720 2681 2771 2739 Τ
2771 2685 2847 2746 οἷς
2869 2682 2973 2739 τῶν
2998 2679 3261 2760 σκορόδων
3282 2680 3512 2763 φύλλοις.
3535 2691 3578 2743 R

2034 2763 2282 2823 ἑκάστοτε
2310 2784 2324 2824 :
2357 2766 2492 2824 Καθ’
2521 2764 2743 2848 ἡμέραν.
2774 2777 2869 2825 Dv.
3593 2803 3598 2814 ·

2112 2873 2208 2913 81⁹.
2253 2854 2526 2931 βουθυτεῖ;
2556 2855 3008 2933 Καταχρηστικῶς
3026 2854 3229 2937 εἴρηται
3247 2858 3287 2927 ἡ
3317 2855 3599 2937 βουθυσία,
3638 2887 3674 2915 τι

2035 2941 2264 3012 δηλοῦσα
2290 2940 2379 2999 τόν
2407 2963 2466 2999 τε
2488 2940 2644 3019 ὄγκον
2673 2946 2762 3000 τοῦ
2793 2942 3040 3020 μεγέθους
3068 2943 3158 3003 καὶ
3184 2943 3247 3003 τὸ
3279 2944 3478 3014 ἐντελὲς
3499 2952 3601 3020 τῆς
3659 2978 3678 2999 ι

2034 3026 2240 3099 θυσίας,
2264 3027 2330 3099 ἣν
2359 3026 2663 3106 ἑκατόμὸην
2688 3031 2955 3091 καλοῦσιν.
2982 3029 3194 3105 ἐντελὴς
3215 3032 3271 3091 δὲ
3289 3034 3526 3106 θυσία,ῆ
3548 3030 3601 3105 ἐξ

2034 3114 2147 3187 ὑὸς,
2170 3114 2392 3196 τράγου,
2412 3121 2558 3196 κριοῦ
2575 3161 2590 3188 ,
2609 3116 2674 3187 ἣν
2696 3119 2916 3176 καλοῦσι
2934 3116 3161 3198 τριττύν.
3207 3158 3279 3169 -
3384 3118 3600 3191 Ἃλλωςῑ.

2035 3201 2269 3281 μεγάλην
2300 3202 2481 3262 θυσίαν
2508 3205 2663 3262 ποιεῖ·
2693 3205 2751 3263 οὗ
2777 3202 2909 3286 γὰρ,
2939 3203 3010 3272 ὥς
3030 3229 3189 3279 τινες,
3222 3211 3348 3286 βοῦν
3365 3208 3505 3281 θύει,
3525 3204 3603 3279 οἷς

2032 3289 2093 3348 τὸ
2120 3288 2492 3371 ἐπιφερόμενον
2522 3293 2862 3351 ἐναντιοῦται.
2896 3302 2957 3349 V.
2980 3294 3009 3350 ὁ
3035 3291 3289 3365 δεσπότης
3324 3315 3340 3356 t
3367 3295 3440 3357 ‘0
3465 3296 3599 3372 ἡμί-
3625 3324 3678 3364 85

2032 3398 2193 3458 τερος.
2222 3388 2319 3434 Dv.
2362 3380 2598 3455 βουθυτεῖ
2631 3397 2646 3436 t
2681 3378 2834 3453 (Βοῦν
2866 3376 2993 3440 θύει.
3029 3382 3106 3459 Ρ.)
3135 3380 3397 3459 Μεγάλην
3415 3384 3598 3444 θυσίαν

2033 3473 2198 3536 ποιεῖ,
2232 3461 2264 3535 ἢ
2299 3465 2478 3531 ἁπλῶς
2514 3461 2642 3524 θύει.
2676 3465 2750 3524 Θ.
2783 3477 2878 3523 Dv.
2915 3477 2977 3525 P·
3015 3471 3279 3546 βουθυτεῖν
3318 3471 3509 3552 κυρίως
3539 3468 3602 3531 τὺ

2036 3554 2159 3630 βοῦν
2184 3549 2337 3611 θύειν.
2376 3549 2595 3609 ἐκάλουν
2626 3550 2681 3610 δὲ
2718 3550 2813 3623 τὴν
2849 3554 3030 3627 ἐντελῆ
3059 3556 3242 3616 θυσίαν
3278 3558 3579 3637 ἑκατόμδην

2034 3636 2120 3697 διὰ
2146 3638 2208 3698 τὸ
2235 3640 2293 3697 ἐκ
2320 3640 2455 3718 βοῶν
2480 3636 2664 3696 ἑκατὸν
2696 3637 2951 3717 γίνεσθαι.
2981 3632 3047 3713 ἦν
3065 3641 3134 3711 Δδὲ
3161 3642 3253 3702 καὶ
3285 3644 3423 3718 ἄλλη
3453 3647 3609 3705 ἔντε-

2031 3724 2129 3797 λὴς
2150 3724 2303 3784 θυσία
2330 3725 2533 3806 τριττὺς
2557 3725 2845 3804 λεγομένη,
2873 3732 2907 3798 ἡ
2933 3729 2995 3786 ἐκ
3013 3727 3197 3810 χοίρου
3221 3730 3317 3789 καὶ
3338 3736 3487 3815 κριῶ
3510 3728 3600 3791 καὶ
3626 3769 3679 3808 40

2032 3811 2253 3895 τράγου,
2280 3812 2346 3884 ἣν
2373 3811 2467 3871 καὶ
2495 3814 2719 3873 ἐνταῦθα
2748 3812 2907 3894 λέγει.
2936 3822 2989 3873 P.

2111 3919 2210 3961 820.
2252 3891 2314 3958 ὗν
2350 3920 2365 3960 :
2400 3900 2599 3981 χοῖρον.
2644 3910 2692 3958 V.
2719 3911 2815 3958 Dv.

2111 4007 2211 4047 821.
2257 3986 2565 4068 ἐξέπεμψεν.
2600 4007 2615 4048 :
2651 3986 2956 4056 Ἐξέὸαλεν.
2984 4000 3084 4052 Do.
3114 3989 3214 4059 ἔξω
3245 3989 3499 4074 ἔπεμψεν.
3535 4001 3598 4049 Ρ.

2033 4064 2135 4140 οἶός
2162 4097 2219 4131 τε
2245 4091 2260 4133 :
2291 4072 2535 4142 Δυνατός.
2581 4086 2680 4134 Dv.

2111 4180 2212 4221 822.
2259 4158 2443 4219 ἔδακνε
2470 4158 2573 4241 γὰρ
2607 4158 2676 4219 τὰ
2717 4161 2955 4244 βλέφαρά
2983 4185 3086 4240 μου
3110 4182 3126 4227 2
3155 4164 3445 4237 Μεταὸολὴ
3467 4162 3603 4225 πάν·
3627 4186 3680 4228 εὖ

2031 4270 2160 4325 των,
2191 4250 2236 4305 εἰ
2258 4251 2287 4305 6
2307 4245 2402 4324 μὲν
2430 4247 2687 4319 δεσπότης
2705 4249 2949 4330 ὑποφέρει
2971 4250 3060 4309 τὸν
3090 4251 3310 4326 καπνὸν,
3328 4258 3358 4313 6
3384 4251 3438 4312 δὲ
3467 4255 3604 4312 ’δοῦ-

2031 4336 2120 4402 λος
2145 4334 2224 4396 οὔ.
2250 4368 2332 4380 -
2366 4333 2578 4413 μένειν;
2616 4339 2924 4417 Καρτερεῖν.
2954 4350 3054 4398 Dv.
3088 4338 3274 4398 ἔδακνε
3311 4339 3602 4403 εἜθλιΕε.

2033 4426 2061 4480 6
2088 4422 2299 4490 καπνός.
2331 4434 2392 4481 Ρ.
2413 4421 2479 4481 τὰ
2502 4421 2739 4505 βλέφαρα
2773 4446 2790 4485 τ’
2812 4424 2949 4493 Τοὺς
2963 4426 3282 4507 ὀφθαλμούς.
3307 4440 3406 4488 Du.
3503 4454 3508 4463 ·

2111 4530 2209 4572 828.
2254 4509 2412 4591 [ἕπου
2454 4510 2568 4586 μετ’
2610 4513 2768 4588 ἐμοῦ,
2809 4512 3128 4595 παιδάριοντ
3175 4515 3410 4595 Κορωνὶς
3445 4515 3606 4597 ἑτέρα

2033 4596 2293 4657 εἰσιόντων
2321 4601 2634 4677 ὑποκριτῶν.
2668 4602 2716 4656 οἱ
2753 4599 2808 4658 δὲ
2850 4598 3024 4681 στίχοι
3061 4601 3301 4679 ίαμῦικοί
3330 4602 3605 4685 τρίμετρσι
3631 4647 3686 4688 ω

2034 4685 2393 4757 ἀκατάληκτοι
2419 4686 2525 4762 κζ’,
2546 4676 2620 4744 ὧν
2644 4687 2944 4754 τελευταῖος
3357 4726 3364 4731 -

2218 4825 2440 4891 χαρίεντά
2468 4826 2513 4889 γ’
2534 4827 2664 4885 ἥκεις
2680 4826 2810 4893 δῶρα.
2828 4833 2898 4891 τῷ
2921 4828 3011 4892 θεῷ
3033 4828 3202 4893 φόρων.

378 4946 815 5028 προσπαίζοντος,
836 4945 953 5018 ἤτοι
976 4945 1159 5027 ἀρτίας
1181 4943 1466 5024 κατοχῆςῆ
1495 4951 1771 5027 περιττῆς,
1800 4947 1833 5006 ἃ
1858 4952 1943 5007 νῦν
2039 4951 2128 5010 ἐπὶ
2155 4955 2229 5032 τῷ
2252 4949 2389 5010 τέλει
2413 4949 2682 5032 κορωνίς.]
