3859 5725
386 256 498 297 Vm

388 366 600 445 quibus
635 362 702 423 τὸ
731 365 1082 443 ὑπομνήματα
1114 365 1202 422 vel
1235 363 1346 422 ἔνια
1379 367 1482 422 τῶν
1518 361 1910 443 ὑπομνημάτων

387 457 639 513 citantur
661 472 905 530 usquam
922 452 1247 529 Symmachi
1279 471 1486 509 nomen
1515 454 1908 530 praescriptum

386 540 731 618 reperiatur,
759 552 978 598 tantum
1020 538 1182 596 abest
1215 551 1279 596 ut
1315 536 1377 596 τὸ
1402 537 1692 617 ὑπόμνημα
1725 539 1812 596 vel
1843 537 1910 597 τὰ

386 627 741 707 ὑπομνήματα
768 629 839 686 ad
880 627 1286 704 Symmachum
1326 627 1394 685 iis
1429 626 1640 705 quibus
1673 628 1909 686 Schnei-

386 715 561 774 derus
593 715 993 773 voluit*modis
1033 726 1157 771 tuto
1183 713 1382 771 referri
1400 715 1619 793 possit,
1648 727 1711 771 ut
1741 714 1910 792 longe

385 803 604 881 majore
629 821 757 860 cum
786 802 976 879 specie
1003 802 1127 858 veri
1166 801 1516 859 contendere
1548 802 1712 859 liceat
1738 802 1911 859 scho-

383 892 593 947 liorum
644 908 775 966 quae
824 900 1135 966 supersunt
1192 888 1548 964 farraginem
1573 889 1782 966 partim
1838 909 1910 946 ex

382 977 583 1035 Phaini
614 989 672 1034 et
701 975 1051 1052 Symmachi,
1092 976 1300 1052 partim
1329 995 1400 1033 ex
1420 976 1544 1033 aliis
1567 975 1909 1053 quibusdan»

384 1063 738 1122 scholiorum
800 1061 1237 1121 collectionibus
1304 1082 1426 1120 esse
1483 1063 1858 1139 compositam
1893 1105 1909 1133 ,

381 1152 536 1210 inter
555 1170 697 1228 quas
718 1150 766 1209 si
791 1149 1082 1208 nonnullae
1102 1150 1335 1207 fuerunt
1355 1161 1654 1207 auctorum
1674 1169 1909 1207 suorum

380 1238 713 1297 nominibus
737 1257 851 1294 non
881 1237 1204 1314 inscriptae,
1238 1237 1505 1315 profecto
1540 1256 1657 1294 non
1693 1238 1909 1294 miran-

386 1327 524 1384 dum
562 1338 649 1383 cst
684 1325 932 1401 simplici
969 1322 1340 1401 ὑπομνήματος
1363 1323 1629 1400 nomine,
1665 1322 1767 1381 ubi
1799 1343 1910 1380 una

380 1414 572 1490 aliqua
590 1456 607 1483 ‚
633 1412 721 1469 vel
744 1409 1180 1488 ὖπομνημάτων,’
1199 1408 1299 1467 ubi
1327 1411 1520 1487 plures
1548 1409 1911 1487 designandae

332 1530 338 1537 ·
381 1513 575 1576 erant,
607 1501 664 1557 in
690 1499 919 1558 scholiis
959 1499 1169 1556 nostris
1194 1516 1315 1555 esse
1336 1499 1652 1574 appellatas
1669 1543 1685 1568 ,
1707 1517 1909 1576 quem-

382 1588 695 1645 admodum
762 1586 825 1645 in
895 1585 1130 1644 scholiis
1199 1585 1539 1663 Sophocleis
1614 1586 1908 1645 interdum

379 1676 614 1751 Didymi
635 1674 949 1733 aliorumve
971 1673 1351 1749 interpretum
1373 1673 1605 1731 nomina
1626 1675 1909 1751 apposita,
1933 1742 1948 1755 ·

379 1762 685 1838 aliquoties
725 1772 917 1818 autem
960 1758 1021 1818 τὸ
1052 1758 1340 1837 ὑπόμνημα
1374 1759 1471 1838 (ad
1508 1761 1699 1837 Antig.
1741 1761 1910 1831 1326,

379 1850 589 1908 Electr.
632 1848 779 1920 451,
825 1845 996 1924 488),
1031 1847 1120 1905 vel
1157 1844 1274 1912 τοὺς
1316 1847 1911 1925 ὑπομνηματισαμένους

384 1937 477 2014 (ad
524 1936 739 2014 OEdip.
766 1935 889 1994 Col.
922 1934 1069 2006 388,
1114 1935 1263 2009 390,
1295 1933 1433 2011 681)
1467 1940 1910 1998 commemorari

379 2023 654 2084 videmus.
686 2027 820 2081 Haec
849 2021 897 2080 si
917 2040 1053 2078 vere
1083 2019 1534 2097 disputavimus,
1559 2023 1620 2080 in
1651 2023 1911 2085 subscri-

381 2110 681 2187 ptionibus
725 2109 937 2168 codicis
978 2107 1177 2166 Veneti
1218 2107 1365 2165 nihil
1401 2128 1526 2167 esse
1565 2110 1911 2188 intelligitur

379 2198 537 2274 quod
570 2218 687 2255 non
719 2199 794 2255 sit
834 2196 1149 2254 rectissime
1189 2195 1599 2273 verissimeque
1632 2197 1868 2259 dictum.

463 2290 551 2344 De
584 2297 750 2343 aetate
779 2303 895 2362 qua
922 2283 1067 2341 <vixit
1096 2281 1476 2359 Symmachus
1518 2297 1736 2343 tantum
1774 2307 1911 2345 con-

380 2384 525 2445 stat,
557 2392 675 2429 non
718 2371 1094 2430 recentiorem
1148 2371 1324 2428 fuisse
1364 2371 1516 2430 AElio
1558 2373 1909 2433 Herodiano.

378 2457 472 2516 Ab
516 2460 628 2517 hoc
669 2460 822 2518 enim
854 2457 1007 2516 libro
1040 2455 1160 2537 περὶ
1193 2456 1447 2538 μονήρους
1483 2457 1668 2525 λέξεως
1701 2481 1761 2536 p.
1803 2464 1910 2538 39,

382 2547 458 2603 26
477 2591 492 2619 ,
521 2545 848 2623 Symmachi
872 2532 946 2603 de
970 2542 1252 2602 vocabulo
1278 2542 1565 2624 κνέφαλλον
1592 2547 1752 2623 apud
1780 2553 1912 2606 Cra-

385 2633 566 2690 tinum
594 2633 811 2691 notatio
863 2643 1218 2706 memoratur
1259 2653 1276 2687 τ
1320 2631 1474 2689 unde
1527 2633 1911 2709 probabiliter

383 2720 672 2796 conjicere
710 2719 846 2776 licet
884 2719 1118 2776 scholiis
1149 2718 1207 2775 in
1247 2718 1544 2775 Cratinum
1574 2718 1911 2796 colligendis

380 2805 759 2884 excerpendis
778 2805 1053 2883 augendis
1079 2805 1317 2863 eandem
1339 2805 1458 2864 fere
1477 2823 1713 2883 operam
1737 2826 1910 2886 quam

379 2894 845 2971 Aristophanicis
895 2894 970 2952 ab
1012 2893 1360 2969 Symmacho
1402 2912 1527 2950 esse
1572 2894 1908 2973 impensam.

379 2986 662 3039 Praeterea
694 2982 1071 3057 Symmachus
1114 2981 1326 3039 citatur
1352 2980 1412 3038 in
1453 2982 1666 3040 Lexico
1709 2984 1913 3041 rheto-

380 3069 503 3126 rico
542 3070 602 3126 in
638 3069 878 3127 Bekkeri
919 3069 1132 3128 Anecd.
1162 3089 1218 3146 p.
1260 3077 1392 3138 224,
1437 3086 1505 3124 ια
1542 3090 1555 3125 t
1587 3067 1768 3149 Βατήρ
1800 3091 1815 3126 :
1850 3069 1912 3128 τὸ

381 3151 539 3235 ἄκρον
553 3159 770 3215 vovet-&v
790 3154 1117 3214 πενταέθλων
1143 3153 1470 3233 σκέμματος,
1488 3154 1573 3234 ἀφ’
1585 3145 1644 3212 οὗ
1662 3153 1908 3215 ἅλλονται

378 3238 439 3298 τὸ
467 3244 690 3322 πρῶτον.
730 3240 999 3307 Σέλευκος.
1030 3241 1322 3320 Σύμμαχος
1351 3241 1406 3301 δὲ
1444 3241 1505 3301 τὸ
1535 3240 1711 3320 μέσον,
1740 3244 1827 3324 ἀφ’
1853 3237 1912 3304 οὗ

379 3326 630 3405 ἁλόμενοι
645 3325 806 3385 πάλιν
840 3326 1158 3396 ἐξάλλονται.
1184 3327 1392 3406 ἄμεινον
1421 3332 1490 3395 ὥς
1514 3327 1790 3396 Σέλευκος.
1824 3336 1912 3389 De

381 3416 566 3490 patria
583 3415 690 3472 viri
719 3415 861 3472 nihil
887 3428 1248 3493 compertum
1272 3416 1728 3475 habemus.Nam
1753 3420 1909 3496 quod

383 3503 822 3561 Atheniensium
855 3502 1032 3560 fuisse
1075 3516 1270 3561 narrat
1305 3504 1696 3563 Schneiderus
1720 3524 1779 3582 p.
1817 3508 1911 3578 65,

385 3591 592 3649 vitiosa
645 3590 925 3668 deceptus
982 3603 1071 3648 est
1121 3591 1323 3650 scholii
1370 3591 1446 3650 ad
1482 3592 1742 3650 Acharn.
1802 3594 1910 3660 145

381 3678 671 3754 scriptura
688 3721 705 3748 ,
742 3697 916 3754 quam
946 3677 1352 3736 Valckenarius
1374 3678 1690 3736 certissima
1712 3698 1913 3738 emen-

381 3765 620 3823 datione
653 3766 998 3843 persanavit.
1030 3769 1160 3823 Non
1195 3766 1386 3824 minus
1420 3764 1671 3824 obscura
1709 3767 1910 3826 Phaini

382 3854 657 3911 memoria
698 3865 816 3922 est,
853 3873 1025 3929 quem
1066 3853 1343 3929 aequalem
1373 3854 1701 3929 Symmachi
1735 3855 1911 3913 fuisse

381 3960 499 3998 non
516 3939 975 4017 improbabiliter
994 3939 1202 4017 conjici
1224 3961 1391 4018 posse
1409 3941 1651 3999 videtur.
1671 3942 1913 4001 Duobus

383 4041 577 4086 autem
607 4028 698 4085 his
728 4027 1147 4106 interpretibus
1189 4027 1420 4100 tertius,
1446 4030 1507 4086 ni
1546 4030 1732 4100 fallor,
1754 4050 1913 4088 acce-

384 4116 523 4173 dere
562 4113 739 4172 debet
777 4114 1036 4191 ejusdem
1079 4114 1237 4174 haud
1271 4113 1449 4172 dubie
1492 4127 1551 4172 et
1598 4114 1819 4174 ordinis
1856 4128 1913 4173 et

383 4203 566 4260 aetatis
592 4202 997 4279 grammaticus
1026 4202 1400 4279 Euflihronius
1421 4246 1437 4274 ,
1464 4203 1565 4279 qui
1599 4202 1727 4279 ipse
1755 4224 1911 4280 quo-

386 4309 499 4367 que
558 4302 862 4366 excerptas
913 4310 983 4348 ex
1044 4289 1478 4366 antiquioribus
1526 4291 1912 4367 grammaticis

385 4377 787 4435 annotationes
830 4377 948 4435 suis
990 4377 1174 4456 ipsius
1211 4377 1395 4455 copiis
1434 4389 1629 4435 auctas
1666 4397 1913 4456 compo-

386 4464 567 4521 suisse
587 4463 821 4523 videtur
849 4484 1062 4541 easque
1083 4484 1199 4522 non
1226 4464 1289 4521 in
1322 4464 1589 4522 undecim
1621 4465 1759 4522 solis
1786 4485 1914 4541 quae

387 4551 559 4611 hodie
598 4564 910 4631 supersunt
948 4551 1160 4610 fabulis
1200 4563 1488 4618 versatas,
1520 4571 1654 4609 nam
1682 4572 1756 4610 ex
1803 4557 1915 4612 Eu·

389 4640 624 4716 phronii
671 4639 1090 4698 commentario
1121 4640 1181 4696 in
1228 4638 1566 4716 Tagenistas
1614 4640 1915 4698 manifeste

388 4740 662 4804 excerpta
684 4740 819 4786 sunt
839 4746 969 4805 quae
992 4726 1230 4786 Photius
1253 4727 1315 4786 in
1346 4727 1558 4785 Lexico
1589 4747 1650 4805 p.
1685 4730 1818 4802 383,
1839 4748 1912 4785 aa

390 4811 465 4871 de
514 4814 829 4891 proverbio
871 4814 1015 4900 Πάρι
1059 4813 1324 4895 ἐξόρουσον
1378 4816 1635 4875 tradidit.
1675 4821 1764 4877 Ex
1804 4817 1917 4876 alia

389 4898 633 4960 sortasse
667 4903 1069 4979 Aristophanis
1101 4902 1294 4962 fabula
1342 4904 1527 4981 glossa
1555 4917 1787 4981 sumpta
1829 4919 1916 4964 est

392 5006 449 5063 p.
483 4989 609 5056 165,
645 5010 710 5046 ιο
747 4990 1064 5068 explicata,
1105 4990 1364 5051 Κιλλιία;
1401 4989 1529 5075 πρὸς
1553 4994 1633 5075 τῷ
1660 4990 1914 5073 Ὑμηττῷ

1778 232 2169 293 PRAEFATto

1999 360 2129 420 δασύ
2147 382 2161 397 ·
2187 364 2235 420 οἱ
2263 359 2319 419 δὲ
2341 361 2554 443 κρήνην·
2581 362 2976 444 Καλλίστρατος
3006 362 3062 424 δὲ
3089 364 3263 445 ἄγριον
3291 366 3519 446 λάχανον

1996 446 2186 527 τραχύ·
2217 448 2499 530 Εὐφρόνιος
2529 445 2586 507 δὲ
2617 446 2683 508 τὰ
2716 449 2993 523 ἀκανθῶδη
3020 455 3124 512 τῶν
3156 453 3372 532 ἐχίνων·
3410 456 3522 514 nisi

1998 536 2069 593 ad
2092 536 2384 595 Cratinum
2415 538 2630 595 referre
2660 538 2919 615 placeat,
2948 540 3005 595 in
3042 561 3159 617 quo
3181 541 3522 617 explicando

1999 626 2381 684 Callistratum
2413 630 2625 704 pariter
2653 640 2826 704 atque
2855 630 3259 706 Euphronium
3284 652 3520 709 operam

1998 713 2260 789 posuisse
2285 734 2358 771 ex
2389 715 2669 772 Athenaeo
2709 716 2978 773 discimus
3014 737 3103 791 11,
3138 738 3194 796 p.
3232 720 3366 794 495,
3397 726 3442 776 Α
3464 733 3524 778 et

1998 802 2044 857 C
2076 799 2176 876 (ι).
2210 798 2482 856 Similiter
2511 812 2698 857 autem
2721 842 2736 868 ‚
2768 813 2831 858 ut
2871 801 3026 878 apud
3065 803 3365 878 Photium,
3392 807 3524 864 Cal·

1997 885 2202 943 listrati
2262 896 2320 942 et
2363 886 2690 964 Euphronii
2743 889 3040 945 sententias
3084 887 3194 947 sibi
3239 892 3525 968 oppositas

1998 985 2391 1030 memorantur
2414 973 2472 1030 in
2503 974 2681 1032 schol.
2717 975 3006 1052 Aristoph.
3034 979 3204 1053 Vesp.
3231 978 3366 1047 604,
3387 979 3526 1051 606,

1997 1067 2109 1120 Av.
2152 1062 2298 1136 933,
2330 1082 2441 1137 997
2463 1104 2480 1133 ‚
2533 1064 2714 1133 1377,
2749 1063 3078 1138 Symmachi
3122 1076 3180 1121 et
3212 1066 3525 1124 callistrati

1998 1154 2105 1206 Av.
2130 1156 2268 1220 [2403
2307 1148 2564 1225 ejusdem
2591 1169 2734 1207 vero
2763 1150 3062 1208 sententiae
3101 1165 3365 1211 auctores
3391 1155 3529 1213 Cal-

1997 1236 2250 1293 listratus
2275 1248 2333 1293 et
2359 1237 2732 1314 Euphronius
2757 1237 3135 1315 perhibentur
3155 1240 3216 1297 in
3241 1241 3423 1298 schol.
3451 1242 3528 1299 ad

1998 1323 2148 1381 Pluti
2180 1343 2233 1381 v.
2266 1323 2397 1380 385.
2440 1323 2668 1395 Quibus
2705 1325 2764 1381 in
2798 1326 2943 1384 locis
2970 1313 3302 1403 ambiguum
3339 1329 3525 1386 videri

1999 1424 2191 1490 potest
2255 1425 2445 1468 utrum
2503 1413 2843 1470 sententiam
2898 1413 3248 1487 callistrati,
3303 1417 3527 1493 antiqui

1996 1499 2356 1577 grammatici
2391 1499 2791 1570 Alexandrini,
2832 1500 2933 1577 qui
2974 1513 3206 1558 centum
3252 1514 3313 1559 et
3353 1504 3533 1579 quin-

1997 1588 2275 1664 quaginta
2320 1587 2566 1664 amplius
2633 1599 2769 1644 ante
2821 1606 2991 1645 aeram
3043 1600 3304 1646 nostram
3364 1592 3532 1649 annis

1999 1675 2164 1744 vixit,
2193 1694 2264 1732 ex
2294 1673 2473 1751 ipsius
2509 1675 2923 1732 commentario
2946 1677 3326 1752 cognoverint
3352 1678 3533 1735 scho-

1998 1762 2177 1819 liastae
2231 1762 2447 1834 nostri,
2492 1782 2563 1818 an
2612 1780 2686 1818 ex
2743 1762 3064 1840 Euphronii
3122 1765 3533 1838 Symmachive

1997 1850 2279 1926 excerptis
2304 1848 2679 1925 repetiverint
2700 1891 2715 1919 ,
2744 1848 2901 1924 quod
2928 1848 3071 1906 mihi
3094 1850 3280 1907 minus
3304 1849 3531 1928 proba·-

1999 1935 2116 1994 bile
2143 1938 2392 1996 videtur.
2416 1942 2563 1996 Nam
2594 1936 2643 1993 si
2669 1936 2948 1994 Athenaeo
2971 1937 3276 1996 Callistrati
3310 1939 3533 2016 scripta

2001 2025 2167 2100 plura
2218 2044 2468 2102 usupare
2512 2024 2714 2100 licuit,
2762 2044 2880 2081 non
2932 2038 3018 2083 est
3067 2046 3173 2083 cur
3206 2026 3535 2085 scholiastis

1998 2112 2271 2169 Athenaeo
2323 2133 2437 2170 non
2496 2112 2679 2170 multo
2732 2111 3153 2171 recentioribus
3217 2115 3533 2173 Callistrati

2000 2199 2351 2257 scholiorum
2385 2201 2613 2277 copiam
2642 2199 2818 2257 fuisse
2849 2219 3142 2277 negemus.
3182 2202 3416 2260 Accedit
3454 2202 3534 2260 ad

1998 2287 2122 2344 haec
2147 2286 2308 2363 quod
2336 2286 2602 2363 Didymi,
2635 2288 2737 2364 qui
2777 2287 2872 2345 vix
2901 2306 3018 2343 uno
3055 2288 3252 2346 seculo
3283 2289 3537 2347 inferior

1998 2374 2322 2433 Callistrato
2383 2375 2494 2432 fuit
2523 2419 2542 2449 ,
2592 2374 3037 2432 commentarios
3082 2374 3158 2433 ab
3208 2376 3536 2434 scholiastis

1998 2461 2212 2519 nostris
2230 2462 2525 2538 inspectos
2553 2480 2674 2518 esse
2703 2459 2931 2539 indiciis
2964 2460 3102 2518 satis
3124 2460 3290 2517 claris
3319 2478 3536 2536 cogno·

1998 2548 2199 2620 scitur,
2232 2548 2387 2605 velut
2408 2547 2465 2604 in
2487 2547 2706 2604 scholio
2734 2546 2805 2605 ad
2833 2545 2982 2605 Pluti
3007 2566 3060 2605 v.
3096 2565 3248 2603 1010
3269 2544 3537 2621 εΣόμμα-

1996 2632 2090 2712 χός
2122 2633 2556 2713 φησι-Δίδυμος
2582 2631 2639 2692 δέ
2672 2654 2931 2712 φησιν-.
2959 2632 3037 2690 ad
3063 2638 3172 2693 Av.
3202 2634 3352 2703 877:
3373 2629 3538 2708 Σύμ-

1999 2742 2170 2798 μαχος
2218 2720 2632 2801 προείρηκεν-ὁ
2682 2718 2738 2779 δὲ
2782 2719 3108 2796 Δίδυμος-.
3154 2721 3300 2777 1283
3335 2741 3348 2775 :
3394 2716 3540 2777 οὕτω

2001 2806 2295 2889 Σύμμαχος
2319 2829 2333 2842 ·
2371 2813 2401 2869 ὁ
2436 2807 2493 2868 δὲ
2530 2808 2757 2886 Δίδυμος
2800 2809 3057 2868 σκυτάλια
3091 2804 3180 2874 τὰς
3216 2806 3538 2889 βακτηρίας·

1998 2897 2071 2956 ad
2104 2901 2250 2956 1363
2279 2919 2293 2954 ε
2331 2898 2656 2976 Σύμμαχος·
2694 2896 2993 2964 καθοπλίζει
3018 2894 3171 2954 αὐτὸν
3188 2916 3286 2940 -·
3305 2895 3541 2971 Δίδυμος

1999 2986 2055 3046 δέ
2074 3021 2167 3044 -.
2199 2985 2538 3063 eujusmodi
2576 2986 2732 3043 locos
2767 2983 3153 3043 Schneiderus
3192 3001 3249 3058 p.
3290 2983 3358 3038 61
3394 3002 3541 3039 sen-

2000 3075 2189 3133 tentiae
2227 3073 2300 3131 ab
2341 3094 2402 3131 se
2444 3073 2761 3150 propositae
2800 3091 2998 3129 caussa
3035 3072 3119 3129 ita
3158 3070 3540 3147 interpretari

1999 3175 2083 3221 est
2117 3174 2381 3234 coactus,
2427 3172 2492 3217 ut
2522 3158 2758 3235 Didymi
2794 3157 3212 3236 explicationes
3240 3155 3315 3213 ab
3359 3156 3541 3214 scho-

1999 3250 2180 3308 liastis
2208 3268 2324 3306 non
2361 3267 2432 3304 ex
2454 3247 2639 3324 ipsius
2662 3246 3087 3303 commentariis
3108 3288 3125 3317 ‚
3148 3243 3246 3301 sed
3274 3264 3348 3302 ex
3369 3249 3545 3318 Sym-

2000 3337 2186 3394 machi
2230 3336 2519 3410 excerptis
2551 3334 2748 3392 afferri
2788 3332 3084 3405 crederet,
3119 3333 3251 3389 licet
3288 3331 3542 3389 scholia-

1998 3438 2215 3482 starum
2283 3421 2460 3480 verba
2510 3422 2854 3480 contrariam
2920 3422 3116 3500 potius
3187 3421 3541 3478 sententiam

1999 3510 2403 3570 commendare
2444 3509 2773 3567 videantur.

2078 3603 2206 3655 Jam
2252 3598 2300 3655 si
2348 3598 2537 3655 omnis
2582 3595 2754 3671 hujus
2794 3595 3204 3672 disputationis
3248 3613 3541 3658 summam

2002 3687 2358 3760 repetimus,
2398 3705 2515 3741 non
2564 3685 2688 3741 sine
2741 3684 2969 3741 idoneis
3014 3682 3336 3741 rationibus
3385 3703 3543 3740 con-

2002 3771 2240 3830 tendere
2282 3782 2451 3850 posse
2479 3772 2767 3840 videmur,
2808 3770 3165 3828 scholiorum
3197 3783 3541 3828 nostrorum

2000 3860 2418 3938 compositores
2438 3859 2973 3936 antiquissimorum
3015 3860 3397 3935 interpretum
3423 3878 3543 3916 an-

2000 3950 2320 4007 notationes
2365 3949 2575 4025 partim
2618 3968 2688 4005 ex
2737 3947 2885 4024 ipsis
2929 3946 3189 4004 fontibus
3240 3946 3542 4018 hausisse,

2002 4038 2208 4114 partim
2246 4057 2318 4094 ex
2354 4035 2589 4106 Phaini,
2627 4034 2990 4110 Symmachi,
3025 4032 3361 4111 Euphroniir
3393 4034 3544 4094 alio-

2000 4144 2245 4201 rumque
2288 4122 2577 4200 excerptis
2624 4123 2885 4200 (ἐκλογαῑς
2927 4120 3340 4198 ὑπομνημάτων)
3383 4122 3545 4197 peti-

2001 4212 2147 4270 visse
2170 4231 2189 4287 ;
2216 4223 2361 4287 quot
2399 4222 2589 4268 autem
2641 4221 2701 4266 et
2741 4229 2887 4286 quos
2917 4209 3303 4284 antiquiorum
3350 4206 3543 4266 libros

2000 4298 2375 4359 adhibuerint
2422 4296 2511 4355 vel
2561 4316 2682 4353 non
2726 4295 3136 4364 adhibuerint,
3180 4295 3238 4351 in
3286 4315 3351 4353 ea
3399 4315 3542 4372 quae

2064 4453 2136 4516 (1)
2166 4457 2237 4503 Ex
2262 4450 2436 4501 iisdem
2457 4450 2717 4513 Euphronii
2747 4451 2802 4501 in
2828 4451 3042 4501 comicos
3072 4449 3433 4500 commeatu-iis
3448 4462 3545 4502 ex·

1998 4529 2161 4585 cerpta
2178 4525 2294 4572 sunt
2311 4534 2421 4584 quae
2437 4522 2488 4571 in
2508 4522 2715 4583 Etymol.
2738 4524 2804 4571 Μ.
2826 4535 2874 4585 p.
2893 4525 3003 4583 340,
3024 4526 3080 4571 3:
3108 4520 3354 4586 Ἐνεργμὸς
3373 4535 3385 4548 ·
3410 4521 3468 4569 τὸ
3492 4523 3544 4572 δ’

2001 4591 2114 4640 αὐτὸ
2131 4591 2211 4638 καὶ
2233 4589 2395 4655 ἐνιρξις
2413 4604 2425 4615 ·
2457 4596 2640 4654 κροῦμα
2669 4591 3004 4656 κιθαριστικόν.
3043 4591 3293 4656 Εὐφρόνιος
3313 4591 3364 4640 δὲ
3379 4590 3461 4639 τὸν
3484 4592 3543 4641 ἐν

2003 4659 2134 4722 μέσῳ
2155 4663 2237 4716 τῆς
2261 4658 2453 4724 κιθάρας
2482 4660 2840 4721 mmmm,
2864 4661 2924 4709 δι’
2944 4660 3001 4709 οὗ
3026 4663 3058 4719 ἡ
3093 4660 3236 4724 χορᾶἠ
3272 4660 3540 4724 διήρτηται.

2002 4729 2232 4793 Φρύνιχος
2249 4728 2414 4792 Κόννῳ
2445 4732 2543 4780 -Τὶ
2563 4731 2639 4779 δαὶ
2667 4731 2748 4779 τὸν
2775 4730 2992 4795 ἐνεργμόν
3009 4748 3065 4793 ;»
3101 4733 3152 4780 et
3180 4730 3385 4778 fot-tame
3415 4742 3544 4790 qum

2002 4798 2134 4861 apud
2160 4799 2310 4847 schol.
2345 4798 2542 4862 Dionys.
2576 4801 2690 4850 Thr.
2727 4799 2779 4849 in
2806 4800 3002 4849 Bekkeri
3036 4798 3295 4850 anecdotis
3325 4812 3375 4861 p.
3414 4801 3538 4861 782,

2009 4874 2064 4919 1⁵
2088 4867 2310 4930 teguntur
2330 4904 2345 4932 ‚
2381 4871 2627 4936 Εὐφρόνιος
2644 4871 2701 4921 δὲ
2734 4870 2955 4933 (φοινίκια
2970 4871 3029 4920 τὰ
3047 4869 3297 4936 γράμματα
3314 4870 3543 4931 λέγεσθαί

2003 4940 2134 5060 epm)
2156 4939 2227 4988 ὅτι
2246 4940 2393 5006 μίλτῳ
2419 4943 2474 4990 τὸ
2492 4941 2709 5009 πρότερον
2733 4938 2951 5005 ἐγράφετο
2967 4976 2982 4999 ,
3003 4943 3035 4999 ἦ
3059 4940 3349 5028 &ex-twa&
3369 4955 3412 4987 τι
3432 4955 3543 5000 φοι-

2004 5027 2029 5058 ν
2047 5025 2170 5059 κεον.
3282 5017 3362 5024 ”””””
