3859 5725
1518 249 1551 268 ὁ.)

1702 272 2023 340 NUBIUM.

361 422 476 494 647
494 463 514 494 ,
558 420 634 478 23
687 415 1020 477 αἰσθάνεσθαι
1064 413 1153 472 καὶ
1204 409 1629 490 μεταλαμὸάνειν
1680 406 1808 465 Ald.

281 511 437 569 male
452 507 792 585 interposita
819 503 1294 581 interpretatione
1314 499 1479 559 verbi
1508 497 1727 569 ἐπαΐειν,
1752 495 1818 553 ut

283 595 557 655 observat
588 597 968 652 Hermannus.

3314 273 3424 322 437

2299 440 2431 547 ...3.
2466 433 2521 547 53.
2550 405 2975 563 alena...

1902 579 2053 638 Vide
2085 578 2543 657 Hephaestionem
2583 598 2640 655 p.
2692 585 2787 652 49,
2828 587 2887 633 et
2925 573 3265 632 scholiasteu
3306 572 3430 650 ejus

369 693 508 767 649,
545 690 621 747 26
642 710 776 747 χοιν,
812 684 1045 767 εταίρους
1068 688 1133 743 V,
1168 681 1230 743 τὸ
1263 680 1318 741 δὲ
1352 677 1552 741 ἐπαΐειν
1582 678 1697 739 ἀντὶ
1723 680 1814 737 τοῦ
1904 685 1963 744 p.
1996 666 2088 724 52.
2130 669 2218 724 Dc.
2255 665 2460 724 eodem
2503 663 2851 744 prosodiaco
2898 659 3016 719 κατ’
3050 657 3286 718 ἐνόπλιον
3331 661 3431 718 illa

288 780 430 837 αῖσθ.
456 782 525 836 V.

372 875 484 932 651
515 871 699 931 codex
723 871 962 929 Taurin.
992 870 1129 929 Κατ’
1154 865 1389 927 ἐνόπλων
1420 863 1608 948 ῥυθμὸς
1642 859 1820 940 στίχος

287 954 357 1035 ἦν
375 960 709 1040 συγκείμενος
731 959 791 1018 ἐκ
814 956 906 1016 δύο
928 955 1195 1015 δακτύλων
1230 954 1320 1014 καὶ
1358 951 1651 1025 σπονδείου,
1675 948 1704 1008 ὃ
1730 950 1821 1026 με’-

288 1071 414 1130 τρον
440 1048 530 1106 καὶ
556 1043 901 1128 πυρριχαϊκὸν
927 1042 1135 1122 ἐλέγετο
1158 1042 1263 1101 ἀπὸ
1286 1040 1499 1122 Πύρρου
1524 1039 1662 1106 τινὸς
1684 1035 1820 1095 οὕτω

287 1136 501 1208 κληθέν.
523 1134 700 1214 ἔλεγον
730 1132 785 1191 δὲ
808 1139 962 1191 τοῦτο
989 1129 1084 1191 σὺν
1112 1130 1288 1196 ὅπλοις
1308 1127 1817 1207 κινούμενοι.-3ο-

293 1234 370 1293 40
399 1225 459 1281 in
481 1223 608 1281 Ald.
629 1220 786 1279 ὅπλα.
816 1217 929 1277 ἔστι
950 1215 1003 1276 δὲ
1032 1222 1060 1275 6
1082 1219 1136 1276 ἐν
1160 1215 1388 1297 ἡμιολίῳ
1405 1239 1418 1251 ·
1446 1219 1481 1285 ἡ
1507 1213 1608 1294 γὰρ
1644 1208 1822 1291 μακρὰ

287 1311 421 1393 πρὸς
445 1307 540 1376 τὰς
573 1307 665 1367 δύο
695 1305 942 1389 βραχείας
969 1295 1090 1363 ἶσόν
1118 1328 1171 1363 τι
1198 1303 1311 1384 ἔχει
1341 1302 1530 1385 ῥυθμὸν
1556 1304 1616 1360 ἐκ
1637 1321 1823 1381 τριπο-

289 1399 405 1464 δίας
433 1395 839 1468 ἀναπαιστικὸν,
863 1393 917 1459 ὃς
941 1390 1152 1472 δέχεται
1190 1391 1394 1460 πάντας
1419 1389 1536 1456 τοὺς
1572 1388 1824 1447 δισυλλά-

288 1486 416 1551 ὅους
436 1484 619 1552 πόδας.
648 1486 697 1542 οἱ
726 1480 782 1540 δὲ
807 1479 1064 1552 ἐνόπλιον,
1104 1478 1194 1538 τὸν
1227 1478 1595 1560 ἀμφίμακρον,
1642 1475 1696 1543 ὃς
1733 1476 1822 1535 καὶ

290 1570 560 1655 Κρητικὸς
590 1571 829 1629 καλεῖται
858 1567 964 1626 ἀπὸ
988 1572 1080 1625 τοῦ
1106 1569 1178 1633 εἷς
1221 1563 1342 1634 τοὺς
1378 1563 1654 1645 Κούρητας
1689 1564 1823 1622 ἀνα-

286 1658 517 1738 γομένου
553 1657 755 1736 μέλους.
779 1655 952 1736 τούτῳ
982 1654 1084 1736 γὰρ
1109 1658 1185 1736 τῷ
1214 1651 1391 1735 μέτρῳ
1421 1656 1825 1734 προσωρχοῧντο

286 1747 514 1813 σείοντες
541 1743 607 1804 τὰ
625 1742 780 1803 ὅπλα.
804 1744 1041 1801 καλεῖται
1083 1739 1139 1800 δὲ
1182 1740 1419 1800 ἐνόπλιον
1456 1737 1591 1798 κατὰ
1630 1740 1826 1798 δάκτυ-

286 1838 413 1908 λον,
452 1825 497 1916 ᾧ
540 1835 773 1916 χρῶνται
809 1830 954 1903 ζήτει
984 1829 1132 1896 τίνες.
1169 1828 1296 1896 ἴσως
1340 1827 1394 1886 δὲ
1442 1826 1611 1886 λείπει
1646 1826 1737 1897 τὸ,
1776 1827 1824 1884 οἱ

289 1920 536 1994 αὐληταί.
585 1924 735 2000 (Hoc
777 1919 878 1997 qui
922 1918 1153 1996 scripsit
1193 1919 1254 1975 in
1305 1916 1504 1974 codice
1545 1936 1652 1974 suo
1693 1927 1827 1993 post

288 2012 527 2089 χρῶνται
580 2009 803 2084 aliquot
857 2005 1205 2082 syllabarum
1258 2003 1520 2061 lacunam
1570 2002 1825 2073 invenit,

290 2117 466 2174 quam
500 2114 608 2173 ego
632 2115 703 2152 ex
723 2098 792 2151 V.
819 2093 1090 2171 explevi.)
1114 2087 1252 2149 κατὰ
1279 2089 1531 2149 δάκτυλον
1555 2113 1568 2148 :
1594 2092 1710 2171 άριθ
1756 2113 1827 2161 η-

287 2183 437 2242 τικόν
480 2184 592 2241 ἐστι
635 2180 845 2263 μέτρον.
885 2178 998 2238 ἔστι
1032 2178 1088 2238 δὶ
1129 2176 1319 2259 ῥυθμὸς
1366 2176 1658 2259 κρούματος
1693 2200 1718 2235 ε
1742 2177 1828 2245 δος

289 2271 432 2330 κατὰ
464 2270 740 2342 δάκτυλον,
784 2259 828 2349 ᾧ
863 2271 1098 2350 χρῶνται
1123 2268 1173 2324 οἱ
1202 2265 1444 2336 αὐληταί.
1479 2269 1508 2324 6
1542 2263 1683 2323 κατὰ
1723 2264 1824 2323 δά-

291 2360 486 2417 κτυλον
512 2353 703 2438 ῥυθμός
728 2357 869 2414 ἐστιν
903 2359 933 2414 6
963 2356 1017 2412 ἐν
1048 2353 1149 2435 ἴσῳ
1185 2352 1365 2432 λόγος·
1406 2357 1435 2413 6
1473 2350 1532 2411 δὲ
1564 2350 1828 2426 ἐνόπλιος,

290 2445 384 2504 καὶ
425 2443 787 2526 προσῳδιακὸς
825 2441 1144 2521 καλούμενος
1180 2440 1283 2500 ὑπό
1324 2464 1478 2500 τινων
1494 2486 1511 2516 ,
1561 2439 1831 2518 σύγκειται

292 2536 357 2592 ἐκ
391 2532 666 2592 σπονδείου
693 2532 783 2591 καὶ
806 2530 1085 2614 πυρριχίου
1109 2530 1201 2588 καὶ
1228 2529 1476 2610 τροχαίου
1495 2527 1586 2587 καὶ
1615 2527 1828 2606 ἰάμὸου.

293 2620 644 2699 συνεμπίπτει
684 2618 739 2677 δὲ
767 2611 915 2686 οὗτος
941 2619 1059 2690 ἤτοι
1085 2617 1329 2701 τριποδία
1366 2620 1755 2696 ἀναπαιστικῇ,
1795 2614 1831 2688 ἢ

294 2710 487 2788 βάσεσι
528 2708 704 2782 δυσὶν,
734 2709 1090 2786 ἀναπαιστικῇ
1126 2704 1216 2763 καὶ
1255 2704 1486 2785 Ἰωνικῇ.
1525 2703 1833 2763 Emendavi

295 2819 372 2855 ex
396 2803 460 2856 R.
486 2802 554 2856 V.
583 2802 760 2855 Dum.
799 2796 890 2854 Ad
914 2795 1009 2854 illa
1039 2792 1243 2853 scholii
1282 2792 1476 2852 Aldini
1511 2792 1688 2852 verba
1722 2789 1835 2851 ἔστι

295 2884 354 2943 δὲ
387 2889 417 2944 6
440 2888 494 2944 ἐν
523 2883 751 2965 ἡμιολίῳ
778 2885 898 2943 haec
924 2884 1224 2943 annotavit
1246 2885 1609 2941 Hermannus
1632 2904 1645 2941 :
1672 2910 1697 2934 α
1717 2886 1835 2941 He-

296 2974 558 3032 miolium
614 2973 757 3031 dicit
810 2991 844 3029 e
895 2972 1081 3030 tribus
1134 2969 1383 3048 pedibus
1442 2983 1832 3048 constantem,

296 3075 614 3140 propterea
648 3059 806 3137 quod
835 3058 960 3117 bini
999 3059 1173 3137 pedes
1205 3057 1497 3135 dipodiam
1527 3058 1831 3135 anapaesti-

297 3169 426 3206 cam
463 3148 735 3207 efficiunt.
764 3148 861 3207 Sic
879 3166 1082 3205 versus
1118 3145 1526 3223 ithyphallicus
1558 3144 1836 3225 τροχαῖκὸς

296 3235 543 3313 ἡμιόλιος
564 3234 780 3293 dicitur
808 3233 883 3292 ab
923 3232 1332 3310 Hephaestione
1356 3252 1411 3311 p.
1445 3235 1548 3301 483
1576 3252 1630 3290 v.
1656 3233 1834 3294 schol.

298 3323 427 3400 ejus
454 3342 514 3401 p.
548 3323 644 3381 52.
683 3329 826 3396 Quae
862 3335 1209 3399 sequuntur,
1238 3320 1316 3377 ita
1354 3339 1460 3378 nos
1505 3320 1837 3378 emendavi·

300 3431 451 3481 mus,
479 3413 514 3481 ἡ
544 3410 647 3492 γὰρ
685 3408 864 3491 μακρὰ
890 3409 1020 3492 πρὸς
1052 3409 1149 3477 τὰς
1177 3410 1269 3469 δύο
1296 3406 1543 3490 βραχείας
1583 3406 1721 3466 ἴσον·
1746 3406 1837 3466 καὶ

298 3498 492 3578 ἔχει-.
539 3498 885 3557 Hemiolium
930 3498 1263 3574 rhythmum
1294 3496 1453 3570 dicit,
1484 3495 1583 3572 qui
1619 3516 1651 3553 e
1684 3494 1836 3553 duo-

298 3588 413 3647 bus
461 3587 702 3665 dactylis
745 3600 804 3646 et
841 3587 1102 3666 spondeo
1150 3598 1405 3659 constat,
1451 3597 1517 3641 ut
1555 3585 1841 3642 recentior

300 3676 670 3748 scholiastes,
696 3686 754 3734 et
777 3686 1077 3733 enarrator
1097 3671 1520 3753 Hephaestionis
1544 3690 1602 3749 p.
1634 3692 1703 3748 91
1721 3717 1738 3745 ,
1767 3670 1840 3730 de

303 3785 475 3823 versu
512 3764 779 3821 heroico:
806 3761 924 3821 κατ’
956 3759 1195 3821 ἐνόπλιον
1228 3760 1323 3840 μὲν
1352 3750 1442 3818 οὖν
1480 3759 1594 3817 ἐστὶ
1627 3759 1687 3818 τὸ
1714 3757 1839 3838 ἔχον

303 3849 398 3910 δύο
425 3851 705 3916 δακτύλους
723 3849 812 3907 καὶ
838 3846 931 3907 ἕνα
957 3848 1247 3928 σπονδεῖον,
1270 3838 1406 3919 οἶον,

383 3970 454 4038 ὣς
476 3973 609 4053 φάτο
633 3971 960 4054 δακρυχέων,
983 3976 1076 4029 τοῦ
1107 3969 1154 4028 δ’
1177 3969 1332 4029 ἔκλυε
1352 3966 1542 4029 πότνια
1566 3968 1761 4051 μήτηρ.

306 4100 480 4155 Hunc
527 4095 864 4170 rhythmum
921 4115 995 4152 ne
1042 4093 1172 4171 quis
1230 4092 1456 4153 dubitet
1504 4094 1843 4169 hemiolium

306 4203 452 4255 esse,
479 4182 641 4241 addit
665 4184 785 4241 haec
809 4186 877 4252 εὴ
898 4179 1001 4263 γὰρ
1022 4178 1201 4263 μακρὰ
1219 4181 1348 4263 πρὸς
1362 4179 1455 4248 τὰς
1481 4178 1573 4238 δύο
1598 4180 1847 4262 βραχείας

305 4269 444 4343 ἴσον,
463 4289 582 4347 quo
603 4269 871 4328 ostendat
893 4269 1211 4348 spondeum
1236 4287 1433 4347 parem
1451 4288 1574 4327 esse
1592 4268 1844 4346 dactyle,

307 4368 488 4434 atque
510 4357 729 4415 idcirco
765 4357 936 4415 etiam
973 4357 1329 4414 dimidiatam
1372 4356 1669 4435 dipodiam
1705 4376 1846 4414 ana-

308 4446 623 4525 paesticam.
665 4444 983 4504 confundit
1025 4446 1179 4503 enim
1228 4465 1534 4503 numerum
1572 4445 1693 4504 κατ’
1728 4444 1847 4505 ἑνό-

307 4534 497 4607 πλιον,
528 4534 629 4611 qui
654 4534 713 4590 in
740 4552 912 4592 versu
937 4533 1172 4592 heroico
1205 4532 1436 4607 dicitur,
1461 4553 1592 4591 cum
1620 4553 1718 4605 eo,
1747 4534 1847 4612 qui

311 4634 553 4679 vocatur
584 4618 946 4703 προοοδιακός.
989 4627 1306 4700 Propterea
1342 4622 1458 4679 haec
1498 4620 1726 4699 adjicit,
1756 4621 1850 4683 καὶ

309 4710 430 4790 ἔχει
479 4708 670 4789 ῥυθμὸν
720 4710 782 4766 ἐκ
825 4708 1096 4790 τριποδίας
1142 4706 1551 4783 ἀναπαιστικόν,
1607 4708 1864 4787 dactylis.

311 4797 536 4857 scilicet
556 4797 618 4855 in
646 4797 835 4875 prima
856 4810 914 4855 et
934 4796 1187 4855 secunda
1215 4795 1345 4855 sede
1370 4797 1644 4874 anapaesti
1664 4798 1847 4862 vicem

314 4885 758 4944 sustinentibus.
788 4885 1165 4944 Prosodiacus
1193 4885 1346 4942 enim
1370 4903 1570 4942 versus
1592 4885 1848 4963 spondeo

316 4983 546 5031 constat
580 4985 639 5031 et
671 4972 898 5032 duobus
936 4973 1258 5052 anzrpwfls,
1292 4992 1464 5050 quem
1492 4974 1848 5050 grammatici

316 5059 521 5119 lonico
546 5059 762 5138 majore
790 5074 849 5121 et
877 5060 1217 5121 choriambo
1248 5061 1597 5123 metiuntur:

1906 765 2039 811 sunt
2064 753 2463 831 intelligenda:
2493 751 2549 820 ὃς
2575 750 2785 831 δέχεται
2806 749 3007 816 πάντας
3038 746 3156 815 τοὺς
3180 748 3432 809 δισυλλά-

1907 839 2029 908 sou<
2054 839 2235 908 πόδας.
2261 842 2373 901 Sed
2399 841 2704 919 imperitus
2724 840 2899 899 homo
2918 838 3001 896 ita
3028 837 3305 915 loquutus
3326 850 3431 911 est,

1907 930 2072 1007 quasi
2103 930 2165 988 iu
2197 928 2393 989 eadem
2418 929 2553 987 sede
2580 948 2780 987 omnes
2818 925 2993 1005 pedes
3033 925 3301 1004 bisyllabi
3324 925 3430 984 ad-

1908 1020 2289 1076 mitterentur.
2319 1021 2529 1076 Vcrum
2561 1017 2705 1074 nihil
2734 1014 2889 1074 aliud
2911 1014 3035 1072 vult
3059 1033 3231 1093 quam
3265 1035 3436 1092 repe-

1910 1104 2013 1161 riri
2041 1104 2100 1162 in
2123 1106 2234 1162 isto
2259 1123 2428 1162 versu
2448 1103 2620 1182 pedes
2648 1101 2961 1180 bisyllabos
2978 1122 3197 1172 omnes,
3218 1104 3264 1161 si
3289 1103 3439 1161 binae

1909 1211 2136 1270 semper
2162 1191 2397 1270 syllabae
2423 1193 2883 1272 conjungantur:

1909 1365 1969 1423 id
2001 1368 2156 1444 quod
2194 1369 2340 1426 alius
2383 1367 2716 1427 scholiastes
2757 1367 2965 1426 clarius
2999 1366 3082 1424 sic
3113 1365 3260 1423 dixit
3288 1389 3301 1422 ε
3331 1368 3361 1423 6
3387 1363 3443 1422 δὲ

1910 1452 2172 1529 ἐνόπλιος,
2200 1461 2229 1516 6
2262 1455 2354 1514 καὶ
2394 1455 2740 1535 προσοδιακὸς
2782 1455 3099 1533 καλούμενος
3130 1452 3231 1512 ὑπό
3257 1477 3413 1512 τινων
3427 1499 3442 1527 ,

1911 1540 2182 1620 σύγκειται
2223 1547 2283 1603 ἑκ
2306 1544 2579 1602 σπονδείου
2620 1544 2712 1603 καὶ
2748 1543 3028 1626 πυρριχίου
3068 1542 3160 1602 καὶ
3194 1542 3444 1623 τροχαίου

1909 1629 2000 1688 καὶ
2030 1630 2242 1710 ἶάμὸου.
2275 1632 2425 1690 Vide
2446 1632 2623 1690 Elem.
2656 1632 2838 1690 doctr.
2861 1644 3025 1689 metr.
3084 1652 3141 1709 p.
3190 1631 3297 1688 351
3330 1650 3447 1709 squ»

1909 1720 2060 1776 -3ι
2097 1719 2256 1798 Κουρ.
2287 1723 2354 1776 V.
2401 1731 2458 1776 et
2495 1717 2700 1778 Suidas
2740 1739 2783 1777 ε.
2830 1717 2966 1778 Κατ’
3006 1715 3262 1776 ἐνόπλων.
3300 1719 3447 1796 Κρη-

1911 1805 2053 1871 τικὸς
2075 1811 2143 1864 G.
2174 1808 2507 1887 Κουρητικοῧ
2547 1826 2757 1865 nomen
2805 1809 2996 1885 paeoui
3041 1807 3214 1865 tertio
3246 1807 3450 1865 tribuit

1913 1894 2217 1952 scholiasta
2244 1894 2666 1972 Hephaestionis
2695 1916 2752 1973 p.
2799 1897 2931 1952 161.
2963 1894 3121 1954 Idem
3152 1913 3209 1971 p.
3239 1897 3312 1950 82
3340 1913 3448 1971 pa-

1914 1982 2321 2042 limbacchium
2386 1983 2650 2040 nominat
2721 1980 2976 2041 ἕνόπλιον.
3031 1982 3178 2041 Vide
3225 1980 3447 2040 Platon.

1914 2076 2004 2130 Dc
2028 2090 2150 2149 rep.
2174 2072 2229 2145 3,
2254 2091 2309 2149 p.
2341 2079 2473 2142 400,
2500 2072 2565 2143 Β,
2591 2070 2771 2131 schol.
2803 2072 2944 2130 Plat.
2967 2090 3025 2148 p.
3051 2078 3186 2144 401,
3209 2071 3449 2128 Aristot.

1916 2160 1984 2218 fr.
2024 2159 2273 2236 rhythm.
2316 2179 2373 2237 p.
2429 2160 2570 2231 300,
2601 2159 2840 2217 Aristid.
2890 2158 3092 2232 Quint.
3123 2178 3183 2237 p.
3233 2155 3448 2227 34-40.

1919 2251 2118 2308 Ηευι.
2156 2245 2263 2304 ἀπὸ
2289 2244 2476 2305 τούτου
2500 2248 2573 2313 εἰς
2600 2252 2669 2305 R.
2690 2283 2755 2295 —
2781 2248 2853 2304 32
2891 2248 3165 2326 Κουρῆτας
3194 2250 3264 2303 V.
3298 2247 3453 2326 Κρῆ-

1915 2358 2009 2401 τας
2041 2340 2176 2393 G.-
2195 2336 2267 2393 33
2294 2335 2530 2393 Suidas:
2557 2331 2716 2394 Κατὰ
2742 2334 2995 2393 δάκτυλον
3026 2356 3040 2393 2
3067 2321 3202 2399 εἶδος
3225 2335 3454 2414 ἀριθμη-

1916 2420 2060 2480 τικὸν
2098 2418 2134 2492 ἢ
2175 2421 2557 2503 γεωμετρικὸν,
2602 2418 2639 2492 ἢ
2695 2423 2890 2502 ῥυθμοῦ
2933 2419 3024 2479 καὶ
3072 2418 3368 2502 κρούματος
3389 2461 3455 2476 -

1919 2510 2250 2570 Santenium
2296 2509 2369 2568 ad
2409 2513 2646 2568 Terent.
2691 2514 2879 2567 Maur.
2919 2528 2977 2587 p.
3016 2511 3092 2577 84
3128 2509 3268 2567 citat
3304 2515 3456 2569 Her-

1922 2622 2113 2661 mann.
2141 2602 2346 2660 Veneti
2373 2597 2567 2681 ῥυθμὸς
2588 2599 2854 2660 Dindorf.
2890 2599 3143 2658 correxit
3166 2620 3238 2658 ex
3266 2602 3455 2661 Suidae

1920 2689 1957 2747 l.
1987 2710 2039 2747 0.
2064 2701 2123 2747 et
2149 2708 2221 2747 ex
2256 2688 2521 2766 Hesychii
2564 2689 2641 2766 gl.
2682 2687 2952 2753 Δάκτυλος
2986 2709 3001 2745 :
3044 2684 3184 2746 οὕτω
3215 2690 3456 2748 καλεῖται

1923 2782 2119 2859 ῥυθμοῦ
2148 2768 2280 2844 εἶδος
2304 2776 2394 2836 καὶ
2435 2775 2746 2859 κρούματος.
2775 2778 3011 2858 χρῶνται
3039 2773 3096 2834 δὲ
3124 2777 3266 2857 αὐτῷ
3291 2778 3456 2855 μάλι·

1922 2890 2024 2926 στα
2049 2869 2097 2926 οἳ
2121 2866 2438 2938 αὖληταί.-
2458 2868 2531 2926 35
2561 2868 2674 2924 ἐστι
2699 2863 2889 2948 ῥυθμὸς
2914 2870 3046 2923 R...
3070 2867 3143 2923 36
3164 2865 3275 2924 ίσον
3301 2865 3455 2945 λόγον

1922 2968 2151 3026 vocant,
2195 2955 2242 3011 si
2284 2954 2464 3012 altera
2503 2974 2634 3032 pars
2673 2952 2838 3032 pedis
2879 2954 3091 3031 prioris
3129 2972 3455 3013 mensuram

1920 3043 2264 3121 aequiparat,
2309 3040 2467 3119 quod
2512 3054 2599 3099 est
2653 3041 2716 3099 iu
2758 3040 2989 3116 dactylo
3034 3053 3093 3099 et
3139 3056 3454 3119 anapaesto.

1921 3131 2069 3188 Vide
2095 3129 2273 3188 schol.
2297 3129 2587 3205 Hephaest.
2624 3147 2683 3206 p.
2729 3148 2821 3187 11.
2862 3131 3055 3186 nanu.
3095 3129 3460 3209 προσωδιακὸς

1922 3225 1993 3279 Β.
2018 3226 2090 3278 V.
2122 3223 2150 3277 6
2179 3217 2269 3277 καὶ
2297 3216 2513 3298 προσοδ.
2545 3219 3002 3276 Hermannu3.-'-
3030 3217 3105 3292 39
3136 3207 3285 3283 οὗτος
3307 3219 3361 3277 ἐν
3389 3222 3458 3299 τῇ

1921 3330 2066 3390 τριπ.
2112 3312 2183 3366 Β.
2220 3309 2288 3365 V.
2331 3309 2400 3362 lu
2439 3305 2552 3362 fine
2588 3310 2660 3365 V.
2704 3301 2926 3383 ῖαμὸικῇ
2955 3301 3046 3362 καὶ
3073 3308 3366 3385 χορικῇ.-
3389 3312 3458 3366 ln

1924 3400 2083 3455 Junt.
2106 3393 2369 3453 scholion
2399 3405 2487 3450 est
2511 3391 2630 3450 κατ’
2654 3388 2890 3459 ἐνόπλιος
2920 3392 3109 3470 (error
3142 3395 3461 3471 typothetae

1926 3503 2036 3560 pro
2055 3480 2317 3557 ἐνόπλιον)
2346 3483 2375 3539 6
2398 3476 2533 3557 μετὰ
2561 3477 2652 3537 δύο
2692 3476 2977 3546 δακτύλους
3010 3477 3148 3559 ἔχων
3190 3483 3462 3544 σπονδεῖον

1925 3568 2063 3630 κατὰ
2096 3568 2156 3628 τὸ
2175 3568 2336 3627 πάλιν
2371 3566 2463 3626 καὶ
2481 3566 2643 3626 πάλιν
2657 3613 2674 3642 ,
2694 3558 2801 3626 οἷον
2825 3594 2849 3620 α
2878 3565 2950 3635 ὣς
2964 3568 3099 3649 φάτο
3131 3569 3459 3652 δακρυχέων,

1925 3664 2019 3717 τοῦ
2045 3656 2090 3716 δ’
2120 3655 2274 3715 ἔκλυε
2303 3654 2493 3714 πότνια
2531 3653 2725 3736 μήτηρ.
2748 3683 2772 3707 υ
2805 3654 3009 3733 λέγοιτο
3036 3656 3082 3714 δ’
3106 3655 3170 3716 ἂν
3191 3658 3316 3726 ἴσως
3344 3661 3462 3720 κατ’

1927 3745 2185 3817 ἐνόπλιον,
2211 3741 2298 3801 διὰ
2321 3743 2382 3802 τὸ
2399 3741 2617 3825 πρέπειν
2645 3741 2741 3817 μὲν
2769 3742 2962 3823 ῥυθμὸν
2990 3748 3334 3806 τοιοῦτον-καὶ
3356 3758 3465 3817 τοῖς

1929 3832 2107 3899 ἄλλοις
2129 3829 2453 3909 κινουμένοις
2482 3828 2617 3910 μετὰ
2645 3830 2932 3906 συντονίας,
2958 3832 3056 3891 ἐπὶ
3085 3833 3259 3893 πλέον
3273 3833 3329 3894 δὲ
3356 3847 3464 3905 τοῖς

1933 3921 2046 3998 μεθ’
2084 3918 2262 3979 ὅπλων
2306 3922 2509 3997 σεμνῶς
2544 3920 2756 3989 πηδῶσι
2791 3919 2882 3977 καὶ
2911 3920 3302 4001 πυρριχίζουσι.
3323 3929 3465 3998 Quae

1933 4009 2274 4086 transcripta
2304 4022 2438 4066 sunt
2456 4027 2527 4064 ex
2549 4007 2850 4066 Eustatliio
2872 4026 2929 4084 p.
2968 4011 3139 4084 1899,
3160 4014 3254 4067 62.
3276 4014 3460 4071 Dum.

2012 4098 2149 4170 653,
2181 4109 2246 4165 41
2276 4093 2373 4166 τὴν
2397 4093 2752 4175 παραγραφὴν
2788 4108 2948 4153 recte
2981 4098 3271 4174 corrigere
3306 4100 3464 4159 vide-

1935 4198 2028 4242 tur
2046 4183 2346 4243 DobraeuS.
2367 4184 2777 4261 Intelliguntur
2795 4196 2986 4246 autem
3009 4183 3130 4241 duo
3150 4197 3362 4261 puncta
3379 4186 3463 4265 (:),

1933 4271 2145 4349 quibus
2198 4270 2269 4328 ad
2320 4290 2593 4348 personas
2645 4270 3075 4348 distinguendas
3133 4268 3459 4331 utebantur.

1935 4362 2069 4430 Quo
2094 4358 2411 4435 significatu
2444 4356 2763 4439 παραγραφή
2793 4357 3009 4415 dictum
3034 4377 3107 4415 ex
3132 4357 3309 4416 schol.
3333 4365 3460 4418 Pac.

1936 4454 2047 4517 444
2097 4459 2389 4507 memorat·
2417 4445 2719 4518 Dobraeus,
2762 4445 3033 4523 idemque
3066 4446 3287 4505 scholio
3313 4451 3461 4507 Ran.

1943 4535 2094 4602 1432
2117 4534 2385 4597 restituit.
2420 4532 2584 4592 Adde
2610 4534 2787 4592 schol.
2814 4533 2886 4592 ad
2910 4538 3039 4593 Pac.
3081 4536 3248 4604 1334.
3278 4540 3463 4597 Dum.

1936 4624 2052 4697 Qui
2093 4623 2186 4690 45.
2205 4621 2610 4685 ἃν.2ι1ἀίἀίε.-
2628 4631 2699 4695 47
2726 4621 2907 4682 verba
2934 4621 3058 4681 ὅταν
3088 4621 3189 4706 γὰρ
3222 4623 3341 4706 περὶ
3369 4628 3464 4705 ῥυ-

1936 4715 2084 4791 θμῶν
2126 4725 2337 4770 temere
2377 4711 2491 4770 huc
2532 4732 2654 4769 esse
2705 4712 2862 4770 illata
2903 4712 3094 4789 ipsum
3143 4713 3283 4771 illud
3337 4711 3463 4773 ὅταν

1937 4799 2208 4872 ostendit,
2230 4798 2388 4876 quod
2424 4819 2541 4858 non
2585 4797 2760 4857 habet
2798 4819 3051 4876 quocum
3079 4813 3463 4864 construatur.

1937 4887 2207 4945 Proxima
2245 4888 2307 4944 in
2351 4886 2498 4945 hanc
2549 4886 2670 4945 fere
2728 4889 3068 4947 sententiam
3125 4889 3466 4969 corrigenda

1937 4973 2230 5044 videntur,
2265 4977 2294 5032 6
2334 4971 2389 5031 δὲ
2432 4974 2766 5057 Στρεψιάδης
2796 4976 2856 5034 οὗ
2890 4975 3011 5057 περὶ
3032 4974 3215 5036 τούτου
3250 4983 3340 5037 τοῦ
3368 4978 3466 5037 δα-

1938 5059 2131 5122 κτύλου
2171 5060 2358 5143 φησὶν,
2401 5062 2538 5122 ἀλλὰ
2563 5060 2683 5146 περὶ
2725 5060 2921 5146 ἑτίρου.
2966 5067 3038 5132 ὡς
3080 5062 3182 5148 γὰρ
3227 5064 3468 5147 ἄγροικος
