3859 5725
375 257 487 307 274

1536 252 1914 317 scflouA
1967 257 2057 318 IN
2114 262 2433 324 RANAS.

372 376 406 433 ἃ
436 375 704 458 Ἡρακλῆς
730 382 876 459 αὐτῷ
908 379 1243 460 προειρήκει,
1271 382 1500 463 δυσχερῆ
1529 406 1649 442 τινα
1677 385 1936 471 θεάματα·
2019 391 2095 470 τῷ
2122 397 2318 475 ποιητῇ·
2349 396 2619 477 δυσφορῶν
2649 400 2678 456 ὁ
2703 397 2950 469 Διόνυσος
2977 402 3063 462 διὰ
3085 404 3146 464 τὸ
3172 408 3226 465 ἐν
3254 409 3360 478 τοῖς
3394 414 3592 473 Διονυ-

367 472 458 530 καὶ
485 471 606 540 τοὺς
632 470 836 552 μύστας
865 477 990 557 παρ’
1019 476 1181 545 αὐτὰς
1205 476 1300 545 τὰς
1325 476 1494 545 πύλας
1520 485 1611 540 τοῦ
1635 479 1807 568 ’ᾼδου
1832 505 1935 562 χο-

367 565 627 645 ρεύοντας.
681 559 796 628 εἶτα
844 573 917 637 ὥς
964 570 1235 652 Ἡρακλῆς
1279 572 1543 648 εἰσελθὼν,
1594 577 1686 635 καὶ
1738 576 1934 654 μεταξὺ

361 662 573 721 πολλῶν
612 663 782 746 τούτῳ
826 664 1161 741 συμὸάντων,
1203 665 1548 746 παραγίνεται
1587 669 1716 751 πρὸς
1758 670 1937 732 Πλού-

308 784 334 821 5
364 779 505 814 τωνα
519 801 536 830 ,
565 755 657 815 καὶ
685 755 807 818 ὅτου
844 758 1003 839 χάριν
1034 752 1160 831 ἧκεν
1203 757 1383 833 εἰπὼν,
1413 759 1568 841 ἔσχεν
1601 763 1935 824 ὑπακούοντα

364 850 689 929 Πλούτωνα,
740 854 841 932 οὐχ
888 851 953 910 ἵν’
1011 853 1301 933 Εὐριπίδην
1357 856 1595 936 ἀναγάγῃ
1616 903 1632 931 ,
1692 858 1809 917 ἀλλ’
1868 858 1937 919 ἶν’

362 944 773 1025 ἀγωνισαμένων
799 946 1071 1028 Αἰσχύλου
1086 946 1187 1008 οκαὶ
1220 949 1512 1031 Εὐριπίδου
1527 996 1543 1025 ,
1569 951 1709 1020 ὅστις
1734 950 1932 1014 τούτων

359 1039 569 1120 ἄριστος
604 1039 675 1101 τὰ
713 1044 786 1109 εἰς
823 1040 1014 1121 τέχνην
1051 1041 1263 1124 φανείη,
1300 1050 1483 1104 τοῦτον
1520 1046 1675 1114 αὐτὸς
1711 1049 1936 1127 εἰληφὼς

359 1135 611 1217 ἀνενέγκῃ
647 1136 778 1218 πρὸς
818 1138 951 1217 βίον.
992 1137 1178 1199 τούτου
1210 1138 1267 1200 δὲ
1289 1139 1602 1221 γενομένω,
1633 1142 1727 1202 καὶ
1753 1142 1933 1225 κρείτ-

283 1257 333 1295 w
359 1256 504 1299 τονος
539 1233 886 1314 ἀναφανέντος
917 1234 1218 1316 Αἶσχύλου,
1256 1236 1504 1307 Διόνυσος
1536 1244 1716 1300 τοῦτον
1753 1238 1932 1300 λαὸὼν

360 1330 572 1400 ἀνῆλθε.

438 1425 520 1487 Τὸ
547 1424 603 1486 δὲ
637 1428 815 1507 δρᾶμα
848 1431 952 1486 τῶν
991 1418 1050 1486 εὐ
1084 1429 1176 1488 καὶ
1212 1429 1505 1511 φιλοπόνως
1542 1432 1928 1511 πεποιημένων.

358 1520 647 1600 Ἐδιδάχθη
689 1520 745 1581 δὲ
781 1521 869 1581 ἐπὶ
906 1522 1142 1585 Καλλίου
1184 1524 1465 1606 ἄρχοντος,
1493 1533 1588 1587 τοῦ
1628 1527 1766 1605 μετὰ
1814 1527 1929 1588 Ἀν-

354 1613 549 1694 τιγένη.
587 1614 723 1675 οὕτω
759 1615 815 1675 δὲ
848 1616 1153 1694 ἐθαυμάσθη
1186 1618 1274 1678 διὰ
1320 1619 1418 1692 τὴν
1454 1624 1508 1680 ἐν
1558 1624 1702 1704 αὐτῷ
1746 1623 1927 1704 παρά-

279 1730 328 1769 15
357 1711 532 1783 ὅασιν,
560 1711 675 1771 καθ’
707 1712 774 1784 ἢν
807 1712 1109 1773 διαλλάττει
1146 1715 1266 1784 τοὺς
1298 1716 1537 1795 ἐντίμους
1572 1723 1681 1787 τοῖς
1721 1718 1927 1798 ἀτίμοις

354 1806 446 1866 καὶ
476 1804 596 1873 τοὺς
623 1806 843 1875 πολίτας
872 1815 981 1876 τοῖς
1009 1808 1254 1889 φυγάσιν,
1285 1808 1425 1871 ὥστε
1452 1812 1545 1872 καὶ
1583 1814 1927 1894 ἀνεδιδάχθη,

353 1900 425 1969 ὥς
446 1924 577 1982 φησι
595 1900 969 1983 Δικαίαρχος]

1091 2052 1191 2111 lv.

391 2187 739 2271 [ΣΚΟΠΟΣ
779 2191 929 2252 Tor
968 2190 1386 2253 ΠΑΡΟΝΤΟΣ
1426 2194 1860 2255 ΔΡΑΜΑΤΟΣ.

433 2337 515 2399 ‘0
546 2335 739 2421 παρὼν
762 2335 1013 2412 ποιητὴς,
1041 2341 1113 2406 ὣς
1136 2342 1189 2398 ἐν
1212 2342 1289 2421 τῷ
1317 2339 1548 2425 δράματι
1565 2345 1658 2402 τοῦ
1681 2339 1925 2403 Πλούτου

348 2439 427 2518 τῷ
470 2434 589 2495 τότε
632 2438 736 2495 τῶν
786 2434 1012 2507 Ἀθηνῶν
1060 2435 1279 2518 ἄρχοντι
1320 2436 1668 2508 ὁπωσδήποτε
1708 2436 1925 2520 χαριζό-

269 2558 324 2599 20
351 2554 532 2609 μενος,
577 2528 698 2588 τότε
730 2528 819 2588 τὸν
861 2532 1102 2592 Πλοῦτον
1133 2529 1430 2612 ἀναὸλέψαι
1468 2531 1599 2613 φησὶ
1639 2531 1732 2591 καὶ
1757 2534 1921 2592 πλου-

347 2633 510 2701 τῆσαι
537 2625 658 2695 τοὺς
697 2625 939 2707 ἀγαθούς·
977 2630 1082 2687 τῶν
1117 2629 1369 2710 Νεφελῶν
1404 2627 1459 2687 δὲ
1483 2627 1543 2688 τὸ
1572 2630 1751 2711 δρᾶμα
1782 2629 1922 2689 κατὰ

346 2723 407 2783 τὸ
435 2722 746 2805 φαινόμενον
774 2721 983 2804 γράψας
1016 2721 1157 2782 κατὰ
1187 2721 1528 2804 Σωκράτους,
1561 2723 1700 2783 κατὰ
1727 2723 1922 2793 παντὸς

347 2817 665 2888 συνετάξατο
681 2817 967 2901 φιλοσόφου
990 2817 1083 2877 καὶ
1110 2816 1538 2901 μετεωρολέοχου
1562 2818 1655 2879 καὶ
1680 2825 1918 2901 φυσικοῦ·

345 2915 673 2995 [Σωκράτης
693 2912 796 2994 γὰρ
821 2912 1203 2995 μετερχόμενος
1228 2911 1326 2985 τὴν
1355 2912 1544 2985 ἠθικὴν
1585 2914 1916 2995 φιλοσοφίαν,

264 3037 317 3075 25
346 3008 604 3089 κατεγέλα
667 3006 1101 3089 μεταρσιολογίας
1158 3007 1251 3068 καὶ
1302 3013 1556 3090 φυσικῆς,
1606 3011 1678 3076 ὣς
1729 3009 1919 3091 γράφει

346 3106 596 3187 Ξενοφῶν
621 3107 674 3164 ἔν
701 3107 810 3171 τοῖς
849 3102 1410 3182 Ἀπομνημονεύμασι,
1449 3103 1714 3184 θεολογίας
1750 3104 1806 3164 δὲ
1848 3110 1920 3176 ὡς

345 3201 724 3273 ἀκαταλήπτου
761 3198 937 3274 πάντη
976 3199 1243 3280 ἀπείχετο·
1284 3203 1355 3269 ὥς
1390 3192 1478 3260 οῧν
1513 3201 1574 3261 τὸ
1610 3202 1788 3284 δρᾶμα
1826 3208 1917 3263 τοῦ

343 3295 588 3358 Πλούτου
621 3294 753 3378 ὑπὲρ
775 3301 866 3355 τοῦ
904 3294 1023 3355 τότε
1052 3295 1302 3378 ἄρχοντος
1336 3295 1561 3368 Ἀθηνῶν
1597 3301 1917 3379 ἁσυμφανῶς

344 3393 682 3467 ξυνετάξατο,
698 3391 838 3453 κατὰ
859 3391 1055 3460 παντὸς
1082 3391 1137 3451 δὲ
1163 3391 1443 3473 φιλοσόφου
1468 3379 1916 3474 μεταρσιολέσχου

262 3512 316 3550 ³0
344 3489 433 3549 καὶ
474 3487 800 3570 ψευδοτύπου
835 3487 896 3546 τὸ
936 3487 1115 3569 δρᾶμα
1156 3491 1258 3546 τῶν
1308 3489 1602 3568 Νεφελῶν]
1641 3487 1778 3548 οὕτω
1823 3490 1916 3549 καὶ

340 3583 498 3657 τήνδε
542 3582 638 3655 τὴν
682 3581 967 3664 κωμῳδίαν
1022 3584 1127 3640 τῶν
1182 3580 1477 3663 Βατράχων
1528 3582 1670 3641 κατὰ
1721 3584 1917 3653 παντὸς

343 3678 650 3760 ὓποψύχρου
691 3676 784 3736 καὶ
824 3675 1079 3744 ὓποξύλου
1118 3675 1209 3735 καὶ
1233 3678 1429 3757 ἀφυοῦς
1455 3676 1546 3735 καὶ
1584 3678 1911 3759 ἀτεχνότατα

341 3771 659 3854 γράφοντος,
691 3773 769 3851 τῷ
802 3768 1093 3848 μεμηνέναι
1116 3769 1173 3830 δὲ
1200 3768 1541 3844 οὐησυνιέντος
1580 3772 1765 3832 ἑαυτὸν
1786 3773 1911 3834 ὄντα

346 3864 634 3948 βάρόαρον,
677 3862 915 3940 οἰομένου
953 3862 1009 3923 δὲ
1051 3862 1127 3941 μὴ
1162 3865 1318 3941 μόνον
1360 3866 1623 3937 ἰσοῦσθαι,
1661 3867 1800 3927 ἀλλὰ
1820 3869 1911 3929 καὶ

261 3989 314 4026 ‘³5
341 3963 410 4021 τὰ
441 3961 711 4043 κρείττονα
745 3959 991 4043 φέρεσθαι
1011 3963 1116 4020 τῶν
1150 3959 1271 4019 λίαν
1307 3961 1690 4039 ἐπιστημόνων.
1727 3967 1798 4033 ὡς
1834 3969 1912 4048 τῷ

340 4057 474 4137 ὑπὲρ
528 4055 683 4137 φύσιν
730 4054 960 4137 Ὁμήρῳ
1012 4078 1090 4122 τις
1136 4052 1403 4133 ἀνώνυμος
1456 4056 1602 4138 ἤριζε
1647 4058 1909 4141 Σάτυρος,

343 4151 574 4233 Ἡσιόδῳ
613 4150 671 4210 δὲ
715 4149 978 4231 Κέρκωψ,
1023 4148 1058 4222 ἢ
1102 4150 1264 4210 πλέον
1310 4152 1493 4224 εἰπεῖν,
1540 4152 1772 4234 Εὔρυτος
1812 4155 1909 4233 μὲν

339 4248 546 4328 τοξικῇ,
592 4245 852 4329 Μαρσύας
901 4245 957 4306 δὲ
983 4251 1210 4327 μουσικῇ
1236 4250 1314 4330 τῷ
1342 4247 1647 4308 Ἀπόλλωνι·
1686 4253 1910 4334 Σειρῆσι

341 4346 396 4407 δὲ
438 4345 531 4406 καὶ
571 4345 811 4413 Μούσαις
844 4343 1091 4426 Θάμυρις
1125 4348 1155 4403 δ
1197 4343 1523 4423 μαινόμενος·
1559 4346 1595 4418 ἢ
1632 4350 1704 4415 ὡς
1739 4352 1769 4407 ὁ
1804 4353 1908 4411 Αἰ-

260 4469 314 4502 συ
339 4441 554 4522 γύπτιος
614 4443 791 4522 Σῶφις
847 4438 939 4498 καὶ
1001 4442 1030 4499 ὁ
1088 4438 1356 4508 Θετταλὸς
1417 4441 1739 4519 Σαλμωνεὺς
1794 4453 1909 4512 ταῖς

339 4535 604 4619 οὐρανίαις
627 4537 1102 4613 ἀντιπαταγοῦντες
1132 4535 1376 4617 βρονταῖς
1396 4536 1618 4604 καὶτοῖς
1640 4546 1908 4618 κεραυνοῖς

342 4635 493 4705 δῆθεν
544 4630 1049 4712 ἀνταστράπτοντες.
1102 4627 1241 4689 κατὰ
1292 4629 1528 4690 τοιούτου
1587 4631 1782 4700 παντὸς
1829 4633 1905 4712 μὴ

340 4725 599 4794 συνιέντος
638 4724 842 4799 ἑαυτὸν,
887 4722 1307 4805 [ἐξομοιουμένου
1348 4721 1405 4783 δὲ
1445 4727 1689 4807 φιληταῖς
1729 4728 1908 4808 ἀλογί-

342 4846 481 4891 στοις
519 4823 858 4905 καθάρμασι,
898 4822 1047 4895 δίκην
1092 4821 1376 4903 βατράχων
1415 4825 1578 4902 βοῶσι
1609 4824 1905 4904 θορυόωδέ-

262 4946 315 4989 45
341 4921 566 5000 στατα,]
608 4919 669 4979 τὸ
702 4924 935 4982 τοιοῦτον
975 4924 1004 4980 ὁ
1046 4917 1268 4992 ποιητὴς
1307 4917 1508 4988 ἐξέθετο
1547 4921 1741 5000 δρᾶμα.
1775 4924 1909 5008 Δια-

341 5012 503 5087 σκευὴ
535 5012 591 5073 δὲ
624 5014 716 5073 καὶ
755 5014 953 5082 ἔκθεσις
984 5014 1161 5074 τοιάδε
1191 5019 1283 5073 τοῦ
1304 5013 1591 5093 δράματος·
1616 5015 1906 5077 πλάττεται

2017 486 2148 554 σίοις
2191 486 2267 567 μὴ
2315 480 2450 548 εἶναι
2486 490 2733 572 τραγικὸν
2778 491 2813 565 ἢ
2854 498 3090 574 κωμικὸν
3132 500 3295 570 δεξιὸν
3339 507 3590 579 ποιητήν.

2016 584 2131 645 ὅθεν
2165 589 2257 647 καὶ
2296 591 2563 669 βουληθεὶς
2597 595 2834 654 κατιέναι
2876 601 2950 665 εἰς
2989 599 3145 680 ᾅδου,
3182 607 3254 672 ὡς
3294 607 3591 688 Εὐριπίδην

2019 684 2214 743 ἰκεῖθεν
2240 686 2495 762 ἀνοίξειεν,
2521 690 2609 749 ἐπὶ
2643 694 3008 763 Διονυσιακοῖς
3032 699 3142 765 τοῖς
3175 700 3463 782 κοθόρνοις,
3493 705 3592 763 καὶ

2016 776 2230 850 λεοντῆν
2278 780 2369 839 καὶ
2413 782 2640 862 ῥόπαλον
2684 785 2820 865 ἔχων
2864 788 3046 872 τρόπῳ
3096 798 3191 852 τοῦ
3233 793 3589 877 Ἡρακλέους,
3620 816 3648 856 ⁶

2017 872 2152 949 μετὰ
2179 876 2408 937 Ξανθίου
2442 878 2674 954 οἰκέτου,
2709 882 2812 963 ὄνῳ
2846 884 3238 967 ἐποχουμένου,
3276 901 3385 960 τοῖς
3419 893 3593 971 ὤμοις

2016 966 2071 1027 δὲ
2129 968 2388 1051 ἀνάφορον
2451 971 2720 1054 φέροντος,
2776 975 2806 1036 8
2854 980 3119 1040 ἀλλακτὸν
3177 986 3595 1071 δημωδεστέρως

2015 1064 2287 1137 καλεῖται,
2325 1068 2396 1132 εἰς
2431 1067 2623 1139 Θήὸας
2659 1067 2694 1141 ἢ
2731 1071 2992 1152 Τίρυνθα,
3021 1075 3177 1136 πόλιν
3215 1085 3306 1139 τοῦ
3333 1079 3588 1163 Ἄργους,

2015 1158 2307 1237 ἀφικνεῖται
2328 1159 2459 1243 πρὸς
2491 1161 2794 1243 Ἡρακλέα,
2823 1167 2974 1236 ὁδοὺς
2998 1167 3093 1237 τὰς
3125 1175 3197 1240 εἰς
3222 1172 3349 1255 ᾅδου
3372 1178 3592 1258 χρῄζων

2014 1257 2198 1330 μαθεῖν
2242 1255 2297 1324 ἐξ
2342 1258 2502 1317 αὐτοῦ
2546 1259 2637 1319 καὶ
2676 1264 2970 1345 πανδοχεῐα
3020 1267 3114 1326 καὶ
3160 1270 3445 1353 ἐκτροπὰς,
3494 1275 3591 1336 ἅτε
3626 1304 3680 1344 10

2011 1354 2103 1408 τοῦ
2143 1347 2467 1430 Ἡρακλέους
2505 1356 2577 1423 εἰς
2609 1356 2736 1438 ᾅδου
2774 1359 2899 1440 πρὶν
2939 1361 3280 1433 κατελθόντος
3322 1368 3405 1426 ἐπ’
3450 1371 3591 1431 ἀνα-

2011 1451 2160 1526 γωγῇ
2198 1453 2289 1506 τοῦ
2323 1450 2609 1532 Κερὸέρου·
2638 1455 2685 1512 εἰ
2711 1455 2803 1514 καὶ
2842 1457 2960 1517 δυσὶ
2996 1462 3200 1537 γενεαῖς
3232 1464 3591 1545 προγενέστε-

2013 1563 2099 1621 ρος
2133 1532 2196 1615 ἦν
2240 1542 2564 1625 Ἡρακλέους
2594 1552 2623 1608 ὁ
2667 1548 2930 1619 Διόνυσος.
2963 1555 3091 1635 παρ’
3126 1547 3190 1616 οὗ
3232 1557 3418 1636 μαθὼν
3450 1560 3593 1622 ὅσων

2010 1633 2250 1717 ἔχρῃζεν,
2297 1638 2603 1721 ἀπάρχεται
2642 1647 2738 1717 τῆς
2781 1647 3016 1728 πορείας.
3065 1649 3216 1733 παρὰ
3255 1651 3355 1726 τὴν
3395 1655 3590 1733 λίμνην

2011 1729 2066 1791 δὲ
2088 1733 2368 1816 πεφθακὼς
2412 1736 2510 1811 τὴν
2548 1738 2904 1822 Ἀχερουσίαν,
2942 1744 3099 1815 αὐτὸς
3135 1745 3233 1824 μὲν
3268 1753 3299 1808 ὁ
3336 1751 3591 1822 Διόνυσος
3622 1778 3675 1818 ιε

2010 1830 2156 1889 δυσὶν
2179 1831 2383 1900 ὀὸολοῖς
2408 1842 2719 1914 περαιοῦται
2744 1843 2822 1920 τῷ
2846 1838 3095 1923 Χάρωνι,
3125 1843 3362 1915 Ξανθίας
3387 1848 3452 1922 δ’,
3477 1850 3590 1910 ἀνθ’

2007 1914 2081 1984 ὧν
2108 1929 2176 2007 τῇ
2214 1926 2337 2008 περὶ
2380 1928 2709 2009 Ἀργινούσας
2746 1935 2844 1994 οὐκ
2883 1936 3229 2017 ἐναυμάχησε
3260 1942 3537 2025 ναυμαχία
3560 1989 3580 2018 ,

2010 2025 2089 2103 τῷ
2130 2021 2349 2104 Χάρωνι
2392 2024 2468 2103 μὴ
2508 2029 2823 2111 ἀναληφθεὶς
2861 2036 2995 2112 πεζῇ
3031 2032 3129 2106 τὴν
3164 2035 3359 2113 λίμνην
3405 2039 3589 2122 κύκλῳ

2006 2117 2422 2201 περιπορεύεται·
2469 2121 2562 2181 καὶ
2607 2122 2661 2182 τί
2708 2125 2790 2183 δεῖ
2834 2127 3171 2208 λεπτολογεῖν
3210 2131 3283 2191 ’τὸ
3325 2141 3434 2193 πᾶν
3484 2141 3583 2195 τοῦ

2007 2211 2420 2293 συγγράμματος
2462 2215 2636 2291 τέλος;
2682 2218 2928 2288 Διόνυσος
2967 2221 3214 2293 ξενίζεται
3264 2230 3578 2312 Περσεφόνῃ
3614 2249 3672 2291 m

2006 2306 2097 2364 καὶ
2127 2305 2440 2387 Πλούτωνι,
2468 2310 2561 2369 καὶ
2589 2310 2760 2392 κρίσιν
2787 2316 3141 2395 ποιησάμενος
3166 2326 3422 2398 ποιητῶν,
3464 2328 3583 2386 Εὐ-

2007 2398 2213 2479 ριπίδου
2241 2401 2333 2461 καὶ
2368 2401 2667 2484 Αἰσχύλου,
2690 2408 2781 2467 καὶ
2816 2408 3029 2492 άριστον
3055 2417 3132 2495 τῷ
3163 2414 3276 2475 όντι
3310 2418 3583 2500 Αἰσχύλον

2005 2496 2250 2574 νομίσας,
2299 2499 2392 2558 καὶ
2442 2500 2593 2581 παρὰ
2639 2506 2958 2585 προσδοκίαν
3004 2516 3189 2571 τοῦτον
3234 2513 3417 2574 λαὸὼν
3462 2517 3581 2577 ἀλλ’

2002 2593 2100 2651 οὐκ
2122 2576 2435 2674 Εὐριπίδην,
2460 2587 2605 2665 αὖθις
2630 2599 2683 2666 ἐς
2705 2579 2825 2669 Δὦὺς
2847 2604 3044 2673 ζῶντας
3066 2604 3400 2691 ἀνέρχεται]

2320 2890 2714 2961 SCHOLIA
2761 2896 2863 2965 IN
2913 2898 3246 2969 RANAS.

2079 3057 2151 3119 Ὅ
2178 3059 2411 3129 Ξανθίας
2444 3061 2531 3123 ἐπὶ
2559 3062 2678 3123 ὄνου
2714 3066 3013 3149 παράγεται
3039 3072 3408 3151 καθεζόμενος,
3436 3076 3577 3158 ἔχων
3599 3102 3663 3143 ει

1999 3145 2088 3205 ἐπὶ
2137 3151 2243 3208 τῶν
2284 3148 2443 3228 ὤμων
2502 3151 2785 3234 ἀνάφορον,
2834 3154 2965 3217 ὅπου
3027 3148 3092 3230 ἦν
3139 3158 3211 3219 τὰ
3261 3159 3573 3242 στρώματα.

2003 3234 2177 3311 (εὐθὺς
2196 3239 2258 3295 ἐν
2284 3241 2351 3317 τῇ
2379 3237 2594 3320 εἰσὸολῇ
2621 3241 2900 3303 διαὸάλλει
2941 3244 3064 3314 τούς
3100 3270 3158 3306 τε
3186 3250 3472 3332 κωμῳδοὺς
3503 3255 3578 3320 ὥς

1998 3321 2217 3399 γελοίοις
2258 3324 2562 3404 χρωμένους
2605 3328 2699 3387 καὶ
2741 3330 3178 3412 παρατρέποντας
3222 3333 3342 3403 τοὺς
3387 3337 3578 3407 θεατὰς

1999 3408 2104 3468 ἀπὸ
2128 3415 2224 3483 τῆς
2252 3412 2570 3493 ἀκριὸείας.)

2080 3519 2120 3557 1.
2163 3503 2266 3558 τῶν
2293 3500 2546 3560 εἰωθότων
2590 3502 2768 3563 τἈντὶ
2809 3509 2901 3563 τοῦ
2935 3509 3039 3564 τῶν
3067 3505 3279 3587 ἐθίμων,
3302 3514 3337 3583 ἡ
3366 3512 3573 3594 μετοχὴ
3603 3532 3662 3573 ³⁰

1996 3589 2111 3648 ἀντὶ
2133 3596 2228 3651 τοῦ
2250 3589 2519 3669 ὀνόματος·
2542 3592 2635 3653 καὶ
2661 3592 2906 3677 Ὅμηρος
2927 3598 3061 3676 [Od.
3082 3616 3149 3674 A,
3165 3606 3285 3671 2¹8]

2178 3739 2258 3789 τὸν
2273 3740 2314 3789 δ’
2339 3738 2400 3789 αὖ
2420 3741 2695 3806 Τηλέμαχος
2711 3747 2998 3808 πεπνυμένος

1994 3875 2109 3934 ἀντὶ
2132 3882 2225 3935 τοῦ
2252 3876 2481 3945 πινυτός.
2521 3909 2591 3919 -·-
2629 3879 2884 3940 εἰωθότων
2914 3900 2929 3940 2
2956 3886 3081 3944 Τῶν
3114 3886 3353 3960 συνήθων
3388 3891 3573 3951 διαλέ-

1991 3967 2173 4042 γεσθαι
2203 3966 2274 4031 εἷς
2302 3961 2494 4036 ἡδονὴν
2526 3969 2618 4024 τοῦ
2642 3965 2877 4049 θεάτρου.
2909 3972 2981 4032 Θ.
3009 3975 3115 4032 τῶν
3138 3975 3398 4049 συνήθων.
3424 3987 3526 4040 Br.

2071 4072 2117 4112 2.
2160 4051 2410 4130 θεώμενοι
2438 4073 2454 4113 :
2483 4055 2555 4113 Οἳ
2578 4054 2780 4116 θεαταί.
2811 4060 2883 4119 Θ.
2918 4070 3005 4116 Br.
3598 4083 3656 4123 ³5

2068 4159 2115 4198 ⁸.
2157 4138 2220 4210 νὴ
2249 4138 2332 4200 Δί’
2359 4137 2392 4196 ὅ
2411 4163 2463 4198 τι
2494 4138 2671 4219 βούλει
2692 4165 2754 4220 γε
2786 4163 2801 4204 :
2826 4139 2986 4205 Ἴδιον
3010 4148 3172 4208 αὐτοῦ
3204 4149 3267 4210 τὸ
3297 4154 3370 4220 εἷς
3395 4159 3571 4214 ταῦτα

1987 4225 2315 4286 ὅλισθαίνειν·
2343 4231 2414 4294 ὡς
2431 4227 2521 4288 καὶ
2540 4230 2593 4288 ἐν
2617 4231 2880 4314 δευτέραις
2900 4234 3456 4318 Θεσμοφοριαζούσαις
3476 4244 3568 4322 [fr.

1989 4321 2089 4387 307]
2115 4317 2143 4371 ὁ
2166 4312 2404 4396 θεράπων
2432 4315 2590 4398 φησὶν
2619 4376 2623 4380 ,

2173 4471 2238 4526 ὡς
2269 4467 2348 4518 διά
2364 4485 2419 4533 γε
2436 4475 2575 4520 τοῦτο
2597 4472 2795 4533 τοῦπος,
2809 4474 2866 4523 οὐ
2887 4474 3085 4539 δύναμαι
3104 4480 3253 4544 φέρειν

2174 4540 2320 4598 σκεύη
2335 4546 2562 4605 τοσαῦτα,
2586 4545 2667 4592 καὶ
2679 4544 2760 4594 τὸν
2782 4545 2913 4608 ὦμον
2927 4545 3161 4611 θλίδομαι.
3595 4563 3654 4604 40

1989 4673 2210 4730 ἐνταῦθα
2235 4671 2294 4731 δέ
2311 4696 2467 4754 φησιν
2494 4673 2574 4735 ὅτι
2601 4677 2661 4735 οὐ
2691 4675 2921 4757 δύναμαι
2946 4680 3228 4761 ἀνέχεσθαι
3254 4689 3348 4745 τοῦ
3375 4685 3579 4748 oneo-a

1972 4781 2091 4840 ,μαι
2118 4758 2419 4837 λεγομένου.

2066 4866 2110 4905 4.
2155 4847 2292 4906 πάνυ
2351 4848 2418 4928 άρ
2446 4849 2552 4909 ἐστ’
2585 4848 2688 4922 ἤδη
2721 4851 2857 4931 χολή
2890 4873 2904 4913 :
2941 4853 3080 4914 Ἀντὶ
3114 4862 3207 4916 τοῦ
3232 4856 3386 4919 πολύ.
3414 4860 3477 4920 τὸ
3505 4860 3563 4920 δὲ

1987 4929 2148 5006 πολὺ,
2182 4932 2283 4992 κᾶν
2311 4871 2350 5015 Ξ
2381 4933 2577 5016 γλυκὺ,
2605 4937 2792 5019 πικρόν
2834 4941 2994 5004 ἐστιν.
3078 4940 3329 5019 (Ἄλλως.
3363 4948 3561 5008 ὡσανεὶ

1987 5018 2134 5097 ἔλεγε
2178 5021 2396 5100 ναυτία,
2428 5020 2515 5081 διὰ
2543 5024 2604 5084 τὸ
2637 5023 3025 5107 ἐπιδαψιλεύειν
3056 5027 3154 5102 τὴν
3184 5032 3402 5094 παιδιὰν
3429 5033 3553 5095 ταύ·
3584 5066 3645 5105 u
