3859 5725
1228 230 1471 310 11101111
1509 234 1861 311 Nominum
1902 246 2009 309 ‘ET
2043 234 2327 309 annum.

293 384 714 451 promturi-mv,
746 380 964 446 χρήσθων
986 388 1090 442 pro
1119 380 1402 445 χρήσθωαν
1422 416 1438 441 ,
1476 378 1613 431 Nub.
1648 383 1758 429 439.

294 456 445 520 Apud
464 469 547 506 eos
567 453 825 505 artic-ulus
846 462 984 514 saepe
1003 449 1287 510 redundat,
1314 453 1376 501 ut
1394 463 1559 515 quum
1579 450 1762 501 dicunt

295 526 350 576 τὸ
365 530 500 577 ποῖον
536 524 630 575 ete.
656 524 741 573 Pl.
783 528 828 571 5.
868 522 1233 572 Accusativum
1258 519 1527 572 interdum
1560 521 1763 581 ponunt

296 610 391 646 ‘tro
412 597 604 656 dativo,
624 598 685 645 ut
706 594 892 658 ἀρέσκει
914 608 971 654 με
988 604 1093 655 pro
1110 608 1209 653 μοι,
1235 594 1361 640 Ran.
1388 594 1493 639 103.
1516 589 1665 652 Apud
1682 602 1764 639 eos

290 668 678 731 prepositiones
709 674 845 729 soepe
867 663 950 711 vel
968 661 1241 711 abundant
1264 661 1344 713 vel
1363 658 1629 720 deliciunt,
1662 663 1758 723 Eq.

298 740 355 787 37
377 774 394 799 ,
431 740 509 785 40.
561 737 697 784 Loca
716 731 990 796 appellare
1012 732 1179 780 solent
1212 731 1502 781 nominibus
1521 733 1763 793 ipsarum

295 812 474 856 'rerum
482 807 663 871 quaeln
683 805 749 852 iis
760 801 1076 862 venduntur,
1092 803 1155 861 ut
1167 801 1308 863 μύρον
1319 813 1416 863 pro
1430 802 1762 864 μυροπωλεῖον,

298 880 394 941 Eq.
427 880 560 925 1375.
582 876 771 939 Κεχήνη
793 873 979 922 dicunt
994 883 1091 937 pro
1113 871 1313 933 κεχήνεα
1330 881 1428 931 per
1448 870 1728 930 synaeresin
1744 905 1761 927 ,

278 948 416 1000 ’Δο11.
458 953 532 999 10.
562 948 928 1007 Accusativum
950 942 1217 997 interdum
1238 944 1445 1005 ponunt
1469 953 1574 1005 pro
1604 942 1764 989 nomi-

256 1020 261 1027 '
297 1014 503 1079 nativo,
523 1020 611 1069 Av.
642 1022 777 1067 1209.
803 1013 993 1077 Κο5τ.].

239 1087 509 1148 Atticonici,
537 1100 633 1150 pro
660 1084 1009 1144 Athenienses,
1044 1076 1331 1131 secundum
1356 1076 1661 1142 prce-cedens
1694 1076 1766 1127 ibi

250 1154 257 1161 '
301 1158 554 1218 Laconici,
575 1159 700 1206 Pac.
724 1160 831 1204 215.
912 1212 916 1219 ,

239 1230 400 1277 Α110001
423 1226 543 1293 lapis
562 1227 613 1275 in
633 1228 783 1287 orco,
804 1220 1091 1273 secundum
1118 1219 1401 1271 nonnullos
1436 1220 1597 1268 etiam
1624 1217 1767 1266 locus

295 1298 509 1349 Athenis
524 1316 544 1358 ,·
562 1298 643 1347 vel
670 1310 705 1346 a
733 1295 970 1344 siccitate
988 1295 1320 1341 mort-uorum
1339 1293 1438 1341 aut
1461 1288 1556 1339 diu
1590 1299 1768 1353 exspe-

295 1366 747 1429 ctantiumflctus‚
773 1366 906 1414 Ran.
945 1364 1051 1423 194,
1069 1359 1177 1424 sch.
1211 1365 1313 1410 180.

235 1436 374 1501 Auye
393 1436 540 1500 apud
560 1433 869 1499 Euripidem
887 1432 939 1481 in
964 1435 1061 1481 tem
1097 1432 1144 1480 lo
1163 1431 1309 1493 parit,
1331 1432 1464 1480 Ran.
1491 1432 1627 1478 1080.

240 1510 426 1570 Artqias
447 1524 463 1556 .·
484 1508 595 1569 ejus
621 1505 928 1555 thesaurum
945 1506 998 1551 in
1016 1504 1061 1553 E
1087 1500 1168 1551 ide
1192 1498 1539 1550 condiderunt
1561 1502 1771 1559 Apame-

298 1576 387 1627 des
405 1581 457 1628 et
480 1576 817 1639 Trophonius,
837 1573 1022 1623 deinde
1034 1572 1331 1637 spoliarunt
1347 1589 1369 1631 ;
1386 1571 1475 1619 sed
1493 1566 1766 1629 Daedalus,

270 1644 273 1653 ’
298 1648 352 1695 in
361 1645 503 1710 [αμα
524 1659 590 1695 ex
613 1644 770 1695 Creta
790 1640 938 1707 apud
957 1643 1173 1704 Auqiam
1196 1640 1462 1690 devertens
1479 1675 1495 1703 ‚
1527 1636 1643 1691 dolo
1673 1636 1771 1699 su-

298 1729 410 1765 rem
430 1714 737 1779 Aqamedem
760 1708 1115 1777 deprehendit,
1140 1713 1225 1759 cui
1253 1709 1577 1775 Trophonius
1610 1710 1771 1769 caput

300 1790 584 1850 amputat:
605 1785 724 1836 hinc
759 1785 949 1846 Auqias
985 1780 1192 1835 Daedali
1216 1782 1379 1853 jussu
1424 1778 1770 1842 Trophonium

299 1861 352 1907 et
387 1860 694 1919 Cercyonem
712 1855 1047 1918 persequitur
1079 1851 1152 1901 ad
1191 1864 1257 1901 ex
1293 1852 1541 1909 iationem
1569 1850 1773 1911 sanqui-

301 1930 399 1987 nis,
432 1927 564 1977 Nub.
590 1930 696 1974 508.
726 1925 906 1985 Aueiae
921 1920 1190 1971 stabulum
1218 1932 1252 1969 a
1324 1919 1550 1969 Hercule
1578 1931 1771 1981 paroa-

304 2000 436 2060 tum,
462 2001 582 2046 Pac.
608 1998 724 2057 753,
745 1990 987 2042 Herculis
1008 1991 1145 2039 ἆθλον
1168 1988 1366 2052 Αὐγέου,
1393 1990 1479 2039 Ae.
1514 1992 1646 2041 1704.

240 2070 401 2118 Aures
421 2068 554 2130 reqis
588 2066 883 2122 Persarum,
910 2061 1204 2113 ὠτακουσταὶ
1227 2062 1358 2123 ejus,
1378 2059 1501 2112 Ach.
1535 2064 1615 2113 92.

132 2134 135 2137 “
242 2138 469 2186 Aureus.‘
494 2134 606 2185 Vide
639 2140 841 2184 numus,

242 2209 470 2270 Auriyoe.
496 2202 615 2255 Vide
628 2198 885 2254 Athletce.‘

239 2282 444 2330 Aurum
458 2274 518 2326 ob
536 2278 771 2327 timorem
776 2273 1009 2336 flavum,
1030 2272 1264 2321 Comicus
1301 2272 1509 2320 ncerlus
1543 2269 1630 2320 Pl.
1663 2272 1770 2320 204.

245 2350 543 2411 Autolycus,
561 2348 718 2409 pater
737 2345 971 2407 Lyconis,
998 2344 1139 2403 Vesp.
1168 2344 1304 2402 1109,
1326 2341 1542 2402 Lyconis
1563 2352 1630 2389 ex
1649 2339 1774 2389 Rho·

305 2418 586 2480 diasttius,
605 2418 724 2477 Lus.
752 2416 863 2463 270.
887 2410 1156 2473 Autolycus
1178 2412 1194 2470 (
1208 2424 1306 2461 nou
1333 2413 1407 2460 est
1441 2408 1776 2471 Aristophanis

305 2488 466 2540 fabula
583 2524 596 2537 .
617 2488 730 2546 445,
754 2482 801 2535 b.

243 2490 773 2614 automege'slfironice)
796 2552 913 2602 felix
937 2551 1226 2615 praedicatur
1245 2551 1310 2600 ob
1331 2552 1434 2601 tres
1466 2550 1591 2601 tilios
1610 2548 1777 2599 soller-

302 2631 534 2686 tisslm0s‚
553 2622 895 2685 citharoedum,
915 2620 1217 2681 histrionem,
1237 2620 1554 2684 Aripbradem
1583 2634 1673 2670 suo
1703 2620 1774 2669 in·

302 2701 445 2764 genio
464 2699 629 2759 lingua
652 2696 703 2744 in
733 2692 1048 2757 lupanaribus
1071 2695 1372 2754 patrantem,
1413 2694 1554 2755 Vesp.
1594 2694 1774 2741 ¹275—

310 2773 446 2823 1283.
470 2768 567 2819 Est
582 2769 741 2830 pater
763 2764 1016 2827 Amqnoti,
1047 2766 1186 2812 1281.

241 2842 678 2895 Avemmcatores
692 2874 712 2898 ,
736 2834 1028 2895 ἀλεξίκακοι,
1054 2833 1310 2884 Hercules
1330 2834 1382 2884 et
1405 2831 1587 2897 Apollo
1607 2869 1623 2895 ‚
1645 2833 1770 2884 Pac.

304 2915 413 2962 ⁴22.
446 2910 564 2960 Vide
587 2911 869 2967 utrumque
892 2913 1092 2954 nomen.

239 2987 368 3034 Aves
396 2982 452 3029 ut
482 2990 661 3028 venum
685 2976 1017 3037 exponantur,
1037 2973 1125 3021 Αυ.
1158 2975 1487 3032 1079-1082,
1508 2971 1670 3020 schol.
1698 2975 1772 3020 14.

304 3052 480 3101 Avium
503 3060 679 3110 genera
699 3044 888 3107 poetica
910 3042 1157 3092 notatione
1180 3044 1488 3091 recensentur
1506 3045 1595 3091 Av.
1624 3045 1775 3090 229-

308 3123 418 3171 254.
438 3116 587 3178 Coris.
614 3119 731 3166 1332
750 3127 828 3178 sq.
847 3115 898 3161 et
916 3112 1077 3161 schol.
1099 3121 1242 3171 Aves,
1264 3116 1323 3161 ut
1344 3112 1559 3175 aquilin,
1581 3110 1632 3160 in
1650 3123 1778 3160 suut·

306 3191 400 3242 mis
430 3187 631 3240 scentris
659 3197 827 3247 regum
849 3181 919 3232 ad
940 3185 1189 3233 ornatum
1197 3182 1362 3243 fictoe,
1390 3187 1501 3243 510,
1523 3180 1632 3231 sch.
1664 3187 1772 3230 512.

306 3268 453 3321 Aves,
472 3259 656 3308 donum
673 3258 846 3318 potens
871 3252 1063 3302 amasiis
1084 3253 1144 3300 ab
1163 3252 1459 3302 amatoribus
1475 3250 1665 3311 datum,
1685 3254 1775 3300 705

302 3317 439 3398 sqq„
464 3329 574 3382 sch.
597 3331 708 3378 704.
742 3332 868 3375 Aves
892 3322 1123 3372 dicuntur
1141 3322 1304 3372 omnia
1321 3323 1671 3386 cujuscumque
1693 3335 1773 3384 ge·

306 3402 438 3453 neris
457 3413 569 3464 quae
592 3395 755 3448 futura
770 3393 1007 3454 indicant,
1029 3395 1294 3452 719-721,
1313 3391 1421 3442 seh.
1445 3393 1530 3441 Pl.
1554 3395 1632 3441 03.
1653 3396 1776 3443 Aves

308 3475 600 3526 domesticce
622 3468 890 3519 dormiunt
911 3468 965 3514 in
989 3464 1223 3527 κατήλιφι,
1246 3468 1377 3514 Itan.
1405 3470 1514 3514 500.

246 3541 602 3607 Aves,.sabula
626 3537 1022 3600 inqeniosissime
1046 3533 1345 3597 composita,
1368 3532 1523 3582 docta
1545 3537 1623 3584 est
1647 3533 1778 3585 Cha·

310 3617 425 3666 oria
441 3611 688 3665 archonte
701 3605 789 3668 (ol.
811 3609 892 3667 91,
914 3606 961 3667 2)
969 3617 1069 3668 per
1091 3605 1465 3654 Callistratum
1482 3608 1541 3674 in
1558 3604 1778 3655 urbanis

310 3685 588 3746 Dionysus,
613 3691 774 3746 quum
796 3678 992 3726 Lenaeis
1000 3677 1161 3737 poeta
1180 3675 1555 3738 Amphiaraum
1574 3674 1772 3724 docuis-

310 3759 384 3807 set
406 3767 502 3818 per
522 3747 866 3801 Philonidem.
898 3745 1128 3796 Secundo
1159 3745 1267 3795 loco
1292 3748 1442 3806 vicit,
1460 3749 1558 3796 Αυ.
1597 3749 1715 3808 Arq.
1745 3747 1776 3794 1

312 3831 363 3878 et
380 3829 461 3877 11.
490 3827 551 3873 In
590 3833 652 3871 ea
692 3818 868 3870 Avium
900 3818 1087 3870 Chorus
1125 3819 1420 3866 convocatur
1451 3817 1513 3866 ab
1549 3821 1709 3879 Epope
1728 3817 1779 3865 et

311 3902 459 3948 cantu
478 3892 697 3944 lusciniae
713 3927 729 3952 ,
749 3892 1020 3948 209-309,
1044 3886 1126 3936 0111
1148 3887 1317 3938 multae
1334 3902 1396 3938 ex
1432 3901 1492 3937 eo
1518 3900 1634 3940 aves
1663 3900 1781 3936 enu-

313 3969 563 4017 merantur
583 3999 599 4025 ,
647 3960 825 4024 partim
878 3957 1238 4007 describuntur.
1287 3965 1415 4010 Aves
1470 3957 1780 4008 advenientes

312 4036 648 4089 Pistlietaerum
667 4035 716 4080 et
737 4027 997 4090 Euelpiden
1019 4031 1076 4076 ut
1097 4027 1260 4078 hostes
1277 4027 1543 4089 invadunt,
1560 4027 1643 4080 aed
1668 4040 1779 4090 per·

312 4106 543 4160 suadetur
566 4102 685 4165 ipsis
711 4099 774 4149 ab
805 4104 965 4161 Epope
986 4110 1179 4147 summa
1199 4098 1457 4148 commoda
1486 4098 1611 4148 disci
1640 4110 1781 4161 posse

312 4177 378 4230 ab
398 4176 474 4226 bis
494 4171 712 4232 advenis,
733 4167 1047 4232 popularibus
1065 4167 1186 4229 5015,
1211 4168 1410 4220 numme
1426 4169 1612 4224 infestis
1627 4172 1679 4218 et
1696 4170 1781 4218 bo·

317 4247 532 4302 minibus
553 4239 880 4299 dexterrimiS,
913 4236 952 4286 si
974 4236 1192 4289 inducias
1219 4243 1270 4288 et
1296 4239 1590 4290 audientiam
1624 4238 1782 4288 facere

318 4315 638 4379 velintzquod
657 4313 906 4377 prestant,
922 4309 984 4360 iis
1006 4323 1135 4373 aegre
1154 4310 1375 4373 fidentes,
1402 4314 1670 4361 310-401.
1694 4316 1781 4361 ve·

317 4389 564 4439 1100100101·
588 4384 827 4434 mirantur
854 4393 905 4430 se
923 4393 1057 4443 reges
1073 4393 1178 4432 esso
1199 4380 1416 4442 cidens,
1443 4384 1531 4430 407
1556 4394 1691 4444 sqq.;
1712 4382 1780 4442 et,

316 4453 584 4511 Pistbetaeri
603 4451 913 4504 documentis
934 4450 1162 4512 convicti,
1182 4450 1440 4514 deplorant
1460 4455 1655 4514 patrum
1674 4465 1783 4500 suo·

320 4542 428 4580 rum
451 4524 713 4588 ignaviam,
732 4521 819 4584 qui
841 4524 1023 4571 tantam
1041 4521 1327 4584 dignitatem
1355 4523 1487 4585 passi
1508 4522 1610 4572 sint
1632 4522 1697 4574 ab
1730 4537 1783 4574 se

318 4595 515 4658 auferri,
535 4594 965 4654 Pistltet'aemmque
987 4591 1249 4654 implorant
1264 4597 1321 4646 ut
1343 4607 1543 4656 regnum
1571 4593 1688 4655 ipsis
1709 4607 1783 4644 ne-

319 4669 535 4732 cuperet,
558 4666 825 4715 539-549.
851 4662 999 4725 Cujus
1020 4663 1233 4714 consiliis
1255 4663 1437 4716 auditis
1460 4663 1747 4726 (improbatis
1766 4699 1782 4726 ,

324 4739 565 4790 020-637
581 4770 597 4797 ,
625 4731 851 4786 convivio
869 4733 1091 4795 excipere
1110 4733 1283 4795 jubent
1304 4739 1512 4797 Epopem
1538 4734 1782 4794 advenas,

322 4814 415 4861 058
432 4820 542 4871 sqq.
563 4803 1047 4872 Interea-Lusciniam
1078 4817 1191 4866 quae
1220 4818 1415 4866 egressa
1444 4808 1521 4858 est
1545 4805 1784 4866 saurim,

323 4881 587 4938 077-084,
606 4879 656 4926 et
674 4874 950 4924 bominibus
967 4876 1272 4935 aenimnosis,
1284 4876 1588 4926 somniorum
1614 4879 1662 4925 et
1680 4889 1787 4926 1110-

322 4952 520 5004 brarum
539 4945 798 5006 similibus,
819 4958 961 4998 suam
972 4945 1329 5008 antiquitatem,
1352 4958 1465 5009 11001
1480 4958 1649 4996 omnes
1671 4945 1786 4998 deus

312 5021 531 5082 Ι0111100111,
564 5016 799 5079 110101111εοἱ
811 5015 1191 5078 magnitudinem
1226 5018 1279 5066 et
1314 5016 1571 5070 cmmoda
1599 5029 1787 5074 ,51110010

323 5090 590 5152 exponunt,
608 5098 719 5150 quae
735 5085 834 5138 sint
854 5086 1099 5150 experturi
1128 5085 1214 5150 qui
1232 5086 1362 5151 ipsas
1385 5088 1487 5151 3001
1509 5087 1711 5137 deorum
1735 5086 1785 5135 10

3264 257 3371 309 631

1910 379 2019 429 1000
2037 378 2217 441 colant,
2242 382 2506 429 085-735.
2531 376 2826 439 Luscinlam,
2861 384 3047 428 Musam
3077 377 3347 431 silvestrem
3368 415 3379 432 .

1911 449 2173 510 invocant,
2208 453 2474 500 737-751.
2518 449 2879 512 spectatoribus
2917 454 3194 501 monstrant
3233 464 3380 513 quam

1909 520 2123 581 jucunde
2141 522 2191 569 et
2214 520 2370 581 facile,
2388 520 2428 570 si
2449 521 2534 583 qui
2554 520 2724 582 velint,
2748 533 2860 570 cum
2881 521 3055 570 avibus
3072 522 3172 571 sint
3187 521 3381 583 victuri,

1912 596 2177 642 752-708,
2220 598 2495 653 cycnorum
2541 594 2741 640 cantum
2798 591 3078 653 celebrant,
3115 596 3380 645 709-782.

1912 662 2194 711 Commodis
2219 662 2415 724 qllantis
2439 662 2629 710 fruatur
2650 663 2734 723 qui
2768 661 2923 711 alatus
2946 662 3011 711 sit
3031 666 3080 711 et
3097 662 3223 723 avis,
3241 675 3384 724 expo-

1913 736 2066 789 nunt,
2099 735 2364 781 785-800.
2404 729 2533 781 Urbe
2563 728 2908 791 Nubicuculia,
2951 732 3383 795 Νεφελοκοκκυγίᾳ,

1916 800 2112 850 condita
2131 803 2181 849 et
2202 801 2508 862 inaugurate,
2528 803 2826 861 augurantur
2844 801 3052 851 honores
3070 801 3263 851 divinos
3281 800 3385 863 qui·

1915 869 2008 921 bus
2042 883 2097 920 se
2124 869 2355 919 mortales
2387 870 2485 918 sint
2517 869 2742 919 affecturi
2773 870 2988 933 in‘ipsos
3020 871 3386 932 meritissimus,

1920 946 2229 993 loss-1070
2246 979 2261 1003 ,
2282 945 2332 992 et
2355 941 2546 991 decreta
2567 944 2757 1006 ponunt
2782 943 2832 991 in
2852 956 2938 992 eos
2967 943 3052 1005 qui
3086 944 3212 993 male
3242 945 3389 1006 agant

1914 1025 2030 1063 cum
2054 1013 2245 1073 avibus,
2270 1016 2589 1065 1071-1087,
2615 1012 2740 1061 vitae
2760 1025 2862 1061 suae
2883 1012 3165 1063 felicitatem
3185 1013 3388 1072 canunt,

1919 1087 2245 1134 1080-1100.
2289 1082 2548 1135 Judicibus
2589 1083 2791 1145 praemia
2832 1084 3124 1146 promittunt
3143 1120 3159 1147 ,
3210 1085 3251 1133 si
3295 1097 3388 1133 suo

1915 1155 2076 1205 choro
2093 1154 2345 1207 victoriam
2374 1152 2684 1215 adJudicent;
2711 1152 2837 1203 mala
2860 1153 3126 1216 minantur,
3153 1154 3195 1202 si
3228 1154 3386 1203 sinant

1915 1226 2069 1287 vinci,
2089 1231 2105 1276 1
2121 1230 2293 1277 101-1
2307 1232 2322 1271 1
2336 1230 2410 1275 17.
2433 1223 2558 1275 Iride
2573 1224 2698 1274 clam
2713 1226 2764 1274 10
2779 1225 2947 1275 urbem
2966 1225 3202 1288 ingressa,
3221 1236 3391 1277 omnes

1917 1296 2096 1346 armari
2108 1296 2300 1357 jubent,
2323 1300 2641 1347 1189—1198.
2663 1296 2768 1345 Diis
2787 1300 2836 1345 et
2853 1297 3014 1346 nidori
3036 1296 3390 1347 sacrificiorum

1915 1366 2176 1415 transitum
2227 1380 2314 1429 per
2353 1365 2722 1417 Nubicuculiam
2769 1366 3127 1417 interdixerunt
3151 1401 3168 1427 ‚
3209 1370 3388 1417 1202-

1921 1442 2060 1487 1200.
2079 1436 2390 1489 advenarum
2409 1435 2769 1487 multitudinem
2789 1438 2841 1487 et
2859 1436 3236 1486 invalescentem
3260 1448 3393 1485 amo·

1916 1520 2021 1556 rem
2045 1508 2180 1557 urbis
2199 1521 2306 1559 5010
2327 1507 2623 1569 gratulantes
2645 1506 2742 1555 sibi
2759 1541 2775 1567 ,
2798 1507 2891 1557 alis
2913 1506 3090 1556 instrui
3109 1506 3284 1568 jubent
3309 1505 3393 1555 ad-

1917 1590 2072 1629 venas
2093 1590 2280 1639 omnes,
2317 1580 2641 1627 1313-1334.
2667 1580 2875 1628 Narrant
2897 1577 3136 1627 mirabilia
3158 1590 3269 1639 quae
3303 1590 3389 1625 vo-

1916 1646 2063 1699 lando
2080 1650 2470 1710 conspexerunt,
2490 1645 2553 1696 de
2582 1647 2846 1713 Cleonymo
2871 1646 3113 1711 ῥιψάσπιδι
3141 1650 3193 1696 et
3220 1647 3394 1697 oreste

1918 1720 2066 1771 beroe
2096 1723 2397 1779 grassatore,
2439 1720 2748 1767 1470-1493
2767 1752 2783 1777 ,
2816 1717 2879 1767 de
2903 1717 3141 1775 Pisandro
3160 1752 3177 1778 ,
3210 1722 3394 1769 1553-

1924 1792 2066 1851 1504,
2084 1788 2146 1839 (le
2163 1787 2440 1837 oratoribus
2453 1800 2627 1849 genere
2653 1787 2892 1849 barbaris,
2908 1788 3075 1850 lingua
3098 1786 3395 1837 vindemian-

1918 1855 2057 1907 tibus
2093 1858 2146 1908 et
2180 1856 2303 1905 licus
2330 1855 2627 1917 legentibus,
2658 1860 2981 1909 1094-1705.
3007 1857 3230 1907 salutant
3257 1855 3394 1911 lovis

1919 1926 2153 1977 Basileam
2182 1926 2487 1989 (Potentiam
2507 1927 2753 1989 regiam),
2778 1940 2889 1988 quae
2917 1927 3201 1977 Pisttnetmro
3241 1929 3396 1987 nupta

1920 1995 2091 2045 urbem
2117 1995 2286 2057 intrat,
2303 1995 2615 2058 liymenaeum
2640 2001 2855 2057 cantant,
2880 1997 2930 2045 et
2958 2008 3202 2049 novorum
3226 2007 3393 2058 regum

1920 2063 2112 2115 beatam
2132 2066 2400 2128 potentiam
2423 2066 2686 2128 celebrant,
2719 2070 3038 2117 1720-1764.

1824 2138 1825 2147 ¹
1859 2130 2037 2192 Ἂξονες
2059 2137 2111 2187 et
2127 2134 2329 2198 κὺρόεις,
2354 2135 2486 2187 Nuo.
2511 2140 2603 2187 448
2623 2139 2678 2186 in
2699 2139 2806 2185 not.

2593 2271 2669 2337 B.

1860 2410 2074 2473 Babylon
2109 2425 2253 2461 muro
2285 2411 2494 2462 laterum
2529 2413 2780 2464 coctilium
2816 2413 3061 2477 asphalto
3099 2416 3396 2467 vinctorum

1923 2482 2226 2533 communita
2246 2495 2282 2532 a
2297 2483 2653 2544 Semiramide,
2675 2488 2763 2535 Av.
2788 2491 2900 2537 552.

1862 2551 2159 2614 Babylonii,
2171 2550 2378 2613 sabula
2396 2553 2762 2615 Artstophanis
2784 2566 2923 2603 anno
2951 2556 3078 2607 ante
3101 2554 3398 2607 Acharneu-

1923 2636 2006 2673 ses
2045 2626 2309 2686 Dionysiis
2339 2626 2511 2674 vernis
2545 2624 2711 2685 edita,
2763 2626 3018 2675 lacessens
3050 2629 3397 2689 maai-stratus

1924 2698 2040 2745 tam
2058 2698 2201 2744 sorte
2219 2708 2379 2759 quam
2400 2695 2684 2758 suffr-aytis
2703 2696 2892 2747 eleetos
2914 2700 2966 2747 et
2992 2698 3248 2761 Cleonem,
3261 2712 3399 2763 proe·

1922 2764 2156 2814 sentibus
2172 2767 2326 2814 sociis
2345 2781 2362 2814 .-
2384 2777 2548 2828 quare
2565 2768 2825 2816 accusatus
2843 2779 2875 2815 a
2890 2766 3068 2818 0100110
3090 2774 3248 2831 poeta,
3273 2771 3395 2821 Aah.

1924 2839 2036 2885 378.
2064 2834 2199 2886 Add.
2227 2840 2336 2886 503.
2378 2836 2502 2887 Vide
2511 2837 2825 2900 fraumenta
2847 2840 3052 2899 43-73,
3068 2850 3129 2902 p.
3161 2843 3254 2890 452
3284 2854 3393 2907 sqq.

1861 2907 2081 2968 Baccltoe,
2113 2908 2221 2967 Lys.
2257 2911 2394 2967 1312;
2419 2908 2683 2970 Delplricae,
2709 2908 2845 2958 Nub.
2871 2912 2982 2958 005.
3005 2910 3227 2960 Bacchae
3254 2912 3397 2964 hoves

1924 2977 2236 3040 rumpebant
2257 2979 2310 3026 et
2332 2978 2526 3028 crudas
2547 2990 2732 3027 carnes
2757 2979 3032 3040 vorabant,
3061 2983 3193 3030 Ran.
3220 2985 3310 3032 357
3318 3022 3330 3031 .

1862 3046 2287 3096 Bora-liebaccbum
2312 3059 2503 3107 canere,
2531 3049 2629 3109 Eq.
2655 3049 2764 3096 408.

1866 3115 2231 3249 [Baccllziadau
2266 3119 2512 3181 princeps
2560 3117 2798 3167 Corinthi
2823 3114 3072 3180 familia,
3107 3123 3216 3171 not.
3261 3125 3395 3173 Rani

1864 3258 2097 3307 3000111115
2137 3257 2397 3318 dominus,
2439 3255 2693 3318 1100011101,
2729 3260 2847 3319 etc„
2882 3256 3155 3308 celebratur
3196 3260 3395 3312 Thestii.

1864 3398 2098 3458 00001105,
2117 3397 2359 3457 Διόνυσος,
2383 3392 2518 3446 lovis
2541 3396 2669 3445 filius
2690 3397 2913 3458 Nyseius,
2939 3399 3097 3460 Nysoe
3118 3401 3175 3449 in
3205 3401 3402 3452 Arabia

1926 3469 2008 3519 vel
2033 3468 2299 3530 AEthiopia
2323 3470 2499 3526 natus,
2533 3471 2664 3516 Itan.
2697 3473 2806 3515 210.
2830 3470 2992 3529 Nym
3013 3468 3188 3520 dictus
3219 3472 3284 3520 ab
3306 3475 3400 3522 In-

1926 3539 2012 3589 dis
2058 3541 2111 3589 et
2161 3537 2401 3587 ommibus
2440 3536 2562 3598 sere
2597 3538 2813 3599 populis
2844 3539 3213 3601 orientalibus,
3269 3542 3395 3593 ibid.

1925 3609 2120 3660 Bacchi
2159 3610 2441 3670 imaainem
2476 3611 2705 3668 Psya-sus
2747 3607 3045 3659 Eleutheris
3084 3613 3296 3661 Boeotioe
3343 3616 3399 3663 in

1926 3682 2158 3729 Atticam
2178 3677 2372 3728 detulit
2380 3694 2404 3738 ,-
2443 3690 2543 3741 quo
2567 3680 2808 3739 primum
2830 3690 2932 3728 non
2959 3678 3238 3744 honorifice
3263 3695 3400 3733 aece-

1917 3752 2035 3812 plo,
2063 3748 2272 3798 tandem
2294 3748 2471 3797 morbo
2494 3748 2809 3809 yenicaiium
2838 3747 3167 3800 Athenienses
3187 3750 3398 3813 afflicti,

1926 3820 2133 3872 cultum
2179 3819 2262 3869 dei
2293 3821 2348 3869 et
2388 3818 2695 3881 φαλλῳορίαν
2739 3819 2885 3881 apud
2932 3831 2987 3868 se
3030 3822 3399 3883 instituerunt,

1927 3888 2050 3938 Ach.
2078 3890 2186 3938 243.
2221 3888 2459 3937 Bacchus
2497 3887 2778 3951 μελάναιγις,
2799 3890 2938 3937 atroe
2961 3901 3137 3950 caprae
3152 3892 3294 3952 pelle
3327 3897 3401 3944 m.

1927 3958 2110 4017 dutus,
2149 3959 2241 4019 qui
2277 3960 2355 4006 est
2391 3956 2603 4007 habitus
2647 3960 2896 4017 rusticus,
2928 3956 3093 4018 fallit
3125 3961 3403 4016 Xanthum

1926 4031 2164 4079 Boeotum
2189 4028 2256 4076 de
2280 4028 2612 4077 Celaenarum
2621 4030 2941 4089 possessione
2975 4040 3096 4078 cum
3131 4031 3403 4083 Melantho

1924 4101 2287 4161 puynantem:
2312 4096 2433 4146 hinc
2474 4098 2587 4159 ejus
2609 4098 2814 4158 festum
2851 4095 3084 4160 Athenis,
3124 4100 3248 4150 Ach.
3294 4107 3399 4165 140,

1928 4172 2055 4219 Pac.
2081 4174 2189 4219 890.
2215 4166 2448 4218 Bacchus
2470 4172 2766 4232 Lycur-qum
2787 4171 2972 4219 timens
2993 4171 3048 4218 in
3075 4172 3399 4237 maresuan,

1930 4241 2028 4302 Eq.
2055 4243 2165 4289 539.
2187 4242 2263 4288 De
2297 4237 2502 4288 Baccho
2539 4239 2605 4289 ab
2629 4242 2863 4303 Lycurqo
2889 4242 3124 4302 correpto
3155 4244 3400 4304 quaedam

1929 4324 1998 4361 ex
2025 4318 2266 4374 Lycurgea
2285 4309 2535 4373 AEschyli‚
2566 4312 2763 4362 Thesm.
2797 4315 2881 4361 130
2904 4324 2980 4375 sq.
3010 4309 3250 4364 Bacchus
3271 4319 3400 4368 Pen-

1932 4383 2037 4432 thei
2059 4383 2359 4431 violentiam
2368 4379 2606 4444 fugiens,
2632 4384 2886 4445 recipitur
2902 4381 2967 4431 ab
2987 4384 3179 4444 Icario,
3205 4387 3290 4435 cui
3307 4386 3402 4438 hoc

1933 4453 2214 4515 hospicium
2237 4452 2372 4502 dono
2403 4451 2658 4514 rependit,
2686 4455 2783 4517 Eq.
2818 4457 2927 4503 700.
2953 4453 3146 4502 Bacchi
3171 4458 3401 4507 nutrices

1933 4523 2116 4574 Medea
2163 4527 2222 4573 in
2258 4524 2595 4586 juventutem
2645 4525 2880 4572 restituit
2935 4523 3221 4586 coquendo,
3256 4528 3402 4589 apud

1929 4594 2253 4656 AE'schylum,
2293 4597 2389 4656 Eq.
2435 4597 2571 4643 1321.
2605 4591 2866 4641 Bacchum
2891 4594 3064 4654 ipsum
3099 4598 3402 4660 contempsit

1932 4663 2016 4713 vel
2041 4666 2216 4713 asinos
2239 4663 2516 4724 ojus-icem
2551 4662 2730 4712 Midas
2761 4664 2813 4711 et
2847 4673 2883 4710 a
2918 4660 3013 4710 deo
3037 4663 3287 4726 punitur,
3314 4668 3397 4716 Pl.

1936 4738 2043 4784 287.
2069 4732 2264 4783 Bacchi
2279 4734 2510 4782 amasius
2545 4731 2832 4794 staphylus
2859 4730 3037 4791 Thasi,
3077 4732 3160 4780 Pl.
3208 4737 3321 4784 1021
3349 4741 3401 4786 ct

1935 4807 2043 4854 noi.
2068 4803 2273 4854 ,Baccho
2295 4813 2465 4852 sacrae
2485 4804 2614 4851 sunt
2636 4804 2741 4851 cres
2761 4801 2987 4863 plantoe,
3011 4799 3234 4864 hedera,
3259 4807 3398 4866 vitis,

1932 4878 2139 4937 myrtus
2163 4891 2181 4924 .·
2202 4886 2432 4937 quar-mn
2446 4876 2768 4935 postremam
2789 4872 3003 4922 Plutoni
3019 4869 3182 4935 dedit,
3199 4877 3403 4927 carissi-

1935 4958 2080 4996 mum
2100 4945 2241 5008 quod
2260 4944 2474 4996 habu-et
2495 4944 2564 4992 ab
2581 4946 2696 5006 ipso
2706 4943 3029 5006 postulanti,
3055 4954 3219 5005 quum
3234 4948 3399 4997 seme-

1936 5015 2022 5065 len
2039 5017 2264 5064 mtrem
2283 5023 2353 5063 ex
2368 5017 2495 5063 orco
2513 5011 2810 5071 reducebat,
2827 5024 2929 5074 per
2961 5015 3216 5061 lunonem
3247 5016 3398 5077 impe-

1938 5087 2079 5136 trato
2095 5084 2272 5136 reditu
2279 5099 2300 5144 ,⁶
2321 5086 2462 5135 testis
2479 5084 2696 5149 Iophon,
2717 5085 2852 5133 Ran.
2874 5085 2983 5132 330.
3010 5082 3224 5133 Bacchus
3239 5119 3255 5145 ,
3275 5085 3399 5139 lilius
