3859 5725
1631 284 2040 347 RANARUM.

343 442 492 496 1270
523 421 585 481 ἐκ
612 416 860 502 Τηλέφου
896 414 1165 498 Αἰσχύλου
1201 416 1374 475 habet
1412 421 1485 476 R.
1524 417 1777 494 Regius:

3285 300 3400 352 5³5

1873 421 2013 495 Reg.
2040 418 2099 476 in
2129 418 2201 495 gl.
2233 416 2420 476 σκόλια
2449 421 2541 492 Β.,
2587 419 2686 495 qui
2721 415 2960 495 λέγονται
3003 440 3115 479 0111.
3157 422 3401 500 παροίνια

258 509 569 592 Τιμαχίδας
592 512 746 569 τοῦτο
781 505 940 588 φησὶν
963 507 1017 563 ἔν
1058 501 1291 585 Τηλέφῳ
1319 500 1546 585 δράματι
1574 501 1786 581 Αἰσχύο-
1872 506 2164 564 GeleniuS.
2182 503 2467 586 παροιτήια
2484 510 2550 564 Β.
2572 511 2640 563 V.
2658 507 2728 567 Θ.
2748 512 2830 564 Μ.
2854 507 2975 566 ΑΙᾶ.
3000 507 3403 586 παραθαλάττια

258 605 368 663 λου.
406 606 461 660 Is
506 597 694 656 codex
728 596 922 654 omnia
961 594 1082 653 fere
1109 591 1282 650 habet
1319 609 1449 670 quae
1478 612 1552 651 ex
1587 594 1776 652 Tima-
1873 598 2036 674 Reg„
2072 595 2229 673 quod
2270 607 2461 652 ortum
2502 595 2690 653 videri
2737 608 2928 673 potest
2961 617 3032 655 ex
3072 598 3399 678 παραθοίνια.

256 689 429 749 chida
452 687 778 745 referuntur
792 728 810 758 ,
831 701 904 742 ex
931 694 1252 739 ceterorum
1281 680 1781 758 grammaticorum

255 773 651 837 notationibus
675 791 860 851 prope
886 769 1052 829 nihil.

343 873 514 936 1274,
548 870 620 930 42
649 858 684 931 ἢ
713 861 762 919 οἳ
788 860 857 920 Θ.
893 855 1106 933 Regius
1132 875 1146 911 t
1174 853 1349 913 Τοῦτο
1381 852 1488 911 ἀπό
1524 875 1662 921 τινος
1685 852 1782 914 λέ-

253 974 404 1031 γεται
426 947 556 1032 πρός
575 970 718 1013 τινας
741 944 1013 1025 διάγοντας
1035 940 1090 1001 ἔν
1118 963 1222 1000 τινι
1248 939 1397 999 ἄλσει
1423 940 1646 1013 πλησίον
1671 941 1782 1002 ὄντι

255 1044 381 1099 ναοῦ
409 1042 500 1110 τῆς
542 1033 873 1119 Ἀρτέμιδος,
902 1028 970 1090 ἵν’
1012 1029 1229 1089 εἴπωσιν
1264 1019 1406 1088 οὗτοι
1429 1031 1507 1110 τῷ
1537 1030 1782 1113 νεωκόρῳ

251 1124 495 1202 ἀνοίγειν.
542 1121 656 1182 ἔστι
693 1120 748 1181 δὲ
789 1119 894 1180 ἀπὸ
935 1122 1026 1178 τοῦ
1068 1115 1330 1197 δράματος
1369 1114 1640 1197 Αἰσχύλου
1674 1119 1778 1175 τῶν

271 1218 325 1275 lt
388 1217 496 1273 ιῶν.

328 1236 508 1375 ί11175.
548 1302 677 1358 Hoc
711 1296 973 1355 scholion
1017 1294 1208 1353 versui
1255 1296 1402 1364 1264
1440 1293 1780 1353 adscribunt

247 1395 318 1450 R.
343 1391 414 1451 Θ.
434 1427 500 1440 -
525 1387 598 1456 45
626 1385 683 1457 ἷη
707 1390 776 1444 Β.
797 1418 861 1437 -
883 1392 955 1457 47
981 1380 1043 1441 τὸ
1079 1380 1188 1454 ἰήκ.
1211 1383 1272 1441 111
1297 1387 1368 1443 Β.
1393 1383 1466 1444 Θ.
1497 1402 1613 1443 0111.
1647 1385 1777 1443 Ald.

245 1479 307 1536 οὗ
336 1476 580 1542 πελάθεις
606 1494 726 1533 om.
753 1473 823 1533 Θ.

332 1565 505 1637 1276,
534 1563 607 1621 50
637 1555 1244 1641 βουὸωνιῶ-βουὸῶνας
1261 1577 1378 1616 0111.
1409 1560 1475 1617 G.
1509 1557 1779 1636 βουὸωνιῶ

244 1650 303 1711 δὲ
324 1674 440 1712 om.
458 1658 530 1711 R.
554 1657 624 1711 V.
646 1654 784 1726 Reg.
809 1668 824 1704 1
850 1644 1122 1713 Βουὸῶνες
1136 1644 1382 1723 λέγονται
1404 1642 1501 1724 μὲν
1520 1647 1640 1706 τινὰ
1657 1646 1779 1729 περὶ

240 1739 361 1809 τοὺς
399 1737 617 1822 νεφροὺς
660 1734 817 1818 μέρη.
866 1731 1116 1813 λέγονται
1160 1729 1217 1791 δὲ
1261 1731 1353 1791 καὶ
1399 1731 1617 1815 φύματά
1658 1757 1779 1794 τινα

241 1829 455 1909 ὀγκώδη
504 1831 566 1889 ἐκ
606 1850 642 1886 κ
714 1848 788 1884 ων
826 1821 863 1895 ἢ
890 1823 982 1883 καὶ
1022 1821 1151 1893 ὕλης
1191 1826 1465 1903 μοχθηρᾶς
1507 1824 1776 1904 γινόμενα.

242 1918 460 1978 εἰώθασι
501 1915 559 1977 δὲ
597 1919 769 1976 ταῦτα
808 1909 1030 1994 φύεσθαι
1073 1908 1109 1982 ἢ
1138 1911 1192 1969 ἐν
1227 1919 1339 1980 τοῖς
1367 1911 1563 1979 κοίλοις
1596 1912 1779 1997 μέρεσι

240 2009 349 2067 τῶν
377 2008 562 2089 μηρῶν
589 2001 625 2075 ἢ
656 2005 710 2063 ἐν
732 2009 848 2067 ταῖς
874 1999 1150 2079 ἀγκάλαις.

330 2096 500 2170 1281,
534 2115 557 2152 1
584 2091 613 2152 δ
641 2112 756 2151 om.
788 2094 859 2148 R.
878 2085 1009 2168 ὅπερ
1037 2088 1134 2161 Θ.,
1166 2090 1270 2166 qui
1295 2109 1328 2146 2
1361 2086 1634 2168 ἱστάμενοι
1654 2110 1771 2149 om.

328 2184 509 2255 1285,
550 2179 702 2240 8-15
744 2189 802 2238 et
847 2177 1020 2234 18-20
1053 2196 1166 2234 0111.
1209 2177 1383 2236 etiam
1412 2179 1484 2239 Θ.
1513 2181 1680 2237 Μ.-
1706 2200 1771 2253 ¹7

239 2269 637 2350 διεσπασμένως
661 2272 732 2326 R.
763 2260 1122 2344 διεσπαρμένα
1146 2265 1340 2323 ceteri.

327 2361 478 2418 1286
501 2363 573 2417 R.
599 2355 772 2415 habet
791 2354 851 2411 ἐκ
876 2349 1107 2434 Σφιγγὸς
1124 2350 1410 2431 Αἰσχύλου.
1426 2388 1491 2400 -
1511 2353 1584 2409 23
1605 2352 1773 2412 ἀσυν-

238 2451 579 2507 ετοποιοῦντα
633 2443 765 2502 Ald.
820 2439 1049 2499 ἀσύνετα
1108 2445 1362 2500 ποιοῦντα
1422 2438 1514 2498 καὶ
1564 2437 1774 2516 ἄμουσα

236 2542 380 2614 Reg.
404 2534 459 2595 δὲ
482 2554 599 2595 om.
623 2536 705 2592 M.
735 2529 825 2590 καὶ
849 2529 1110 2589 additum
1147 2550 1221 2589 ex
1252 2533 1323 2588 V.
1367 2529 1439 2589 Θ.
1463 2565 1526 2578 -
1546 2530 1621 2588 25
1649 2550 1775 2612 προ·

237 2623 406 2691 θέσεις
435 2630 585 2681 V.—
607 2622 682 2679 32
706 2619 818 2702 δορὶ
846 2609 992 2677 εἶπεν
1023 2623 1164 2696 neg.

327 2733 499 2789 1291,
523 2710 595 2769 35
622 2729 706 2787 sq.
738 2727 851 2766 om.
882 2709 952 2766 Θ.
983 2711 1060 2765 Μ.
1101 2705 1191 2764 Λᾶ
1225 2714 1375 2782 1294
1401 2709 1471 2763 R.
1500 2705 1676 2765 habet
1719 2706 1778 2764 ἐκ

236 2801 506 2884 Θρῃσσῶν
538 2794 828 2877 Αἰσχύλου.
847 2837 904 2848 -
932 2796 1009 2871 39
1033 2792 1423 2873 Ἀπολλόδωρος
1453 2797 1536 2854 Μ.

324 2890 507 2966 1296,
546 2886 735 2956 41-43
769 2902 883 2941 0111.
927 2882 1000 2942 Θ.
1031 2881 1285 2949 Μ.-45
1305 2878 1628 2961 ὃν-φλόμον
1660 2901 1776 2940 om.

235 2982 307 3036 G.
330 2976 477 3034 Vide
502 2972 757 3034 Lobeck.
781 2970 853 3028 ad
876 2968 1190 3045 Phrynich.
1213 2988 1272 3046 p.
1297 2978 1429 3043 294.
1449 2966 1510 3026 τὸ
1527 2970 1668 3049 φλατ
1683 2969 1780 3028 ad-

238 3066 424 3124 ditum
447 3083 520 3122 ex
541 3068 614 3121 R.
631 3098 694 3111 —
715 3061 789 3129 46
807 3057 870 3117 τὸ
891 3055 1153 3137 παρόμιον
1182 3054 1310 3134 (sic)
1331 3061 1399 3115 V.
1426 3058 1499 3116 Θ.
1526 3058 1602 3135 πῖ)
1633 3054 1778 3138 φλέῳ

235 3151 297 3212 τὸ
324 3148 524 3234 φλαττό
549 3149 685 3207 libri
715 3157 926 3225 praeter
943 3148 1015 3225 Β.
1054 3134 1142 3202 οὖν
1177 3162 1294 3202 0111.
1320 3143 1459 3203 Θ.-
1496 3152 1566 3215 47
1594 3143 1778 3223 πολλῷ

234 3247 308 3298 V.
336 3239 520 3305 τόπος·
546 3234 660 3296 ἔστι
683 3233 740 3295 δὲ
764 3231 916 3299 ἄνθος
935 3236 965 3292 ὁ
992 3228 1161 3314 φλεώς
1188 3236 1264 3289 Β.

324 3347 508 3405 1297,
556 3333 633 3402 49
671 3320 774 3404 γὰρ
815 3340 932 3383 om.
975 3325 1129 3379 V.-
1152 3318 1225 3375 50
1264 3315 1525 3395 σχοινίον·
1552 3316 1669 3390 ἥτις
1705 3321 1776 3384 ὡς

235 3416 629 3475 ἔπιτοπλεῖστον
673 3413 726 3470 ἔν
755 3416 862 3478 τοῖς
899 3406 1119 3490 φρέασιν
1161 3403 1477 3487 ἀπῃώρηται
1511 3405 1644 3465 Ald.
1681 3408 1769 3484 ῑμ.

234 3502 293 3563 δέ
318 3505 458 3563 ἐστιν
482 3507 517 3576 ἡ
548 3503 734 3565 κοινῶς
761 3495 1023 3577 λεγομένη
1052 3492 1224 3572 ἀνέμη
1242 3537 1259 3564 ,
1292 3491 1359 3551 δι’
1397 3483 1460 3564 ἧς
1495 3492 1774 3553 ἀνέλκουσι

231 3590 296 3652 τὸ
320 3588 461 3672 ὕδωρ
478 3613 492 3628 ·
524 3588 640 3663 ἥτις
675 3588 730 3646 ἓν
774 3586 988 3652 πολλοῖς
1027 3585 1135 3643 τῶν
1175 3578 1414 3664 φρεάτων
1454 3578 1773 3662 ἀπῃώρηται

233 3683 321 3739 Re
364 3722 380 3737 .
1162 3720 1171 3728 .

324 3700 497 3842 5298,
534 3786 557 3822 1
589 3761 727 3845 φημὶ
753 3766 827 3821 V.
853 3756 1145 3826 εἶς-αὗτὰ
1167 3762 1260 3832 Β.,
1284 3757 1394 3815 nisi
1425 3756 1586 3835 quod
1611 3757 1771 3814 αὐτοῦ

233 3854 510 3930 scriptum
541 3864 646 3909 est.
671 3845 805 3907 αὐτὰ
824 3848 883 3906 ἐκ
911 3846 1040 3924 (ἀπὸ
1063 3845 1158 3925 G.)
1184 3850 1276 3905 τοῦ
1300 3847 1465 3904 καλοῦ
1490 3846 1562 3911 εἷς
1582 3843 1645 3903 τὸ
1675 3868 1774 3904 κα-

231 3940 323 4000 λὸν
352 3942 423 3998 V.
451 3939 523 3999 Θ.
553 3931 1081 4013 Ἐγὼ--μετήνεγκα
1107 3953 1225 3994 om.
1245 3938 1330 3994 M.
1359 3932 1564 3992 Ald.—
1593 3935 1626 3992 3
1652 3956 1774 4014 τρα-

230 4027 379 4108 γικὸν
408 4025 613 4086 Suidas
641 4043 687 4082 ε.
710 4019 858 4101 Ἐγὼ
888 4019 1004 4101 μέν.
1039 4022 1111 4087 εἰς
1135 4040 1251 4080 0111.
1290 4026 1356 4079 V.
1399 4022 1469 4082 Θ.
1492 4026 1573 4079 Μ.
1602 4025 1773 4080 ταῦτα

232 4121 305 4177 V.
325 4152 388 4171 -
405 4116 440 4174 5
469 4111 885 4192 ἔπιτυγχάνοντα
918 4117 1025 4176 τοῖς
1044 4110 1408 4191 κιθαρῳδικοῖς
1435 4109 1567 4168 Ald.

319 4221 493 4279 1299,
518 4221 548 4274 7
580 4199 754 4272 ήνεκω
814 4194 870 4257 δὲ
895 4201 958 4255 V.
985 4196 1169 4269 ἤνεκον
1207 4194 1264 4254 δὲ
1296 4204 1366 4257 G.
1397 4201 1489 4255 τοῦ
1510 4195 1675 4256 ἐνέκω
1697 4198 1768 4258 Θ.

230 4292 465 4369 -8511,
493 4289 605 4369 Φρ.
643 4289 720 4367 tif>
763 4286 1029 4365 μελοποιῷ
1073 4289 1144 4344 Β.
1179 4281 1315 4361 μέλη
1357 4285 1521 4342 ποιῶν
1554 4282 1769 4364 φανείην

235 4378 554 4462 δρεπόμενος
583 4381 852 4453 Reg.—9
881 4370 1157 4450 μελοποιὸς
1184 4368 1311 4443 ἡδύς
1329 4375 1402 4431 R.
1433 4368 1561 4443 ἡδὺς
1588 4372 1641 4429 ἐν
1664 4378 1772 4438 τοῖς

231 4466 418 4527 μέλεσι
444 4466 497 4546 (ὅ
519 4463 653 4524 add.
680 4467 751 4521 V.
781 4462 873 4538 Θ.)
902 4459 1169 4543 Φρύνιχος
1205 4460 1399 4518 ceteri.
1428 4457 1593 4530 ἀηδὴς
1622 4449 1688 4530 ἦν
1714 4460 1768 4517 ἐν

229 4563 339 4621 τοῖς
364 4553 574 4632 μέλεσιν
598 4556 738 4627 Reg.
761 4586 824 4599 —
849 4569 910 4606 11
957 4545 1330 4625 μετενήνεκται
1357 4549 1427 4607 Θ.
1456 4550 1485 4605 ὃ
1512 4551 1582 4606 Β.
1617 4544 1709 4605 καὶ
1739 4551 1768 4606 ὁ

230 4645 304 4704 Θ.
334 4642 426 4701 καὶ
463 4647 530 4698 V.
579 4638 710 4698 Ald.
740 4644 994 4717 προσεῖπε
1033 4635 1168 4694 Ald.
1197 4634 1285 4694 Ad
1325 4654 1382 4693 v.
1414 4636 1550 4691 1301
1591 4639 1765 4712 Reg.:

233 4731 365 4813 Εὖρ.
403 4731 463 4789 οὗ
490 4725 629 4787 κατὰ
656 4724 725 4785 τὰ
756 4723 862 4803 ἐμὰ
885 4719 1163 4806 προφέρει,
1199 4719 1336 4782 ἀλλὰ
1363 4720 1482 4791 ξένα
1523 4720 1612 4780 καὶ
1640 4722 1767 4782 νόθα

230 4818 374 4904 ἤδη,
433 4807 540 4876 οἶόν
592 4817 704 4874 ἐστι
758 4812 826 4872 τὰ
872 4813 1157 4893 πορνογενῆ
1208 4808 1528 4889 γεννήματα.
1580 4808 1765 4869 σκόλια

233 4910 290 4970 δὲ
321 4923 428 4967 etc.

321 4998 500 5067 1302,
543 5014 612 5053 12
642 4995 816 5071 μελῶν
843 5014 999 5051 τινων
1040 4992 1094 5049 ἐν
1133 4987 1444 5067 συμποσίοις
1476 4986 1762 5068 γινομένων

231 5084 355 5144 Ald.
381 5095 439 5142 et
465 5083 538 5161 gl.
566 5082 624 5141 in
657 5082 728 5141 Θ.
762 5082 935 5158 μελῶν
973 5102 1129 5138 τινων
1163 5076 1606 5160 παραθαλασσίων
1636 5077 1762 5155 (sic)

1869 681 2094 765 πάροινα
2125 680 2261 761 μέλη
2290 683 2350 741 111
2370 682 2589 742 scholio
2619 682 2832 742 codicis
2857 685 3088 757 Veneti,
3119 686 3275 762 quod
3302 687 3400 744 in-

1871 783 1961 830 ter
1986 771 2400 849 Prolegomena
2449 770 2521 830 de
2582 770 2859 830 comoedia
2904 773 3115 851 legitur
3139 816 3157 845 ,
3215 775 3401 852 capite

1877 879 1946 916 12
1972 859 2105 931 fine,
2130 860 2190 917 in
2220 872 2455 917 nota.—
2477 859 2543 916 13
2566 872 2699 937 post
2726 857 2943 940 ᾅσματα
2963 859 3125 918 addit
3152 862 3274 920 Ald.
3293 865 3401 922 Τι-

1870 945 2111 1029 μοκρέων
2142 945 2198 1006 δὲ
2224 950 2253 1006 ὁ
2278 945 2482 1012 Ῥόδιος
2510 945 2752 1014 ἐποποιὸς
2778 950 3010 1006 τοιοῦτον
3038 945 3167 1030 ἱγρα
3269 973 3401 1010 σκο-

1867 1035 1979 1095 λιὸν
2003 1034 2144 1095 κατὰ
2165 1040 2256 1095 τοῦ
2281 1033 2543 1110 Πλούτου,
2559 1025 2617 1094 οὗ
2643 1039 2678 1107 ἡ
2707 1034 2877 1116 ἀρχὴ,
2902 1061 2925 1088 ιι
2948 1032 3143 1118 ὤφελες
3173 1061 3218 1096 ω
3241 1039 3402 1121 τυφλὲ

1869 1125 2077 1186 Πλοῦτε
2116 1121 2241 1203 μήτ’
2267 1125 2321 1182 ἐν
2349 1125 2418 1202 γῇ
2457 1123 2582 1201 μήτ’
2602 1124 2656 1181 ἐν
2694 1122 2927 1202 θαλάττῃ
2962 1122 3087 1201 μήτ’
3119 1126 3173 1183 ἐν
3199 1126 3402 1206 ἠπείρῳ

1867 1210 2197 1294 φανήμεναι,
2240 1208 2380 1269 ἀλλὰ
2421 1208 2698 1292 Τάρταρόν
2739 1232 2800 1287 γε
2840 1209 3033 1282 ναίειν,
3079 1210 3399 1294 κάχέροντα·

1869 1297 1958 1359 διὰ
1986 1299 2043 1358 σὲ
2072 1298 2176 1382 γὰρ
2200 1297 2358 1357 πάντ’
2381 1298 2436 1356 ἐν
2470 1298 2762 1380 ἀνθρώποις
2795 1295 2955 1357 κακά.
2972 1324 2998 1350 ²·
3026 1296 3227 1366 τούτοις
3267 1298 3401 1359 ἔοικε

1863 1386 1930 1448 τὰ
1958 1388 2058 1447 ὑπὸ
2078 1385 2395 1467 Περικλέους
2415 1384 2784 1464 εἷσηγηθέντα·
2804 1383 3000 1468 ἔγραψε
3023 1384 3126 1466 γὰρ
3153 1387 3401 1470 ψήφισμα

1865 1481 2098 1536 τοιοῦτον
2141 1479 2170 1535 ὁ
2207 1477 2503 1555 Περικλῆς,
2556 1471 2834 1556 Μεγαρέας
2872 1471 2999 1552 μήτ’
3034 1477 3226 1554 ἀγορᾶς
3268 1475 3403 1554 μήτε

1866 1563 2125 1636 θαλάττης
2149 1561 2276 1641 μήτ’
2300 1561 2521 1643 ἠπείρου
2556 1561 2794 1641 μετέχειν
2809 1607 2827 1641 ,
2855 1560 3014 1641 ὅμοια
3035 1563 3192 1630 τιθεὶς
3216 1563 3404 1623 σκολιὰ

1864 1660 1972 1718 τοῖς
2015 1649 2415 1733 Τιμοκρέοντος.
2458 1648 2551 1709 καὶ
2596 1639 2770 1723 αὗθις,
2816 1648 3006 1727 νόμους
3029 1649 3185 1710 ἐτίθει
3223 1649 3403 1733 ὥσπερ

1866 1738 2052 1799 σκολιὰ
2094 1735 2505 1822 γεγραμμένους.
2553 1736 2743 1804 ἄλλως.
2794 1737 3005 1797 σκολιὸν
3050 1742 3086 1810 ἡ
3137 1739 3405 1820 παροίνιος

1865 1827 2006 1911 ᾠδὴ,
2030 1830 2099 1895 ὣς
2124 1825 2219 1906 μὲν
2255 1825 2449 1887 Δικαία
2481 1848 2576 1906 χος
2609 1828 2663 1885 ἐν
2690 1828 2768 1908 τῷ
2790 1826 2912 1907 περὶ
2953 1830 3219 1905 μουσικῶν
3255 1826 3403 1905 ἀγώ-

1864 1939 1998 1988 νων,
2024 1914 2105 1976 ὅτι
2137 1914 2257 1995 τρία
2283 1912 2411 1991 γένη
2476 1937 2503 1970 ν
2523 1914 2695 1994 ᾠδῶν,
2714 1912 2777 1972 τὸ
2804 1910 2900 1990 μὲν
2922 1911 3025 1971 ὑπὸ
3042 1911 3254 1972 πάντων
3285 1912 3402 1995 ᾀδό-

1866 2028 2020 2083 μενον
2050 2004 2168 2065 καθ’
2192 2001 2283 2063 ἕνα
2309 2001 2457 2077 ἑξῆς,
2485 2002 2545 2061 τὸ
2574 2001 2630 2061 δὲ
2660 2000 2762 2060 ὑπὸ
2787 2004 2892 2060 τῶν
2925 2000 3304 2062 συνετωτάτων
3329 2006 3402 2070 ὡς

1864 2092 2021 2174 ἔτυχε
2051 2096 2118 2174 τῇ
2147 2090 2319 2160 τάξει,
2350 2090 2381 2150 ὃ
2404 2088 2467 2162 δὴ
2505 2091 2747 2150 καλεῖται
2773 2089 3011 2148 σκολιόν·
3052 2092 3124 2155 ὡς
3164 2090 3209 2147 δ’
3250 2089 3401 2173 Ἀρι-

1863 2180 2097 2250 στύξενος
2126 2179 2220 2240 καὶ
2245 2177 2450 2245 Φύλλις
2472 2182 2501 2238 ὁ
2529 2177 2808 2257 μουσικὸς,
2845 2175 2926 2235 ὅτι
2966 2178 3020 2234 ἔν
3067 2184 3177 2243 τοῖς
3211 2176 3403 2255 γάμοις

1862 2269 1984 2351 περὶ
2007 2268 2133 2348 μίαν
2171 2268 2435 2350 τράπεζαν
2481 2263 2681 2331 πολλὰς
2716 2265 2895 2331 κλίνας
2940 2261 3197 2338 τιθέντες,
3255 2264 3402 2344 παρὰ

1864 2357 2020 2439 μέρος
2049 2357 2166 2430 ἑξῆς
2185 2354 2439 2438 μυρρίνας
2457 2352 2666 2435 ἔχοντες
2683 2344 2810 2434 ᾖδον
2829 2350 3045 2432 γνώμας
3065 2351 3156 2410 καὶ
3178 2351 3403 2428 ἐρωτικὰ

1863 2446 2115 2507 σύντονα·
2146 2450 2182 2518 ἡ
2212 2443 2270 2505 δὲ
2299 2443 2540 2526 περίοδος
2570 2441 2757 2502 σκολιὰ
2790 2440 2992 2520 ἐγίνετο
3020 2438 3109 2499 διὰ
3128 2438 3226 2510 τὴν
3262 2438 3402 2499 θέσιν

1862 2537 1969 2594 τῶν
2012 2536 2205 2595 κλινῶν
2239 2530 2478 2592 σκολιάν.
2518 2528 2811 2607 ὑπόμνημα
2858 2527 3057 2610 ἔγραψε
3092 2527 3400 2608 Τυραννίων

1864 2622 1983 2706 περὶ
2007 2628 2100 2681 τοῦ
2122 2624 2333 2681 σκολιοῦ
2363 2617 2575 2700 μέτρου,
2601 2615 2630 2677 ὃ
2658 2614 2914 2700 προετέθη
2944 2618 3088 2698 αὐτῷ
3112 2615 3215 2675 ὑπὸ
3236 2615 3402 2676 Γαίου

1866 2713 2152 2795 Καίσαρος.
2180 2711 2388 2771 σκολιὸν
2413 2708 2475 2769 τὸ
2499 2707 2704 2791 ῥᾴδιον,
2724 2706 2863 2767 κατὰ
2885 2706 3217 2790 ἀντίφρασιν,
3246 2706 3402 2786 μέλος

1863 2826 1916 2862 τι
1944 2800 2295 2881 ὄλιγόστιχον.
2335 2803 2558 2858 Horum
2604 2798 2805 2877 priora
2844 2802 3122 2855 Musurus
3155 2799 3403 2876 sumpsit

1865 2911 1941 2952 ex
1978 2891 2213 2951 scholiis
2240 2889 2487 2948 Acheru.
2523 2887 2670 2959 5323
2704 2886 3005 2964 sequentia
3043 2885 3115 2943 de
3148 2885 3402 2944 Dicaear-

1865 2980 1978 3038 cho
1997 3023 2014 3053 ,
2042 2978 2393 3036 Aristoxeno
2415 2988 2472 3033 et
2501 2973 2791 3050 Phyllide,
2821 2992 2951 3050 quae
2978 2970 3236 3031 Platonis
3258 2992 3400 3049 quo·-

1866 3067 2070 3146 quein
2106 3065 2339 3124 scholiis
2366 3066 2637 3143 leguntur
2661 3084 2721 3142 p.
2751 3063 2892 3134 103,
2927 3063 3253 3139 iterumque
3292 3063 3366 3120 ad

1865 3156 2082 3234 scripta
2123 3163 2257 3213 sunt
2286 3157 2462 3230 Vesp.
2493 3170 2546 3208 v.
2586 3150 2769 3227 12393
2796 3169 2911 3208 una
2936 3168 3066 3207 cum
3093 3150 3400 3227 postremis

1864 3239 2554 3322 ὗπόμνημα-ὅλιγόστιχον
2599 3259 2671 3297 ex
2718 3237 2895 3299 Suida
2942 3237 3304 3315 transcripsit
3353 3259 3397 3296 s.

1864 3329 2110 3395 Σκολιόν.
2146 3334 2324 3389 Dum.
2352 3326 2409 3387 δὲ
2436 3347 2552 3386 om.
2584 3331 2734 3385 R.—
2758 3335 2824 3392 14
2851 3324 2953 3384 εἰσί
2986 3331 3055 3385 Β.
3077 3327 3147 3387 Θ.
3182 3332 3255 3384 Μ.
3282 3331 3400 3398 ἢ-

1864 3421 2121 3480 δουλικῶν
2145 3437 2258 3475 0111.
2282 3417 2454 3474 etiam
2479 3415 2552 3475 Θ.
2578 3419 2658 3472 Μ.
2700 3414 2811 3472 Sed
2849 3415 2921 3475 Θ.
2949 3411 3125 3471 habet
3152 3414 3229 3491 gl.
3272 3414 3397 3472 δου-

1860 3511 2024 3569 λικῶν
2043 3551 2060 3581 ,
2088 3518 2147 3566 et
2178 3510 2250 3564 V.
2289 3503 2430 3583 (non
2470 3501 2568 3581 G.)
2604 3500 2959 3584 βαρόαρικῶν.
3010 3498 3224 3582 Καρικὰ
3253 3499 3308 3560 δὲ
3330 3500 3398 3560 τὰ

1905 3598 2072 3671 αῦλα,
2115 3592 2347 3675 παρόσον
2392 3594 2442 3651 οἳ
2490 3593 2664 3672 Κᾶρες
2714 3590 2889 3648 δοῦλοι
2943 3588 3034 3648 καὶ
3090 3589 3396 3672 μισθοφόροι

1858 3620 2017 3759 {cutm
2047 3683 2192 3764 λέγει
2220 3674 2310 3742 οὖν
2331 3679 2413 3740 ὅτι
2440 3677 2667 3762 φαύλους
2691 3675 2782 3738 καὶ
2811 3676 3018 3744 ἀθλίους
3040 3676 3222 3759 λόγους
3247 3677 3399 3743 αὐτὸς

1859 3780 2001 3832 ποιεῖ
2022 3769 2115 3832 καὶ
2143 3768 2280 3837 οἵους
2307 3770 2364 3826 αἱ
2390 3774 2631 3849 γυναῖκες
2660 3767 2715 3823 έν
2736 3773 2845 3833 τοῖς
2863 3763 3078 3824 πένθεσι
3104 3764 3398 3846 μελῳδοῦσι

1859 3858 1999 3921 κατὰ
2022 3862 2218 3942 νεκρῶν
2247 3862 2395 3935 Reg.
2415 3894 2478 3906 —
2517 3855 2585 3913 15
2630 3854 2841 3912 lemma
2879 3852 3111 3912 Μελίτου
3142 3853 3397 3910 correxit

1859 3948 2214 4009 DindoriiuS.
2246 3944 2489 4019 Μέλητος
2516 3948 2587 4002 Β.
2617 3948 2686 4002 V.
2718 3940 2947 4008 Μέλιτος
2981 3942 3176 3999 ceteri.
3200 3977 3262 3988 —
3289 3941 3393 3997 18-

1865 4059 1939 4097 20
1964 4031 2553 4119 χορείων-Εὐριπίδου
2585 4050 2701 4089 0111.
2730 4036 2799 4089 V.
2830 4031 2899 4091 Θ.
2926 4034 3003 4089 Μ.
3029 4068 3092 4081 -
3122 4049 3191 4106 19
3226 4027 3394 4109 ψάλαι

2139 4138 2191 4171 αι

1860 4186 1995 4245 Ald.
2034 4184 2172 4265 ψάλε
2209 4189 2281 4242 Β.
2330 4181 2588 4259 Regius:
2616 4180 2706 4239 τὸν
2732 4135 2963 4239 Μέλίτον
3006 4181 3054 4238 οἱ
3099 4176 3195 4254 μὲν
3232 4177 3391 4258 φασὶν

1860 4279 2150 4364 ὑποκριτὴν
2178 4275 2464 4359 Εὐριπίδου
2482 4321 2498 4350 ,
2526 4279 2573 4334 οἱ
2600 4274 2656 4334 δὲ
2683 4273 2908 4346 ποιητὴν
2935 4273 3182 4355 τραγικὸν
3220 4273 3393 4350 ἄμου-

1859 4392 1950 4428 σον
1974 4369 2065 4430 καὶ
2085 4365 2284 4450 ψυχρὸν
2310 4367 2364 4424 ἐν
2384 4368 2452 4445 τῇ
2475 4363 2713 4436 ποιήσει,
2735 4360 2972 4421 τουτέστι
2999 4362 3196 4443 φαῦλον
3217 4358 3389 4431 πάντη

1855 4455 1950 4517 καὶ
1972 4456 2235 4535 ἀνωφελῆ,
2266 4452 2359 4512 καὶ
2386 4450 2612 4532 πονηρὸν
2638 4448 2756 4515 τοὺς
2787 4446 3025 4529 τρόπους.

1946 4544 2115 4615 1305,
2147 4543 2329 4600 21-23
2354 4560 2471 4599 om.
2501 4539 2671 4597 etiam
2696 4538 2844 4598 Θ.-
2872 4537 2944 4593 25
2964 4532 3025 4593 τὸ
3054 4533 3141 4592 διὰ
3168 4538 3240 4593 Β.
3274 4536 3391 4593 Ho-

1855 4651 1988 4690 rum
2015 4630 2224 4689 similia
2248 4630 2305 4686 in
2330 4633 2498 4703 Reg.‚
2524 4626 2624 4703 qui
2652 4626 2712 4683 in
2744 4626 2889 4681 fine:
2917 4619 3044 4702 πρὸς
3065 4620 3259 4693 ταύτην
3286 4618 3388 4701 γὰρ

1856 4723 2111 4799 (Musam
2158 4716 2477 4796 Euripidis)
2528 4711 3009 4795 ὀστρακοκρότητον
3058 4701 3217 4768 οὖσαν
3258 4709 3386 4769 τάδε

1853 4807 1986 4868 εἰσὶν
2038 4805 2311 4877 ἐπιτήδεια
2362 4803 2597 4885 ᾄδεσθαι.
2631 4839 2694 4852 -
2730 4804 2804 4858 26
2846 4796 3168 4878 Ὑψιπύλην.
3218 4798 3380 4855 Conf.

1851 4896 2047 4956 Photii
2077 4893 2334 4953 Lexicon
2367 4913 2422 4971 p.
2459 4894 2598 4961 180,
2640 4909 2810 4946 12.-
2832 4887 2905 4944 28
2936 4885 3170 4961 Didymi
3208 4883 3384 4943 verba

1852 4986 2022 5044 affert
2058 4983 2369 5042 Athenaeus
2404 4989 2490 5052 14,
2515 4998 2571 5057 p.
2607 4978 2743 5049 636,
2768 4980 2840 5035 D.
2873 4979 3131 5034 Dmn.--
3152 4991 3228 5050 29
3254 4995 3383 5050 κογ-

1850 5075 2019 5154 χάρικ
2060 5070 2149 5131 καὶ
2177 5072 2248 5131 Θ.
2285 5074 2361 5127 Μ.
2399 5065 2656 5146 κογχύλια
2697 5064 2872 5123 etiam
2916 5061 3250 5136 AthenaeuS,
3283 5062 3384 5139 qui
