3859 5725
347 225 364 274 Ι
380 222 453 274 84

414 364 513 406 42ι.
561 341 734 422 (άλλαι
758 346 820 404 τέ
839 368 920 405 σοι
937 346 1149 416 πόλειςε
1178 352 1350 409 Τοῦτο
1368 349 1544 430 φησὶν,
1565 349 1653 412 ἶνα
1672 350 1747 431 μὴ
1773 351 1895 433 δόξῃ

1495 220 1882 286 SCHOLIA
1933 227 2028 287 IN
2079 229 2392 294 PACEM.

2070 375 2168 418 437.
2201 357 2447 427 ξυλλάὸοι
2467 365 2572 422 τῶν
2597 370 2837 444 σχοινίων
2864 388 2880 428 :
2912 337 3279 434 Ἀντιλάόοιτο.
3305 383 3551 459 σχοινίοις

334 434 706 515 καταισχύνειν
729 433 790 493 τὸ
809 433 1015 513 ἀξίωμα
1038 439 1143 495 τῶν
1164 436 1465 512 Ἀθηναίων,
1487 444 1558 506 ὣς
1581 439 1667 499 διὰ
1689 441 1750 500 τὸ
1773 445 1897 501 ἀπο-
1984 441 2086 524 γὰρ
2115 445 2279 519 αὐτὴν
2303 456 2738 530 καταχωσθεῖσαν
2763 457 3018 520 ἀνεῖλκον.

333 522 523 600 καμεῖν
552 521 723 599 μόνων
751 520 989 603 ἐρώντων
1017 528 1111 596 τῆς
1135 524 1359 604 εἷρήνης.
1391 528 1448 585 οὗ
1479 526 1627 604 μόνοι
1655 528 1758 610 γὰρ
1797 532 1893 588 αὖ·

2063 551 2158 592 438.
2205 533 2280 611 μὴ
2314 536 2497 596 λαὸεῖν
2532 540 2647 599 ποτ’
2678 542 2878 603 ἀσπίδα
2920 567 2936 606 2
2973 548 3210 624 (Μηκέτι
3248 556 3548 617 πανοπλίαν

330 611 439 684 τοὶ,
466 610 622 694 φησὶ,
649 610 738 670 τὸν
763 612 971 693 Ἑρμῆν
995 612 1323 690 τιμήσουσιν,
1354 614 1491 673 ἀλλὰ
1518 617 1610 675 καὶ
1636 616 1806 677 πάσαι
1838 622 1893 676 αἱ
1987 621 2305 700 βαστάσαι.)
2336 625 2453 685 ἀντὶ
2478 632 2570 685 τοῦ
2600 630 2811 689 ἀπεῖναι
2831 637 2936 692 τῶν
2963 641 3142 697 κακῶν
3173 645 3267 699 τοῦ
3293 643 3545 723 πολέμου.

279 721 305 760 5
330 698 509 767 πόλεις
543 704 636 773 τῆς
679 699 884 780 εἰρήνης
916 700 1300 780 τυγχάνουσαιζ
1334 701 1421 762 διὰ
1455 704 1515 763 τὸ
1550 706 1891 785 χρησιμεύειν

327 792 404 867 τῷ
434 788 532 870 βίῳ
554 792 657 847 τῶν
684 781 1013 870 ἀνθρώπων.)

406 906 503 946 422.
549 884 861 967 (ἀλεξικάκῳ
886 907 901 946 :
934 885 1044 947 Καὶ
1066 885 1126 945 τὸ
1154 886 1243 945 ἐπὶ
1266 890 1342 968 τῷ
1367 887 1622 969 Ἡρακλεῖ
1643 889 1785 971 μόνῳ
1811 891 1891 950 σοὶ

325 974 656 1052 ἐπιθήσομεν.
679 974 978 1043 ἀλεξίκακος
996 972 1097 1053 γὰρ
1116 974 1388 1055 Ἡρακλῆς
1409 977 1556 1058 παρὰ
1572 979 1678 1046 τοῖς
1696 978 1889 1060 ἀνθρώ-

324 1085 441 1129 ποις
458 1065 691 1140 ἐτιμᾶτο.
812 1058 1030 1129 Ἄλλως.
1052 1061 1143 1120 καὶ
1169 1062 1469 1122 Ἀπόλλωνα
1502 1066 1593 1124 καὶ
1618 1065 1888 1147 Ἡρακλέα

246 1166 297 1206 ιο
326 1149 661 1217 ἀλεξικάκους
695 1153 910 1227 τιμῶσι.
955 1149 1109 1232 φησὶν
1143 1141 1252 1225 οὖν,
1289 1151 1407 1210 οὕτε
1444 1152 1733 1212 Ἀπόλλωνι
1770 1153 1888 1214 οὔτε

323 1238 583 1320 Ἡρακλεῖ
607 1238 829 1315 θύσομεν
856 1241 927 1305 ὥς
951 1237 1298 1312 ἀλεξικάκοις,
1329 1240 1467 1299 ἀλλὰ
1501 1240 1622 1318 σοί.)

401 1357 500 1398 424.
550 1338 732 1417 (δῶρον
752 1336 942 1414 δίδωμι
967 1357 981 1397 :
1003 1339 1173 1397 Τοῦτο
1191 1338 1588 1421 παρεπιγραφή.
1611 1346 1764 1400 τοῦτο
1782 1340 1885 1421 γὰρ
1944 1392 1950 1400 ,

321 1424 481 1485 εἰπὼν
501 1424 693 1508 φιάλην
710 1429 912 1505 χρυσῆν
936 1423 1144 1484 δίδωσιν
1169 1428 1352 1507 αὐτῷ.)

399 1543 500 1583 425.
544 1521 654 1600 οἴμ’
689 1524 760 1588 ὡς
797 1521 1036 1598 ἐλεήμων
1075 1543 1090 1582 :
1128 1521 1258 1582 Δέον
1295 1525 1460 1583 εἰπεῖν
1497 1523 1689 1599 ἥττων,
1728 1527 1885 1609 φησὶν

241 1623 289 1662 ¹⁵
318 1610 576 1689 ἐλεήμων.
613 1609 840 1692 χρυσίδα
876 1609 934 1669 δὲ
974 1609 1071 1682 τὴν
1112 1610 1320 1692 φιάλην.
1357 1613 1486 1694 παρ’
1523 1613 1767 1675 ὑπόνοιαν
1806 1615 1880 1676 δέ.

317 1700 434 1760 ἀντὶ
468 1704 559 1759 τοῦ
598 1702 761 1757 εἰπεῖν
797 1702 891 1770 τῆς
923 1697 1124 1767 πόλεως
1161 1700 1271 1777 εἰμὶ
1306 1700 1388 1760 ἀεὶ
1424 1702 1682 1780 ἐλεήμων,
1717 1702 1752 1775 ἢ
1790 1710 1885 1777 τῆς

317 1787 599 1860 Ἑλλάδος,
636 1784 671 1858 ἢ
705 1789 811 1845 τῶν
852 1786 1156 1869 ἀνθρώπων,
1195 1780 1309 1848 εἶπε
1334 1793 1439 1849 τῶν
1476 1791 1760 1873 χρυσίδων,
1795 1793 1882 1852 διὰ

311 1875 411 1949 τὴν
431 1880 634 1958 χρυσῆν
658 1875 869 1958 φιάλην.

391 1994 491 2036 426.
533 1973 778 2053 ὑμέτερον
795 1974 1025 2032 ἐντεῦθεν
1041 1993 1057 2034 :
1076 1973 1271 2050 (Διπλῆ
1292 1971 1383 2033 καὶ
1397 1976 1449 2033 ἐν
1468 1974 1688 2035 εἷσθέσει
1708 1976 1881 2058 στίχοι

231 2087 289 2128 2ο
314 2061 588 2147 τροχαῖκοὶ
623 2060 964 2142 τετράμετροι
996 2060 1395 2132 καταληκτικοί.
1436 2054 1548 2150 εἶτα
1585 2068 1639 2124 ἐν
1678 2065 1880 2126 ἐκθέσει

309 2150 458 2234 παρὰ
484 2151 590 2217 τοῖς
607 2147 973 2231 τετραμέτροις
994 2148 1193 2228 στίχοις
1217 2148 1458 2227 ἷαμὸικοὶ
1480 2152 1528 2229 β’
1542 2196 1559 2225 ,
1586 2154 1687 2211 κάν
1716 2157 1879 2215 ἐπεκ-

311 2239 450 2302 θέσει
485 2240 632 2298 κῶλα
668 2236 747 2316 β’,
771 2227 845 2295 ὧν
880 2234 941 2295 τὸ
974 2232 1069 2313 μὲν
1095 2239 1156 2295 ἐκ
1192 2237 1374 2295 διπλοῦ
1401 2238 1705 2318 σπονδείου,
1732 2241 1792 2301 τὸ
1823 2242 1877 2302 δὲ

311 2333 372 2390 ἐκ
392 2332 484 2387 τοῦ
514 2323 751 2406 δευτέρου
772 2322 1017 2405 τροχαίου
1031 2367 1047 2394 ,
1066 2323 1158 2382 καὶ
1187 2324 1345 2384 αὐτοῦ
1367 2326 1573 2386 διπλοῦ.
1601 2326 1669 2386 τὰ
1690 2327 1745 2387 δὲ
1765 2328 1880 2401 ἑξῆς

310 2415 531 2494 ἷαμὸεῖα
557 2411 715 2493 μέχρι
743 2415 834 2470 τοῦ
860 2438 885 2463 α
908 2408 1143 2469 ὑπότεινε
1167 2410 1231 2484 δὴ
1254 2422 1356 2480 πᾶς
1374 2413 1466 2472 καὶ
1487 2414 1687 2495 κάταγε
1712 2420 1877 2477 τοῖσιν

235 2524 284 2564 26
307 2505 500 2574 κάλως.
539 2531 563 2558 ν
611 2501 697 2562 ἐπὶ
730 2503 807 2583 τῷ
847 2499 988 2560 τέλει
1029 2500 1261 2581 κορωνίς.
1295 2507 1324 2564 6
1359 2501 1563 2582 Ἑρμῆς
1616 2504 1672 2563 δὲ
1709 2511 1878 2565 ταῦτα

309 2590 748 2671 παρακελεύεται.
766 2587 970 2669 ταχέως
994 2586 1048 2646 δὲ
1067 2588 1352 2662 πεποίηκεν
1377 2590 1533 2650 αὐτὸν
1553 2591 1880 2668 μεταὸαλλό-

312 2704 466 2760 μενον
492 2678 589 2750 τὴν
614 2675 938 2759 προαίρεσιν,
965 2674 1051 2735 ἵνα
1082 2677 1283 2753 μᾶλλον
1313 2678 1471 2737 αὐτὸν
1505 2677 1644 2759 δείξῃ
1684 2680 1877 2752 ἥττονα

306 2775 401 2829 τοῦ
424 2766 741 2846 λήμματος.)
766 2798 847 2811 -
873 2762 985 2841 ἀμη
1011 2763 1239 2846 γεωργὸν
1269 2764 1507 2845 ὄργανον,
1534 2776 1594 2825 R,

387 2886 488 2928 429.
531 2865 911 2945 δημιουργικῶς
947 2881 962 2922 :
994 2860 1134 2922 Ἀντὶ
1159 2867 1252 2921 τοῦ
1276 2869 1605 2936 τεκτονικῶς·
1629 2866 1751 2937 τοὺς
1774 2867 1877 2951 γὰρ

232 2972 284 3013 80
307 2954 555 3021 τέκτονας
584 2950 927 3032 δημιουργοὺς
956 2948 1153 3029 ἔλεγον.

390 3073 490 3113 431.
537 3049 633 3130 ἄγε
655 3048 720 3121 δὴ
751 3047 814 3107 σὺ
833 3047 1040 3129 ταχέως
1069 3045 1252 3127 εἌγε,
1278 3048 1433 3131 φησὶ,
1456 3050 1707 3135 πρότερον
1731 3061 1878 3115 σπεῖ.

308 3165 399 3201 σον
424 3145 533 3207 τοῖς
553 3143 712 3211 θεοῖς,
740 3136 827 3196 ἵνα
856 3135 995 3195 οὕτω
1021 3141 1114 3195 τοῦ
1142 3135 1293 3218 ἔργου
1317 3136 1573 3217 ἑξώμεθα.

388 3257 487 3299 432.
530 3236 670 3319 ἔργῳ
706 3236 994 3317 φιαλοῦμεν
1046 3255 1061 3295 :
1106 3225 1273 3310 (Οῗον,
1313 3238 1574 3315 ἐπιθῶμεν
1605 3243 1673 3320 τῇ
1710 3241 1873 3323 φιάλῃ

308 3326 397 3386 ἐπὶ
424 3329 530 3386 τῶν
557 3323 742 3405 ἔργων,
764 3320 820 3399 ἢ)
856 3322 994 3403 ἔργῳ
1017 3320 1393 3400 ἐπιὸαλοῦμεν,
1418 3325 1507 3385 ἐπὶ
1529 3333 1682 3386 τοῦτο
1701 3330 1875 3411 ὁρμή-

226 3433 280 3473 35
309 3438 491 3493 σομεν.
521 3411 725 3493 εἴρηται
758 3409 813 3469 δὲ
844 3408 936 3468 καὶ
966 3412 1019 3467 ἐν
1048 3413 1155 3477 τοῖς
1188 3409 1360 3491 Σφηξί
1387 3412 1556 3492 [1339)
1592 3416 1784 3493 (παίζει
1818 3418 1873 3478 δὲ

305 3501 456 3584 παρὰ
473 3499 569 3573 τὴν
596 3498 789 3580 φιάλην
812 3496 909 3569 τὴν
928 3499 1090 3577 δῶρον
1111 3500 1256 3579 αὐτῷ
1275 3500 1530 3563 δοθεῖσαν.
1552 3501 1587 3573 ἢ
1607 3503 1688 3562 ὅτι
1711 3505 1872 3586 φιάλ-

303 3594 414 3651 λειν
447 3587 637 3670 κυρίως
674 3585 786 3646 ἐστὶ
817 3584 876 3644 τὸ
906 3585 1164 3665 ἄρχεσθαι
1199 3587 1527 3666 πράγματος.
1652 3590 1870 3662 Ἄλλως.

302 3685 394 3738 τοῦ
419 3677 569 3759 ἔργου
598 3672 974 3750 ἐπιλαὸώμεθα
992 3672 1085 3732 καὶ
1107 3679 1546 3755 προθυμηθῶμεν,
1569 3677 1707 3750 ἢέπὶ
1720 3687 1874 3741 τοῦτο

306 3766 627 3846 ὁρμήσωμεν
649 3761 741 3821 καὶ
769 3760 1072 3838 σπείσωμεν
1095 3761 1187 3819 καὶ
1215 3764 1634 3847 εὐφρανθῶμεν.)

221 3887 283 3928 4ο
392 3882 490 3923 433.
533 3859 731 3932 σπονδὴ
760 3859 962 3931 σπονδή
984 3877 998 3919 :
1023 3862 1197 3919 Τοῦτο
1224 3858 1423 3929 ἀξιοῦσι
1441 3861 1528 3922 τὸν
1555 3862 1758 3945 Ἑρμῆν
1779 3866 1873 3926 λέ-

303 3976 414 4034 γειν
439 3950 747 4012 σπένδοντα.

382 4070 480 4110 436.
529 4046 855 4128 (σπένδοντες
881 4043 1194 4125 εὐχώμεσθα
1221 4067 1236 4106 :
1270 4050 1432 4106 Δοκεῖ
1453 4046 1539 4108 διὰ
1567 4050 1763 4110 τούτων
1788 4057 1871 4113 αἷ-

303 4138 567 4198 νίττεσθαι
592 4135 689 4208 τὴν
719 4133 824 4193 ὑπὸ
854 4133 1212 4207 Μελησίππου
1239 4136 1516 4215 λεχθεῖσαν
1544 4139 1786 4213 ἀπειλήν.
1819 4147 1872 4203 ἐν

306 4230 446 4308 ἀρχῆ
490 4224 593 4306 γὰρ
647 4229 738 4282 τοῦ
792 4225 1289 4294 Πελοποννησιακοῦ
1336 4223 1571 4303 πολέμου
1618 4231 1872 4312 πεμφθεὶς

223 4338 279 4377 46
306 4292 630 4396 πρεσὸευτὴς
657 4316 686 4372 6
713 4311 1063 4384 Μελήσιππος
1092 4311 1192 4371 ὑπὸ
1224 4313 1657 4389 Λακεδαιμονίων
1681 4319 1753 4385 εἷς
1778 4319 1873 4388 τὰς

305 4403 553 4480 Ἀθήνας,
582 4406 653 4469 ὥς
683 4403 784 4481 οὐχ
805 4400 1109 4471 ὑπήκουσαν
1133 4403 1181 4458 οἱ
1206 4399 1493 4473 Ἀθηναῖοι,
1522 4401 1665 4474 ἠξίου
1692 4407 1869 4465 ἀπαλ-

304 4496 621 4571 λαττόμενος
653 4489 835 4550 λοιπὸν
864 4488 955 4548 καὶ
979 4487 1254 4567 γενόμενος
1281 4488 1367 4547 ἐπὶ
1390 4498 1494 4557 τοῖς
1525 4490 1682 4572 ὁρίοις
1707 4495 1869 4554 εἰπεῖν

307 4585 378 4650 ὥς
404 4580 500 4654 ἥδε
529 4584 564 4652 ἡ
590 4577 767 4659 ἡμέρα
794 4578 1004 4636 πολλῶν
1027 4576 1119 4635 καὶ
1144 4575 1388 4654 μεγάλων
1413 4581 1591 4638 κακῶν
1615 4581 1721 4647 τοῖς
1741 4579 1872 4642 Ἕλ·

303 4673 457 4743 λησιν
489 4668 649 4748 ἄρξει.
674 4665 789 4726 ἐπεὶ
825 4656 913 4725 οὗν
956 4668 1060 4723 τῶν
1087 4670 1178 4723 τοῦ
1214 4664 1446 4743 πολέμου
1473 4671 1651 4726 κακῶν
1686 4669 1868 4729 λοιπὸν

221 4775 280 4815 ⁶0
307 4756 815 4836 ἀπαλλαχθήσεσθαι
872 4757 1112 4833 ἔμελλον,
1166 4757 1238 4821 εἷς
1285 4754 1581 4814 τούναντίον
1629 4757 1790 4816 πάλιν
1840 4763 1869 4818 6

303 4842 525 4915 ποιητὴς
546 4842 865 4925 μετέστρεψε
885 4842 975 4902 τὸν
999 4842 1152 4922 λόγον
1173 4841 1261 4901 τὸν
1289 4842 1378 4901 ὑπ’
1401 4845 1597 4903 ἐκείνου
1628 4845 1865 4926 ῥηθέντα.

302 4935 462 5004 διπλῆ
488 4931 543 4991 δὲ
572 4930 663 4990 καὶ
679 4934 732 4990 ἐν
756 4930 957 4991 ἐκθέσει
983 4929 1156 5011 στίχοι
1181 4930 1421 5009 ἰαμὸικοὶ
1444 4931 1709 5013 τρίμετροι
1734 4937 1868 4995 ἀκα-

301 5018 554 5093 τάληκτοι
581 5020 690 5092 κδ’,
719 5010 793 5079 ὧν
815 5022 1108 5086 τελευταῖος
1137 5047 1159 5074 ιι
1189 5018 1427 5078 ὑπότεινε
1450 5018 1515 5092 δὴ
1544 5030 1665 5089 πᾶς.
1690 5022 1745 5097 υ)

1984 708 2275 786 (χρησίμως
2294 711 2349 770 δὲ
2367 718 2458 771 νῦν
2476 716 2908 798 ἀντιπαρατίθησι
2930 731 3038 791 τοῖς
3060 731 3152 785 τοῦ
3170 728 3403 808 πολέμου
3424 735 3550 794 δυσ-
3574 756 3601 797 s

1980 796 2160 875 χερέσι
2191 796 2259 856 τὰ
2291 803 2386 871 τῆς
2422 801 2630 882 εἰρήνης
2676 804 2839 886 ἡδέα,
2880 813 3302 893 προτρεπόμενος
3340 819 3432 879 καὶ
3476 824 3548 891 εἷς

1982 879 2150 963 ἔρωτα
2180 888 2340 958 αὐτῆς
2361 887 2531 970 φέρων
2556 892 2790 973 αὐτούς.)

2058 990 2158 1032 440.
2202 972 2293 1031 καὶ
2308 976 2610 1036 σκαλεύοντ’
2626 979 2886 1062 ἄνθρακας
2902 1003 2916 1043 2
2934 985 3072 1046 Ἀντὶ
3084 993 3194 1063 τοῦ,
3210 994 3545 1074 ζωπυροῦντα

1977 1056 2098 1126 τοὺς
2140 1059 2426 1142 ἄνθρακας,
2458 1055 2583 1142 (οἷον
2611 1069 2664 1126 ἐν
2703 1071 2849 1151 ἀγρῷ
2878 1073 3231 1155 διατρίὸοντα.
3262 1082 3377 1141 ἐπεὶ
3404 1075 3547 1146 οὗτοι

1977 1149 2178 1207 ὀπτῶσι
2208 1150 2466 1228 βαλάνους
2492 1153 2583 1213 καὶ
2612 1158 2930 1220 σκαλεύουσι
2949 1161 3068 1231 τοὺς
3095 1166 3190 1225 ἄνθ
3225 1192 3358 1238 ακας
3386 1174 3439 1230 ἐν
3466 1178 3544 1233 τῶ
3577 1194 3626 1233 ιο

1976 1235 2190 1316 ὀπτᾶν.)
2213 1235 2249 1308 ἢ
2278 1238 2339 1298 τὸ
2368 1244 2662 1319 γυναικεῖον
2687 1249 2879 1307 αἰδοῖον
2903 1248 3138 1332 ἄνθρακα
3161 1191 3324 1318 εἷπεν.
3515 1235 3526 1256 ⁶

2058 1342 2159 1384 441.
2204 1323 2345 1394 ὅστις
2372 1327 2427 1387 δὲ
2453 1329 2684 1410 πόλεμον
2710 1355 2725 1395 :
2755 1334 2864 1395 Δύο
2891 1338 3150 1418 πρόσωπα
3172 1345 3340 1403 ταῦτα’
3367 1369 3543 1428 φησιν,

1975 1400 2048 1469 ὧν
2076 1416 2104 1470 6
2128 1411 2224 1490 μὲν
2252 1413 2491 1495 εὔχεται,
2516 1423 2543 1477 6
2568 1419 2622 1479 δὲ
2645 1420 2816 1504 ἔτερος
2846 1426 3103 1487 ἀκόλουθα
3125 1434 3192 1510 τῇ
3218 1434 3349 1513 εὐχῇ
3374 1459 3543 1496 κατα-

1977 1497 2208 1577 ρώμενος
2228 1499 2388 1581 λέγει.

2053 1606 2153 1649 443.
2199 1592 2259 1649 ἐκ
2280 1594 2385 1650 τῶν
2412 1593 2705 1676 ὀλεκράνων
2732 1617 2748 1658 :
2776 1599 3146 1683 (Ὄλέκρανον)
3177 1606 3313 1675 τινὲς
3335 1610 3424 1669 τὸν
3446 1614 3544 1691 ἀγ·
3574 1638 3623 1678 ιε

1973 1678 2145 1749 κῶνα,
2173 1677 2351 1736 οὐκέτι
2379 1678 2435 1737 δὲ
2464 1680 2524 1739 τὸ
2552 1683 2605 1740 ἐν
2628 1689 2693 1765 τῇ
2726 1693 2920 1768 καμπῇ
2947 1695 3043 1761 τῆς
3063 1693 3236 1773 χειρὸς
3260 1693 3366 1765 ὀξύ.
3398 1699 3541 1758 ἐπώ-

1974 1763 2119 1831 δυνος
2142 1763 2195 1823 δὲ
2224 1769 2251 1823 6
2273 1766 2429 1836 τόπος
2456 1759 2602 1837 οὗτος
2624 1774 2729 1840 τοῖς
2755 1780 3024 1854 τρωθεῖσιν
3046 1783 3115 1848 εἷς
3138 1782 3313 1842 αὐτόν.
3397 1787 3541 1864 (Ἄλ-

1971 1852 2092 1919 λως.
2125 1851 2309 1922 ἀκίδας
2339 1853 2407 1914 τὰ
2433 1856 2562 1935 βέλη
2585 1858 2744 1938 λέγει.
2775 1864 3058 1936 ἐπιστῆσαι
3087 1866 3141 1925 δὲ
3171 1868 3312 1937 ἄξιον
3335 1872 3388 1931 τί
3413 1897 3541 1934 ποτε

1973 1941 2115 2020 αὐτῷ
2136 1946 2307 2000 ταῦτα
2322 1941 2592 2022 βούλεται·
2610 1948 2668 2006 οὗ
2692 1948 2795 2031 γὰρ
2813 1950 3019 2020 τοξόται
3037 1958 3084 2013 οἱ
3107 1958 3541 2038 Λακεδαιμόνιοι,

1971 2027 2109 2087 ἀλλὰ
2131 2034 2199 2110 τῇ
2219 2030 2483 2104 συστάδην
2504 2033 2654 2115 μάχῃ
2677 2040 2878 2113 μᾶλλον
2896 2041 3183 2124 χαίροντες.
3204 2046 3462 2129 ὄλὲκρανα
3483 2053 3540 2113 δὲ
3567 2080 3622 2120 20

1968 2116 2211 2196 λέγονται
2237 2117 2306 2177 τὰ
2334 2124 2437 2180 τῶν
2462 2118 2653 2182 ὀλένων
2683 2126 2901 2206 κρανία,
2929 2131 3166 2191 τουτέστι
3191 2138 3294 2193 τῶν
3322 2144 3535 2220 χειρῶν.

1971 2197 2244 2276 δῆλονόῧν
2273 2204 2354 2265 ὅτι
2376 2208 2437 2267 τὸ
2459 2208 2547 2278 ὀξὺ
2580 2211 2671 2271 καὶ
2698 2215 2994 2295 ἐπικαμπὲς
3019 2223 3122 2278 τῶν
3150 2228 3343 2303 χειρῶν
3371 2227 3539 2307 λέγει,

1968 2289 2026 2349 δν
2050 2294 2269 2372 ἀγκῶνα
2300 2294 2526 2375 φαμέν.)

2049 2400 2152 2441 444.
2200 2381 2311 2460 (κεῖ
2329 2405 2407 2450 τις
2425 2387 2691 2463 ἐπιθυμῶν
2709 2387 3009 2471 ταξιαρχεῖν
3033 2415 3048 2454 :
3073 2396 3144 2454 Οἱ
3163 2397 3405 2481 πρότεροι
3428 2403 3542 2463 στί-

1968 2491 2056 2547 χοι
2081 2467 2208 2550 πρὸς
2235 2469 2330 2542 τὴν
2370 2470 2477 2530 ἄνω
2501 2472 2738 2556 κατάραν
2770 2476 3030 2556 λέγονται.
3059 2473 3152 2542 εἷθ’
3180 2484 3354 2567 ἕτερον
3383 2491 3543 2549 συνά-
3565 2528 3620 2570 25

1967 2580 2116 2630 πτει,
2141 2557 2341 2638 πάσχοι
2368 2582 2428 2637 γε
2456 2567 2691 2623 τοιαῦτα.
2718 2562 2856 2625 ὥστε
2879 2568 2971 2627 καὶ
2997 2574 3353 2656 παραγραφὴν
3382 2569 3541 2655 εἶναι,

1967 2641 2104 2702 ὥστε
2127 2645 2324 2705 ἐκείνου
2352 2648 2689 2728 προειπόντος
2715 2653 2975 2734 κατάραν,
3005 2660 3034 2715 6
3069 2658 3242 2740 ἔτερος
3271 2663 3361 2722 τὸν
3384 2665 3539 2746 λόγον

1968 2731 2306 2810 ἐκδεξάμενος
2342 2735 2603 2818 ἐπιφέρει,
2631 2737 2762 2820 ὅπερ
2791 2745 2882 2800 καὶ
2910 2744 2965 2800 ἐν
2992 2745 3108 2813 ταῖς
3135 2745 3253 2820 ἑξῆς
3283 2752 3540 2834 κατάραις

1969 2820 2288 2903 σαφέστερον
2314 2824 2521 2906 φησίν.)

2047 2929 2145 2969 446.
2188 2910 2508 2990 Κλεώνυμος
2557 2933 2574 2974 :
2624 2915 2911 2977 Τουτέστιν
2957 2923 3287 3003 ἀσχημονοίη
3347 2928 3540 3011 ῥίπτων
3566 2955 3622 2996 ³0

1966 2997 2064 3071 τὴν
2086 3000 2304 3062 ἀσπίδα.
2338 3001 2588 3085 ῥίψασπις
2604 3002 2706 3087 γὰρ
2730 3011 2759 3066 6
2786 3008 3134 3092 Κλεώνυμος,
3157 3018 3229 3083 ὡς
3247 3017 3339 3076 καὶ
3357 3020 3412 3079 ἐν
3435 3022 3541 3090 τοῖς

1968 3086 2139 3170 Σφηξὶ
2170 3090 2265 3167 [19]
2293 3089 2434 3170 λέγει
2463 3095 2826 3174 φανερώτατα.

2044 3196 2150 3238 447.
2202 3176 2437 3249 κάπηλος
2466 3181 2705 3241 ἀσπίδων
2738 3204 2753 3243 t
2786 3185 2904 3244 Οὔκ
2932 3187 3089 3256 αὐτὸς
3111 3191 3339 3263 ἀσπίδας
3355 3200 3538 3273 ποιῶν,

1966 3264 2104 3324 ἀλλὰ
2126 3266 2253 3347 παρ’
2277 3264 2453 3326 ἄλλων
2475 3269 2766 3346 λαμὸάνων
2795 3272 2889 3332 καὶ
2910 3277 3123 3336 πωλῶν.
3146 3281 3418 3353 καπήλους
3435 3285 3536 3368 γάρ

1964 3377 2095 3437 φασι
2122 3354 2326 3423 πάντας
2351 3355 2469 3425 τοὺς
2498 3360 2837 3435 μεταὸόλους.
3561 3404 3616 3446 ³⁶

2044 3461 2143 3501 448.
2192 3440 2284 3519 (ἵν’
2314 3445 2524 3525 ἐμπολᾷ
2562 3445 2764 3523 βέλτιον
2791 3467 2806 3507 :
2832 3446 2951 3508 Ἵνα
2979 3451 3255 3533 πιπράσκῃ
3283 3460 3533 3531 πλείονος.

1962 3527 1997 3599 ἢ
2025 3527 2113 3587 ἵνα
2141 3527 2332 3610 πορίζῃ
2362 3532 2566 3593 πλεῖον.
2600 3534 2834 3605 συνήθως
2864 3534 2919 3595 δὲ
2960 3543 3052 3596 νῦν
3088 3540 3149 3598 τὸ
3176 3543 3389 3625 ἐμπολᾷ
3419 3549 3537 3610 ἀντὶ

1962 3622 2052 3675 τοῦ
2094 3618 2282 3676 πωλεῖ.
2329 3617 2585 3686 πολλάκις
2625 3619 2680 3679 δὲ
2725 3622 2811 3680 ἐπὶ
2852 3628 2942 3681 τοῦ
2976 3626 3269 3708 ἀγοράζειν,
3310 3634 3382 3701 ὣς
3420 3634 3537 3708 ἑξῆς

1963 3732 1987 3755 a
2018 3702 2412 3780 ἐμπολήσαντές
2433 3730 2485 3764 τι
2511 3706 2744 3787 χρηστὸν
2773 3712 2845 3777 εἷς
2873 3711 3032 3791 ἀγρὸν
3054 3714 3307 3795 ταρίχιον.
3342 3746 3367 3774 n
3393 3723 3456 3784 τὸ
3478 3724 3535 3785 δὲ

1962 3793 2144 3873 κριθὰς
2191 3793 2380 3871 μόνας,
2420 3795 2537 3854 ἀντὶ
2570 3802 2662 3855 τοῦ
2712 3796 2788 3875 μὴ
2833 3797 3058 3882 ἄλφιτα,
3091 3805 3209 3863 ἀλλ’
3238 3809 3404 3881 αὐτὰς
3441 3813 3536 3883 τὰς
3558 3847 3616 3889 4⁰

1960 3903 1995 3939 κ
2032 3879 2162 3947 ιθάς.

1999 3903 2141 4028 ρ4ου.
2177 3882 2269 4027 )κεῖ
2294 3991 2371 4036 τις
2398 3979 2711 4050 στρατηγεῖν
2740 3994 2755 4033 :
2788 3976 2946 4034 Δοκεῖ
2973 3982 3141 4037 ταῦτα
3172 3984 3243 4049 εἷς
3267 3982 3536 4048 Ἀλκιὸιά-

1962 4055 2055 4127 δην
2082 4054 2427 4130 αἰνίττεσθαι,
2454 4055 2527 4126 ὥς
2567 4058 2670 4118 πού
2699 4084 2829 4143 φησι
2860 4062 2950 4144 καὶ
2976 4066 3304 4143 Θουκυδίδης
3342 4074 3418 4152 [6,
3457 4078 3533 4160 12]

1960 4144 2015 4200 ἐν
2044 4147 2109 4223 τῇ
2135 4142 2322 4203 Νικίου
2346 4145 2645 4229 δημηγορία
2673 4149 2792 4225 (καὶ
2815 4152 2870 4209 ἐν
2893 4156 2960 4231 τῆ
2987 4154 3146 4214 αὐτοῦ
3173 4150 3531 4239 Ἅλκιὸιάδου,

1959 4229 2048 4290 τὸν
2079 4230 2174 4309 μὲν
2204 4231 2398 4293 Νικίαν
2423 4242 2779 4316 παραινοῦντα
2806 4241 2913 4307 τοῖς
2935 4241 3221 4314 Ἀθηναίοις
3242 4253 3425 4324 ποιῶν,
3454 4253 3529 4330 μὴ
3555 4284 3612 4326 ⁴5

1958 4316 2294 4396 πειθομένους
2334 4322 2480 4402 αὐτῷ
2522 4321 2752 4403 πόλεμον
2796 4325 3026 4408 ἄρασθαι
3064 4337 3330 4409 τοσοῦτον,
3371 4336 3533 4408 οὕτως

1957 4405 2124 4484 λέγων
2154 4435 2178 4460 οι
2210 4406 2313 4466 εἴτε
2339 4432 2418 4475 τις
2448 4409 2629 4490 ἄρχειν
2653 4411 2877 4489 ἄσμενος
2898 4416 3142 4497 αἱρεθεὶς,
3171 4431 3420 4503 παραινεῖ
3446 4429 3530 4485 ἐκ·

1959 4522 1984 4547 «
2012 4497 2169 4571 πλεῖν.
2189 4499 2313 4573 ὑμῖν
2341 4498 2537 4556 ταὺτοῦ
2572 4498 2719 4576 μόλις
2747 4506 2979 4576 σκοπῶν,
3005 4504 3179 4574 ἄλλως
3199 4531 3257 4566 τε
3285 4511 3378 4570 καὶ
3401 4510 3533 4572 νεώ-

1961 4610 1986 4638 «
2015 4607 2162 4664 τερος
2190 4583 2268 4643 ἔτι
2296 4583 2368 4644 ὢν
2399 4588 2470 4652 εἷς
2490 4585 2551 4644 τὸ
2580 4587 2781 4667 ἄρχειν,
2819 4588 2959 4658 ὅπως
2985 4596 3265 4676 θαυμασθῇ
3303 4599 3400 4676 μὲν
3423 4601 3529 4661 ἀπὸ

1959 4698 1983 4724 α
2010 4676 2104 4743 τῆς
2132 4672 2506 4753 ἱπποτροφίας,
2546 4673 2631 4733 διὰ
2667 4676 3009 4737 πολυτέλειαν
3037 4679 3127 4738 καὶ
3154 4684 3400 4767 ὠφεληθῇ
3414 4733 3429 4761 ,
3469 4691 3529 4749 ἐκ
3555 4721 3611 4761 ⁶⁰

1957 4787 1983 4813 α
2007 4763 2100 4831 τῆς
2132 4763 2300 4840 ἀρχῆς
2329 4759 2383 4819 δὲ
2409 4760 2575 4844 τούτῳ
2601 4764 2920 4844 παράσχητε
2959 4771 3035 4848 τῷ
3065 4773 3157 4840 τῆς
3183 4770 3385 4842 πόλεως
3415 4800 3528 4838 κιν-

1957 4875 1983 4903 o«
2014 4847 2151 4929 δύνῳ
2180 4848 2288 4930 ἰδίᾳ
2318 4850 2853 4930 ἀπολαμπρύνασθαι.
2893 4880 2918 4905 υ
2947 4855 3104 4915 αὐτὸν
3135 4857 3191 4916 δὲ
3225 4859 3315 4919 τὸν
3356 4863 3530 4925 Ἀλκι-

1957 4935 2167 5010 ὅιάδην,
2209 4936 2290 4996 ὅτι
2334 4936 2579 5017 βούλεται
2609 4950 2921 5021 στρατηγεῖν
2963 4943 3038 5020 μὴ
3085 4947 3400 5027 ἀρνούμενον
3437 4954 3527 5014 διὰ

1956 5022 2157 5083 τούτων
2195 5025 2285 5100 [ih.
2334 5030 2406 5095 ιθ]
2437 5052 2462 5077 «ι
2499 5025 2590 5084 καὶ
2624 5028 2885 5106 προσῆκόν
2922 5053 3013 5107 μοι
3049 5034 3252 5110 μᾶλλον
3285 5025 3332 5097 ὦ
3372 5038 3527 5115 Ἀθη-
