<?xml version="1.0" encoding="UTF-8"?>
<!DOCTYPE html PUBLIC "-//W3C//DTD XHTML 1.0 Transitional//EN"
    "http://www.w3.org/TR/xhtml1/DTD/xhtml1-transitional.dtd">
<html xmlns="http://www.w3.org/1999/xhtml" xml:lang="en" lang="en">
 <head>
  <title>
</title>
<meta http-equiv="Content-Type" content="text/html;charset=utf-8" />
  <meta name='ocr-system' content='tesseract 3.04.00' />
  <meta name='ocr-capabilities' content='ocr_page ocr_carea ocr_par ocr_line ocrx_word'/>
</head>
<body>
  <div class='ocr_page' id='page_1' title='image "./scholiagraecain02dbgoog_0647.png"; bbox 0 0 3859 5725; ppageno 0'>
   <div class='ocr_carea' id='block_1_1' title="bbox 1788 213 2054 275">
    <p class='ocr_par' dir='ltr' id='par_1_1' title="bbox 1788 213 2054 275">
     <span class='ocr_line' id='line_1_1' title="bbox 1788 213 2054 275; baseline 0.004 -1"><span class='ocrx_word' id='word_1_1' title='bbox 1788 213 2054 275; x_wconf 86' lang='lat' dir='ltr'><strong>PLUTl.</strong></span> 
     </span>
    </p>
   </div>
   <div class='ocr_carea' id='block_1_2' title="bbox 317 342 1874 5106">
    <p class='ocr_par' dir='ltr' id='par_1_2' title="bbox 420 342 1871 427">
     <span class='ocr_line' id='line_1_2' title="bbox 420 342 1871 427; baseline -0.002 -20"><span class='ocrx_word' id='word_1_2' title='bbox 420 348 559 422; x_wconf 82' lang='grc'><strong>564,</strong></span> <span class='ocrx_word' id='word_1_3' title='bbox 585 349 654 407; x_wconf 81' lang='grc'><strong>31</strong></span> <span class='ocrx_word' id='word_1_4' title='bbox 685 347 776 407; x_wconf 75' lang='grc' dir='ltr'><strong>καὶ</strong></span> <span class='ocrx_word' id='word_1_5' title='bbox 798 366 913 407; x_wconf 88' lang='lat' dir='ltr'><strong>om.</strong></span> <span class='ocrx_word' id='word_1_6' title='bbox 942 352 1127 405; x_wconf 80' lang='lat' dir='ltr'><strong>Dorv.</strong></span> <span class='ocrx_word' id='word_1_7' title='bbox 1144 383 1210 399; x_wconf 90' lang='lat'>-</span> <span class='ocrx_word' id='word_1_8' title='bbox 1236 355 1311 407; x_wconf 73' lang='lat'><strong>88</strong></span> <span class='ocrx_word' id='word_1_9' title='bbox 1346 342 1633 427; x_wconf 78' lang='grc' dir='ltr'><strong>Εἰρωνικόν</strong></span> <span class='ocrx_word' id='word_1_10' title='bbox 1650 368 1664 384; x_wconf 89' lang='grc'><em>·</em></span> <span class='ocrx_word' id='word_1_11' title='bbox 1696 347 1746 405; x_wconf 79' lang='grc' dir='ltr'><strong>οἱ</strong></span> <span class='ocrx_word' id='word_1_12' title='bbox 1768 344 1871 427; x_wconf 76' lang='grc' dir='ltr'><strong>γὰρ</strong></span> 
     </span>
    </p>

    <p class='ocr_par' dir='ltr' id='par_1_3' title="bbox 336 522 1874 1310">
     <span class='ocr_line' id='line_1_3' title="bbox 420 522 1870 605; baseline -0.001 -20"><span class='ocrx_word' id='word_1_13' title='bbox 420 529 557 600; x_wconf 87' lang='grc'><strong>566,</strong></span> <span class='ocrx_word' id='word_1_14' title='bbox 592 530 666 587; x_wconf 82' lang='grc'><strong>36</strong></span> <span class='ocrx_word' id='word_1_15' title='bbox 691 548 776 605; x_wconf 87' lang='lat' dir='ltr'><strong>sq.</strong></span> <span class='ocrx_word' id='word_1_16' title='bbox 806 545 919 585; x_wconf 87' lang='lat' dir='ltr'><strong>om.</strong></span> <span class='ocrx_word' id='word_1_17' title='bbox 940 526 1013 585; x_wconf 90' lang='grc'><strong>9.</strong></span> <span class='ocrx_word' id='word_1_18' title='bbox 1039 557 1120 571; x_wconf 90' lang='grc'>-</span> <span class='ocrx_word' id='word_1_19' title='bbox 1140 527 1211 597; x_wconf 84' lang='grc'><strong>37</strong></span> <span class='ocrx_word' id='word_1_20' title='bbox 1258 523 1315 583; x_wconf 66' lang='grc' dir='ltr'><strong>δὲ</strong></span> <span class='ocrx_word' id='word_1_21' title='bbox 1342 545 1457 587; x_wconf 91' lang='lat' dir='ltr'><strong>om.</strong></span> <span class='ocrx_word' id='word_1_22' title='bbox 1483 530 1551 584; x_wconf 86' lang='lat' dir='ltr'><strong>R.</strong></span> <span class='ocrx_word' id='word_1_23' title='bbox 1582 557 1661 571; x_wconf 89' lang='lat'>—</span> <span class='ocrx_word' id='word_1_24' title='bbox 1692 527 1766 583; x_wconf 84' lang='grc'><strong>38</strong></span> <span class='ocrx_word' id='word_1_25' title='bbox 1789 522 1870 583; x_wconf 75' lang='grc' dir='ltr'><strong>ὅτι</strong></span> 
     </span>
     <span class='ocr_line' id='line_1_4' title="bbox 339 611 1871 696; baseline -0.001 -23"><span class='ocrx_word' id='word_1_26' title='bbox 339 636 454 674; x_wconf 87' lang='lat' dir='ltr'><strong>om.</strong></span> <span class='ocrx_word' id='word_1_27' title='bbox 474 616 543 676; x_wconf 92' lang='grc'><strong>9.</strong></span> <span class='ocrx_word' id='word_1_28' title='bbox 573 642 597 667; x_wconf 69' lang='grc' dir='ltr'><strong>α</strong></span> <span class='ocrx_word' id='word_1_29' title='bbox 622 617 691 675; x_wconf 77' lang='grc' dir='ltr'><strong>Εἰ</strong></span> <span class='ocrx_word' id='word_1_30' title='bbox 725 613 801 694; x_wconf 79' lang='grc' dir='ltr'><strong>μὴ</strong></span> <span class='ocrx_word' id='word_1_31' title='bbox 826 611 1082 696; x_wconf 77' lang='grc' dir='ltr'><strong>φωραθεὶς</strong></span> <span class='ocrx_word' id='word_1_32' title='bbox 1102 614 1190 672; x_wconf 91' lang='grc' dir='ltr'><strong>κλ.</strong></span> <span class='ocrx_word' id='word_1_33' title='bbox 1220 614 1500 692; x_wconf 82' lang='lat' dir='ltr'>Respexit</span> <span class='ocrx_word' id='word_1_34' title='bbox 1525 614 1729 691; x_wconf 86' lang='lat' dir='ltr'><strong>procul</strong></span> <span class='ocrx_word' id='word_1_35' title='bbox 1761 614 1871 671; x_wconf 84' lang='lat' dir='ltr'><strong>du-</strong></span> 
     </span>
     <span class='ocr_line' id='line_1_5' title="bbox 342 702 1871 762; baseline -0.001 -1"><span class='ocrx_word' id='word_1_36' title='bbox 342 704 440 762; x_wconf 91' lang='lat' dir='ltr'><strong>bio</strong></span> <span class='ocrx_word' id='word_1_37' title='bbox 478 704 814 762; x_wconf 78' lang='lat' dir='ltr'>scholiastes</span> <span class='ocrx_word' id='word_1_38' title='bbox 851 703 926 760; x_wconf 86' lang='lat' dir='ltr'><strong>ad</strong></span> <span class='ocrx_word' id='word_1_39' title='bbox 970 721 1161 759; x_wconf 85' lang='lat' dir='ltr'><strong>mores</strong></span> <span class='ocrx_word' id='word_1_40' title='bbox 1202 714 1262 759; x_wconf 89' lang='lat' dir='ltr'><strong>et</strong></span> <span class='ocrx_word' id='word_1_41' title='bbox 1292 702 1556 760; x_wconf 81' lang='lat' dir='ltr'><strong>instituta</strong></span> <span class='ocrx_word' id='word_1_42' title='bbox 1597 702 1871 760; x_wconf 81' lang='lat' dir='ltr'><strong>Lacedae-</strong></span> 
     </span>
     <span class='ocr_line' id='line_1_6' title="bbox 341 789 1871 869; baseline -0.001 -21"><span class='ocrx_word' id='word_1_43' title='bbox 341 791 667 849; x_wconf 80' lang='lat' dir='ltr'><strong>inoniorum</strong></span> <span class='ocrx_word' id='word_1_44' title='bbox 687 834 703 863; x_wconf 94' lang='lat'><strong>,</strong></span> <span class='ocrx_word' id='word_1_45' title='bbox 735 792 954 869; x_wconf 90' lang='lat' dir='ltr'><strong>quippe</strong></span> <span class='ocrx_word' id='word_1_46' title='bbox 988 789 1146 867; x_wconf 85' lang='lat' dir='ltr'><strong>apud</strong></span> <span class='ocrx_word' id='word_1_47' title='bbox 1175 809 1325 866; x_wconf 86' lang='lat' dir='ltr'><strong>quos</strong></span> <span class='ocrx_word' id='word_1_48' title='bbox 1355 790 1507 847; x_wconf 78' lang='lat' dir='ltr'><strong>furta</strong></span> <span class='ocrx_word' id='word_1_49' title='bbox 1536 791 1673 848; x_wconf 89' lang='lat' dir='ltr'><strong>olim</strong></span> <span class='ocrx_word' id='word_1_50' title='bbox 1715 790 1871 847; x_wconf 83' lang='lat' dir='ltr'><strong>licita</strong></span> 
     </span>
     <span class='ocr_line' id='line_1_7' title="bbox 339 877 1871 957; baseline -0.003 -18"><span class='ocrx_word' id='word_1_51' title='bbox 339 893 507 939; x_wconf 82' lang='lat' dir='ltr'><strong>erant</strong></span> <span class='ocrx_word' id='word_1_52' title='bbox 532 893 590 939; x_wconf 88' lang='lat' dir='ltr'><strong>et</strong></span> <span class='ocrx_word' id='word_1_53' title='bbox 618 881 930 957; x_wconf 80' lang='lat' dir='ltr'><strong>impunita,</strong></span> <span class='ocrx_word' id='word_1_54' title='bbox 958 877 1131 935; x_wconf 87' lang='lat' dir='ltr'><strong>modo</strong></span> <span class='ocrx_word' id='word_1_55' title='bbox 1159 879 1241 936; x_wconf 85' lang='lat' dir='ltr'><strong>ita</strong></span> <span class='ocrx_word' id='word_1_56' title='bbox 1268 879 1503 951; x_wconf 82' lang='lat' dir='ltr'><strong>fierent,</strong></span> <span class='ocrx_word' id='word_1_57' title='bbox 1539 899 1613 936; x_wconf 91' lang='lat' dir='ltr'><strong>ne</strong></span> <span class='ocrx_word' id='word_1_58' title='bbox 1650 877 1782 956; x_wconf 86' lang='lat' dir='ltr'><strong>quis</strong></span> <span class='ocrx_word' id='word_1_59' title='bbox 1810 879 1871 935; x_wconf 91' lang='lat' dir='ltr'><strong>in</strong></span> 
     </span>
     <span class='ocr_line' id='line_1_8' title="bbox 338 965 1871 1046; baseline -0.002 -19"><span class='ocrx_word' id='word_1_60' title='bbox 338 971 470 1046; x_wconf 89' lang='lat' dir='ltr'><strong>ipso</strong></span> <span class='ocrx_word' id='word_1_61' title='bbox 521 970 678 1026; x_wconf 84' lang='lat' dir='ltr'><strong>furto</strong></span> <span class='ocrx_word' id='word_1_62' title='bbox 710 965 1257 1045; x_wconf 81' lang='lat' dir='ltr'><strong>deprehenderetur.</strong></span> <span class='ocrx_word' id='word_1_63' title='bbox 1286 967 1436 1025; x_wconf 83' lang='lat' dir='ltr'><strong>Vide</strong></span> <span class='ocrx_word' id='word_1_64' title='bbox 1473 969 1746 1045; x_wconf 78' lang='lat' dir='ltr'><strong>Cragium</strong></span> <span class='ocrx_word' id='word_1_65' title='bbox 1782 972 1871 1025; x_wconf 91' lang='lat' dir='ltr'><strong>De</strong></span> 
     </span>
     <span class='ocr_line' id='line_1_9' title="bbox 339 1053 1872 1135; baseline 0.001 -21"><span class='ocrx_word' id='word_1_66' title='bbox 339 1055 565 1135; x_wconf 83' lang='lat' dir='ltr'><strong>republ.</strong></span> <span class='ocrx_word' id='word_1_67' title='bbox 595 1056 992 1114; x_wconf 73' lang='lat' dir='ltr'><strong>Lacedaemon.</strong></span> <span class='ocrx_word' id='word_1_68' title='bbox 1021 1057 1085 1123; x_wconf 87' lang='grc'><strong>3,</strong></span> <span class='ocrx_word' id='word_1_69' title='bbox 1123 1076 1208 1113; x_wconf 76' lang='lat'><strong>12.</strong></span> <span class='ocrx_word' id='word_1_70' title='bbox 1237 1061 1415 1115; x_wconf 68' lang='lat' dir='ltr'><strong>Kese.</strong></span> <span class='ocrx_word' id='word_1_71' title='bbox 1435 1093 1509 1105; x_wconf 89' lang='lat'><strong>—-</strong></span> <span class='ocrx_word' id='word_1_72' title='bbox 1527 1058 1602 1132; x_wconf 82' lang='lat'><strong>39</strong></span> <span class='ocrx_word' id='word_1_73' title='bbox 1641 1053 1872 1127; x_wconf 82' lang='grc' dir='ltr'><strong>κλέπτης</strong></span> 
     </span>
     <span class='ocr_line' id='line_1_10' title="bbox 337 1142 1874 1224; baseline 0.001 -23"><span class='ocrx_word' id='word_1_74' title='bbox 337 1147 425 1202; x_wconf 83' lang='grc' dir='ltr'><strong>ὖπ.</strong></span> <span class='ocrx_word' id='word_1_75' title='bbox 452 1144 585 1203; x_wconf 80' lang='lat' dir='ltr'><strong>Ald.</strong></span> <span class='ocrx_word' id='word_1_76' title='bbox 617 1142 696 1202; x_wconf 75' lang='grc' dir='ltr'><strong>ὅτι</strong></span> <span class='ocrx_word' id='word_1_77' title='bbox 720 1142 949 1216; x_wconf 79' lang='grc' dir='ltr'><strong>κλέπτης</strong></span> <span class='ocrx_word' id='word_1_78' title='bbox 972 1145 1058 1201; x_wconf 75' lang='grc' dir='ltr'><strong>ὑπ.</strong></span> <span class='ocrx_word' id='word_1_79' title='bbox 1088 1145 1159 1202; x_wconf 85' lang='grc'><strong>9.</strong></span> <span class='ocrx_word' id='word_1_80' title='bbox 1191 1142 1437 1224; x_wconf 76' lang='grc' dir='ltr'><strong>δπήρχθη</strong></span> <span class='ocrx_word' id='word_1_81' title='bbox 1459 1149 1529 1203; x_wconf 83' lang='lat' dir='ltr'><strong>R.</strong></span> <span class='ocrx_word' id='word_1_82' title='bbox 1551 1187 1615 1196; x_wconf 87' lang='grc'><strong>-</strong></span> <span class='ocrx_word' id='word_1_83' title='bbox 1644 1154 1718 1214; x_wconf 85' lang='grc' dir='ltr'><strong>4ο</strong></span> <span class='ocrx_word' id='word_1_84' title='bbox 1745 1145 1874 1202; x_wconf 75' lang='grc' dir='ltr'><strong>λαν-</strong></span> 
     </span>
     <span class='ocr_line' id='line_1_11' title="bbox 336 1231 1226 1310; baseline 0.001 -20"><span class='ocrx_word' id='word_1_85' title='bbox 336 1232 505 1291; x_wconf 80' lang='grc' dir='ltr'><strong>θάνων</strong></span> <span class='ocrx_word' id='word_1_86' title='bbox 525 1234 626 1307; x_wconf 92' lang='grc'><strong>9.,</strong></span> <span class='ocrx_word' id='word_1_87' title='bbox 657 1233 761 1310; x_wconf 87' lang='lat' dir='ltr'><strong>qui</strong></span> <span class='ocrx_word' id='word_1_88' title='bbox 790 1231 1002 1291; x_wconf 86' lang='lat' dir='ltr'><strong>deinde</strong></span> <span class='ocrx_word' id='word_1_89' title='bbox 1023 1231 1079 1290; x_wconf 82' lang='grc' dir='ltr'><strong>δὲ</strong></span> <span class='ocrx_word' id='word_1_90' title='bbox 1110 1252 1226 1291; x_wconf 87' lang='lat' dir='ltr'><strong>om.</strong></span> 
     </span>
    </p>

    <p class='ocr_par' dir='ltr' id='par_1_4' title="bbox 332 1316 1871 2188">
     <span class='ocr_line' id='line_1_12' title="bbox 417 1316 1871 1401; baseline -0.002 -20"><span class='ocrx_word' id='word_1_91' title='bbox 417 1324 553 1395; x_wconf 88' lang='grc'><strong>570,</strong></span> <span class='ocrx_word' id='word_1_92' title='bbox 587 1332 656 1395; x_wconf 85' lang='grc'><strong>47</strong></span> <span class='ocrx_word' id='word_1_93' title='bbox 689 1322 781 1388; x_wconf 80' lang='grc' dir='ltr'><strong>Εἰς</strong></span> <span class='ocrx_word' id='word_1_94' title='bbox 804 1326 956 1381; x_wconf 76' lang='grc' dir='ltr'><strong>τοῦτο</strong></span> <span class='ocrx_word' id='word_1_95' title='bbox 981 1319 1035 1379; x_wconf 84' lang='grc' dir='ltr'><strong>δὲ</strong></span> <span class='ocrx_word' id='word_1_96' title='bbox 1060 1316 1396 1400; x_wconf 84' lang='grc' dir='ltr'><strong>συναγορεύει</strong></span> <span class='ocrx_word' id='word_1_97' title='bbox 1415 1320 1580 1401; x_wconf 79' lang='grc' dir='ltr'><strong>ταύτῃ</strong></span> <span class='ocrx_word' id='word_1_98' title='bbox 1597 1365 1615 1395; x_wconf 94' lang='grc'><strong>,</strong></span> <span class='ocrx_word' id='word_1_99' title='bbox 1642 1318 1733 1380; x_wconf 79' lang='grc' dir='ltr'><strong>ἵνα</strong></span> <span class='ocrx_word' id='word_1_100' title='bbox 1752 1321 1871 1379; x_wconf 91' lang='grc' dir='ltr'><strong>δια-</strong></span> 
     </span>
     <span class='ocr_line' id='line_1_13' title="bbox 335 1407 1871 1491; baseline -0.001 -23"><span class='ocrx_word' id='word_1_101' title='bbox 335 1407 476 1490; x_wconf 72' lang='grc' dir='ltr'><strong>ὃάλῃ</strong></span> <span class='ocrx_word' id='word_1_102' title='bbox 495 1409 616 1476; x_wconf 71' lang='grc' dir='ltr'><strong>τοὺς</strong></span> <span class='ocrx_word' id='word_1_103' title='bbox 637 1408 750 1491; x_wconf 78' lang='grc' dir='ltr'><strong>ῥήτ.</strong></span> <span class='ocrx_word' id='word_1_104' title='bbox 771 1410 865 1480; x_wconf 92' lang='grc'><strong>9.,</strong></span> <span class='ocrx_word' id='word_1_105' title='bbox 889 1409 1189 1486; x_wconf 84' lang='lat' dir='ltr'><strong>sequentia</strong></span> <span class='ocrx_word' id='word_1_106' title='bbox 1219 1409 1513 1468; x_wconf 85' lang='lat' dir='ltr'><strong>omittens.</strong></span> <span class='ocrx_word' id='word_1_107' title='bbox 1535 1446 1597 1458; x_wconf 97' lang='lat'>—</span> <span class='ocrx_word' id='word_1_108' title='bbox 1620 1412 1693 1478; x_wconf 92' lang='grc'><strong>48</strong></span> <span class='ocrx_word' id='word_1_109' title='bbox 1721 1411 1871 1487; x_wconf 84' lang='grc' dir='ltr'><strong>λαμ-</strong></span> 
     </span>
     <span class='ocr_line' id='line_1_14' title="bbox 336 1495 1870 1574; baseline -0.001 -18"><span class='ocrx_word' id='word_1_110' title='bbox 336 1495 580 1564; x_wconf 83' lang='grc' dir='ltr'><strong>6οίνοντες</strong></span> <span class='ocrx_word' id='word_1_111' title='bbox 606 1498 771 1570; x_wconf 81' lang='lat' dir='ltr'><strong>Ald.;</strong></span> <span class='ocrx_word' id='word_1_112' title='bbox 800 1498 1038 1574; x_wconf 84' lang='lat' dir='ltr'><strong>reliquae</strong></span> <span class='ocrx_word' id='word_1_113' title='bbox 1060 1495 1445 1573; x_wconf 74' lang='grc' dir='ltr'><strong>λαμὸοίνοντας.</strong></span> <span class='ocrx_word' id='word_1_114' title='bbox 1472 1502 1776 1569; x_wconf 82' lang='lat' dir='ltr'><strong>Kusterus,</strong></span> <span class='ocrx_word' id='word_1_115' title='bbox 1804 1509 1870 1555; x_wconf 87' lang='lat' dir='ltr'><strong>ut</strong></span> 
     </span>
     <span class='ocr_line' id='line_1_15' title="bbox 335 1584 1868 1658; baseline -0.001 -15"><span class='ocrx_word' id='word_1_116' title='bbox 335 1586 616 1643; x_wconf 82' lang='lat' dir='ltr'><strong>orationis</strong></span> <span class='ocrx_word' id='word_1_117' title='bbox 652 1584 797 1642; x_wconf 77' lang='lat' dir='ltr'><strong>male</strong></span> <span class='ocrx_word' id='word_1_118' title='bbox 829 1585 1136 1642; x_wconf 75' lang='lat' dir='ltr'><strong>cohaerenti</strong></span> <span class='ocrx_word' id='word_1_119' title='bbox 1165 1595 1471 1643; x_wconf 85' lang='lat' dir='ltr'><strong>structurae</strong></span> <span class='ocrx_word' id='word_1_120' title='bbox 1506 1584 1868 1658; x_wconf 82' lang='lat' dir='ltr'><strong>subveniret,</strong></span> 
     </span>
     <span class='ocr_line' id='line_1_16' title="bbox 334 1670 1871 1755; baseline -0.001 -24"><span class='ocrx_word' id='word_1_121' title='bbox 334 1673 603 1731; x_wconf 73' lang='lat' dir='ltr'><strong>distinxit</strong></span> <span class='ocrx_word' id='word_1_122' title='bbox 619 1670 766 1752; x_wconf 76' lang='grc' dir='ltr'><strong>παρὰ</strong></span> <span class='ocrx_word' id='word_1_123' title='bbox 783 1675 887 1731; x_wconf 79' lang='grc' dir='ltr'><strong>τῶν</strong></span> <span class='ocrx_word' id='word_1_124' title='bbox 907 1671 1195 1751; x_wconf 86' lang='grc' dir='ltr'><strong>πολεμίων.</strong></span> <span class='ocrx_word' id='word_1_125' title='bbox 1218 1671 1517 1755; x_wconf 85' lang='grc' dir='ltr'><strong>Ἀσύμφορα</strong></span> <span class='ocrx_word' id='word_1_126' title='bbox 1540 1687 1673 1746; x_wconf 68' lang='grc' dir='ltr'><strong>οἱα,</strong></span> <span class='ocrx_word' id='word_1_127' title='bbox 1695 1687 1871 1752; x_wconf 80' lang='lat' dir='ltr'><strong>atque</strong></span> 
     </span>
     <span class='ocr_line' id='line_1_17' title="bbox 335 1757 1871 1841; baseline 0.002 -24"><span class='ocrx_word' id='word_1_128' title='bbox 335 1760 417 1818; x_wconf 81' lang='lat' dir='ltr'><strong>ita</strong></span> <span class='ocrx_word' id='word_1_129' title='bbox 429 1762 548 1818; x_wconf 78' lang='lat' dir='ltr'><strong>fere</strong></span> <span class='ocrx_word' id='word_1_130' title='bbox 571 1765 751 1818; x_wconf 84' lang='lat' dir='ltr'><strong>Dorv.</strong></span> <span class='ocrx_word' id='word_1_131' title='bbox 775 1758 1224 1830; x_wconf 56' lang='grc' dir='ltr'><strong>ιΔιαὸάλλειποὺς</strong></span> <span class='ocrx_word' id='word_1_132' title='bbox 1241 1757 1461 1841; x_wconf 76' lang='grc' dir='ltr'><strong>ῥήτορας</strong></span> <span class='ocrx_word' id='word_1_133' title='bbox 1478 1761 1710 1839; x_wconf 70' lang='grc' dir='ltr'><strong>ὡςδῶρα</strong></span> <span class='ocrx_word' id='word_1_134' title='bbox 1730 1763 1871 1836; x_wconf 87' lang='grc' dir='ltr'><strong>λαμ-</strong></span> 
     </span>
     <span class='ocr_line' id='line_1_18' title="bbox 333 1845 1867 1931; baseline 0.001 -26"><span class='ocrx_word' id='word_1_135' title='bbox 333 1846 587 1914; x_wconf 76' lang='grc' dir='ltr'><strong>ὃοίνοντας</strong></span> <span class='ocrx_word' id='word_1_136' title='bbox 614 1845 760 1927; x_wconf 78' lang='grc' dir='ltr'><strong>παρὰ</strong></span> <span class='ocrx_word' id='word_1_137' title='bbox 791 1846 874 1925; x_wconf 81' lang='grc' dir='ltr'><strong>[ἐκ</strong></span> <span class='ocrx_word' id='word_1_138' title='bbox 889 1848 1059 1925; x_wconf 79' lang='lat' dir='ltr'><strong>Reg.]</strong></span> <span class='ocrx_word' id='word_1_139' title='bbox 1074 1850 1178 1904; x_wconf 82' lang='grc' dir='ltr'><strong>τῶν</strong></span> <span class='ocrx_word' id='word_1_140' title='bbox 1199 1848 1467 1911; x_wconf 77' lang='grc' dir='ltr'><strong>ἐναντίων.</strong></span> <span class='ocrx_word' id='word_1_141' title='bbox 1493 1846 1775 1931; x_wconf 78' lang='grc' dir='ltr'>ἀσύμφορα</span> <span class='ocrx_word' id='word_1_142' title='bbox 1801 1854 1867 1929; x_wconf 87' lang='lat' dir='ltr'><strong>effi</strong></span> 
     </span>
     <span class='ocr_line' id='line_1_19' title="bbox 332 1932 1871 2014; baseline 0.002 -21"><span class='ocrx_word' id='word_1_143' title='bbox 332 1935 484 1993; x_wconf 87' lang='grc' dir='ltr'><strong>πόλει</strong></span> <span class='ocrx_word' id='word_1_144' title='bbox 505 1932 923 2014; x_wconf 77' lang='grc' dir='ltr'><strong>συμὸουλεύουσι</strong></span> <span class='ocrx_word' id='word_1_145' title='bbox 944 1957 958 1971; x_wconf 89' lang='grc'><em>·</em></span> <span class='ocrx_word' id='word_1_146' title='bbox 985 1936 1194 1994; x_wconf 82' lang='lat' dir='ltr'><strong>ceteris</strong></span> <span class='ocrx_word' id='word_1_147' title='bbox 1217 1937 1470 1996; x_wconf 80' lang='lat' dir='ltr'><strong>omissis,</strong></span> <span class='ocrx_word' id='word_1_148' title='bbox 1498 1940 1719 1995; x_wconf 63' lang='lat' dir='ltr'><strong>Hans-n</strong></span> <span class='ocrx_word' id='word_1_149' title='bbox 1754 1943 1871 1996; x_wconf 80' lang='lat' dir='ltr'><strong>Re-</strong></span> 
     </span>
     <span class='ocr_line' id='line_1_20' title="bbox 333 2020 1870 2105; baseline 0.001 -24"><span class='ocrx_word' id='word_1_150' title='bbox 333 2024 496 2099; x_wconf 80' lang='lat' dir='ltr'><strong>gius:</strong></span> <span class='ocrx_word' id='word_1_151' title='bbox 519 2060 581 2072; x_wconf 90' lang='lat'><strong>—-</strong></span> <span class='ocrx_word' id='word_1_152' title='bbox 604 2020 853 2081; x_wconf 75' lang='grc' dir='ltr'><strong>ἐναντίων</strong></span> <span class='ocrx_word' id='word_1_153' title='bbox 877 2022 969 2081; x_wconf 83' lang='grc' dir='ltr'><strong>καὶ</strong></span> <span class='ocrx_word' id='word_1_154' title='bbox 992 2022 1194 2105; x_wconf 78' lang='grc' dir='ltr'><strong>ἄσύμφ.</strong></span> <span class='ocrx_word' id='word_1_155' title='bbox 1214 2027 1282 2105; x_wconf 85' lang='grc' dir='ltr'><strong>τῇ</strong></span> <span class='ocrx_word' id='word_1_156' title='bbox 1305 2047 1365 2083; x_wconf 90' lang='grc' dir='ltr'><strong>π.</strong></span> <span class='ocrx_word' id='word_1_157' title='bbox 1387 2022 1755 2104; x_wconf 78' lang='grc' dir='ltr'><strong>βουλεύοντας,</strong></span> <span class='ocrx_word' id='word_1_158' title='bbox 1775 2027 1870 2084; x_wconf 76' lang='grc' dir='ltr'><strong>οὒκ</strong></span> 
     </span>
     <span class='ocr_line' id='line_1_21' title="bbox 335 2110 718 2188; baseline 0.003 -21"><span class='ocrx_word' id='word_1_159' title='bbox 335 2110 718 2188; x_wconf 81' lang='grc' dir='ltr'><strong>-ἀμύνεσθαι,</strong></span> 
     </span>
    </p>

    <p class='ocr_par' dir='ltr' id='par_1_5' title="bbox 325 2195 1869 2890">
     <span class='ocr_line' id='line_1_22' title="bbox 414 2195 1869 2281; baseline 0.001 -25"><span class='ocrx_word' id='word_1_160' title='bbox 414 2201 551 2273; x_wconf 87' lang='grc'><strong>571,</strong></span> <span class='ocrx_word' id='word_1_161' title='bbox 584 2200 656 2258; x_wconf 78' lang='lat'><strong>53</strong></span> <span class='ocrx_word' id='word_1_162' title='bbox 689 2195 913 2279; x_wconf 78' lang='grc' dir='ltr'><strong>Συνᾴδει</strong></span> <span class='ocrx_word' id='word_1_163' title='bbox 944 2196 1341 2281; x_wconf 71' lang='grc' dir='ltr'><strong>ἰσχυριζόμενος</strong></span> <span class='ocrx_word' id='word_1_164' title='bbox 1362 2205 1434 2259; x_wconf 88' lang='lat' dir='ltr'><strong>V.</strong></span> <span class='ocrx_word' id='word_1_165' title='bbox 1463 2199 1690 2259; x_wconf 87' lang='lat' dir='ltr'><strong>Deinde</strong></span> <span class='ocrx_word' id='word_1_166' title='bbox 1714 2200 1869 2278; x_wconf 85' lang='lat' dir='ltr'><strong>lege—</strong></span> 
     </span>
     <span class='ocr_line' id='line_1_23' title="bbox 330 2282 1866 2368; baseline 0.004 -25"><span class='ocrx_word' id='word_1_167' title='bbox 330 2285 507 2345; x_wconf 81' lang='lat' dir='ltr'><strong>batur</strong></span> <span class='ocrx_word' id='word_1_168' title='bbox 533 2284 594 2344; x_wconf 82' lang='grc' dir='ltr'><strong>τὸ</strong></span> <span class='ocrx_word' id='word_1_169' title='bbox 621 2282 763 2344; x_wconf 81' lang='grc' dir='ltr'><strong>κατὰ</strong></span> <span class='ocrx_word' id='word_1_170' title='bbox 780 2288 905 2344; x_wconf 79' lang='grc' dir='ltr'><strong>τῶν.</strong></span> <span class='ocrx_word' id='word_1_171' title='bbox 934 2319 1016 2331; x_wconf 91' lang='lat'>-</span> <span class='ocrx_word' id='word_1_172' title='bbox 1040 2287 1112 2356; x_wconf 88' lang='grc'><strong>54</strong></span> <span class='ocrx_word' id='word_1_173' title='bbox 1140 2289 1330 2365; x_wconf 79' lang='grc' dir='ltr'><strong>σχῆμα</strong></span> <span class='ocrx_word' id='word_1_174' title='bbox 1358 2293 1429 2345; x_wconf 89' lang='lat' dir='ltr'><strong>V.</strong></span> <span class='ocrx_word' id='word_1_175' title='bbox 1451 2296 1672 2368; x_wconf 74' lang='grc' dir='ltr'><strong>πρᾶγμα</strong></span> <span class='ocrx_word' id='word_1_176' title='bbox 1700 2292 1769 2346; x_wconf 74' lang='lat' dir='ltr'><strong>R.</strong></span> <span class='ocrx_word' id='word_1_177' title='bbox 1791 2289 1866 2350; x_wconf 90' lang='grc'><strong>9.</strong></span> 
     </span>
     <span class='ocr_line' id='line_1_24' title="bbox 329 2373 1867 2455; baseline 0.001 -21"><span class='ocrx_word' id='word_1_178' title='bbox 329 2377 485 2451; x_wconf 84' lang='lat' dir='ltr'><strong>Ald.,</strong></span> <span class='ocrx_word' id='word_1_179' title='bbox 511 2396 642 2452; x_wconf 83' lang='lat' dir='ltr'><strong>quae</strong></span> <span class='ocrx_word' id='word_1_180' title='bbox 662 2373 942 2455; x_wconf 79' lang='grc' dir='ltr'><strong>διασύρειν.</strong></span> <span class='ocrx_word' id='word_1_181' title='bbox 969 2374 1055 2432; x_wconf 87' lang='lat' dir='ltr'><strong>lb.</strong></span> <span class='ocrx_word' id='word_1_182' title='bbox 1084 2373 1238 2433; x_wconf 78' lang='grc' dir='ltr'><strong>αὐτόν</strong></span> <span class='ocrx_word' id='word_1_183' title='bbox 1258 2381 1326 2434; x_wconf 80' lang='lat' dir='ltr'><strong>R.</strong></span> <span class='ocrx_word' id='word_1_184' title='bbox 1352 2375 1540 2444; x_wconf 79' lang='grc' dir='ltr'><strong>αὐτούς</strong></span> <span class='ocrx_word' id='word_1_185' title='bbox 1559 2382 1626 2436; x_wconf 89' lang='lat' dir='ltr'><strong>V.</strong></span> <span class='ocrx_word' id='word_1_186' title='bbox 1653 2397 1768 2437; x_wconf 88' lang='lat' dir='ltr'><strong>om.</strong></span> <span class='ocrx_word' id='word_1_187' title='bbox 1795 2380 1867 2438; x_wconf 82' lang='grc' dir='ltr'><strong>Θ.</strong></span> 
     </span>
     <span class='ocr_line' id='line_1_25' title="bbox 327 2462 1868 2543; baseline 0.003 -22"><span class='ocrx_word' id='word_1_188' title='bbox 327 2464 457 2522; x_wconf 81' lang='lat' dir='ltr'><strong>Ald.</strong></span> <span class='ocrx_word' id='word_1_189' title='bbox 489 2469 770 2540; x_wconf 71' lang='lat' dir='ltr'><strong>«Spectat</strong></span> <span class='ocrx_word' id='word_1_190' title='bbox 804 2462 924 2520; x_wconf 84' lang='lat' dir='ltr'><strong>haec</strong></span> <span class='ocrx_word' id='word_1_191' title='bbox 964 2464 1263 2522; x_wconf 82' lang='lat' dir='ltr'><strong>annotatio</strong></span> <span class='ocrx_word' id='word_1_192' title='bbox 1309 2465 1380 2522; x_wconf 85' lang='lat' dir='ltr'><strong>ad</strong></span> <span class='ocrx_word' id='word_1_193' title='bbox 1431 2467 1617 2543; x_wconf 79' lang='lat' dir='ltr'><strong>prima</strong></span> <span class='ocrx_word' id='word_1_194' title='bbox 1668 2486 1868 2525; x_wconf 82' lang='lat' dir='ltr'><strong>versus</strong></span> 
     </span>
     <span class='ocr_line' id='line_1_26' title="bbox 330 2548 1865 2631; baseline 0.003 -22"><span class='ocrx_word' id='word_1_195' title='bbox 330 2551 506 2609; x_wconf 83' lang='lat' dir='ltr'><strong>verba</strong></span> <span class='ocrx_word' id='word_1_196' title='bbox 530 2551 646 2609; x_wconf 77' lang='grc' dir='ltr'><strong>ἀλλ’</strong></span> <span class='ocrx_word' id='word_1_197' title='bbox 688 2552 747 2608; x_wconf 82' lang='grc' dir='ltr'><strong>οὔ</strong></span> <span class='ocrx_word' id='word_1_198' title='bbox 774 2548 955 2631; x_wconf 84' lang='grc' dir='ltr'><strong>ψεύδει</strong></span> <span class='ocrx_word' id='word_1_199' title='bbox 994 2548 1194 2609; x_wconf 86' lang='grc' dir='ltr'><strong>τούτων</strong></span> <span class='ocrx_word' id='word_1_200' title='bbox 1231 2551 1283 2629; x_wconf 79' lang='grc' dir='ltr'><strong>γ’</strong></span> <span class='ocrx_word' id='word_1_201' title='bbox 1311 2551 1478 2611; x_wconf 74' lang='grc' dir='ltr'><strong>οὐδέν.</strong></span> <span class='ocrx_word' id='word_1_202' title='bbox 1500 2580 1524 2605; x_wconf 69' lang='grc' dir='ltr'>ι</span> <span class='ocrx_word' id='word_1_203' title='bbox 1562 2559 1746 2613; x_wconf 77' lang='lat' dir='ltr'><strong>Dum.</strong></span> <span class='ocrx_word' id='word_1_204' title='bbox 1776 2555 1865 2613; x_wconf 79' lang='lat' dir='ltr'><strong>Ad</strong></span> 
     </span>
     <span class='ocr_line' id='line_1_27' title="bbox 328 2638 1865 2723; baseline 0.003 -27"><span class='ocrx_word' id='word_1_205' title='bbox 328 2659 459 2716; x_wconf 86' lang='lat' dir='ltr'><strong>quae</strong></span> <span class='ocrx_word' id='word_1_206' title='bbox 511 2640 624 2698; x_wconf 92' lang='lat' dir='ltr'><strong>hoc</strong></span> <span class='ocrx_word' id='word_1_207' title='bbox 668 2638 931 2696; x_wconf 79' lang='lat' dir='ltr'><strong>scholion</strong></span> <span class='ocrx_word' id='word_1_208' title='bbox 977 2638 1154 2697; x_wconf 80' lang='lat' dir='ltr'><strong>habet</strong></span> <span class='ocrx_word' id='word_1_209' title='bbox 1192 2644 1333 2718; x_wconf 75' lang='lat' dir='ltr'><strong>Reg.</strong></span> <span class='ocrx_word' id='word_1_210' title='bbox 1365 2659 1382 2700; x_wconf 74' lang='lat' dir='ltr'><strong>t</strong></span> <span class='ocrx_word' id='word_1_211' title='bbox 1413 2640 1764 2723; x_wconf 86' lang='grc' dir='ltr'><strong>Συναγορεύει</strong></span> <span class='ocrx_word' id='word_1_212' title='bbox 1809 2641 1865 2700; x_wconf 82' lang='grc' dir='ltr'><strong>δὲ</strong></span> 
     </span>
     <span class='ocr_line' id='line_1_28' title="bbox 325 2725 1866 2812; baseline 0.003 -28"><span class='ocrx_word' id='word_1_213' title='bbox 325 2725 528 2795; x_wconf 81' lang='grc' dir='ltr'><strong>τούτοις</strong></span> <span class='ocrx_word' id='word_1_214' title='bbox 551 2728 641 2787; x_wconf 75' lang='grc' dir='ltr'><strong>καὶ</strong></span> <span class='ocrx_word' id='word_1_215' title='bbox 662 2731 692 2784; x_wconf 80' lang='grc' dir='ltr'><strong><em>ὃ</em></strong></span> <span class='ocrx_word' id='word_1_216' title='bbox 712 2725 989 2808; x_wconf 81' lang='grc' dir='ltr'><strong>Χρέμυλος</strong></span> <span class='ocrx_word' id='word_1_217' title='bbox 1013 2730 1086 2794; x_wconf 81' lang='grc' dir='ltr'><strong>εἰς</strong></span> <span class='ocrx_word' id='word_1_218' title='bbox 1104 2727 1322 2787; x_wconf 83' lang='grc' dir='ltr'><strong>πλείονα</strong></span> <span class='ocrx_word' id='word_1_219' title='bbox 1343 2732 1450 2787; x_wconf 84' lang='grc' dir='ltr'><strong>τῶν</strong></span> <span class='ocrx_word' id='word_1_220' title='bbox 1482 2728 1714 2812; x_wconf 79' lang='grc' dir='ltr'><strong>ῥητόρων</strong></span> <span class='ocrx_word' id='word_1_221' title='bbox 1743 2731 1866 2789; x_wconf 87' lang='grc' dir='ltr'><strong>δια-</strong></span> 
     </span>
     <span class='ocr_line' id='line_1_29' title="bbox 326 2814 1861 2890; baseline 0.003 -16"><span class='ocrx_word' id='word_1_222' title='bbox 326 2814 604 2887; x_wconf 54' lang='lat' dir='ltr'><strong>&amp;ohim—1</strong></span> <span class='ocrx_word' id='word_1_223' title='bbox 633 2817 811 2881; x_wconf 82' lang='grc' dir='ltr'><strong>ἁπλῶς</strong></span> <span class='ocrx_word' id='word_1_224' title='bbox 838 2835 954 2874; x_wconf 91' lang='lat' dir='ltr'><strong>om.</strong></span> <span class='ocrx_word' id='word_1_225' title='bbox 976 2821 1070 2890; x_wconf 94' lang='lat' dir='ltr'><strong>V.,</strong></span> <span class='ocrx_word' id='word_1_226' title='bbox 1086 2815 1264 2875; x_wconf 81' lang='lat' dir='ltr'><strong>habet</strong></span> <span class='ocrx_word' id='word_1_227' title='bbox 1279 2817 1485 2876; x_wconf 82' lang='lat' dir='ltr'><strong>Suidas</strong></span> <span class='ocrx_word' id='word_1_228' title='bbox 1505 2839 1550 2876; x_wconf 79' lang='grc'><strong>5.</strong></span> <span class='ocrx_word' id='word_1_229' title='bbox 1570 2819 1861 2879; x_wconf 82' lang='grc' dir='ltr'><strong>Βασκανία.</strong></span> 
     </span>
    </p>

    <p class='ocr_par' dir='ltr' id='par_1_6' title="bbox 322 2901 1864 3691">
     <span class='ocr_line' id='line_1_30' title="bbox 409 2901 1864 2984; baseline 0.005 -26"><span class='ocrx_word' id='word_1_230' title='bbox 409 2904 546 2978; x_wconf 64' lang='grc'><strong>572,</strong></span> <span class='ocrx_word' id='word_1_231' title='bbox 575 2907 682 2973; x_wconf 83' lang='grc'><strong>4-6</strong></span> <span class='ocrx_word' id='word_1_232' title='bbox 707 2901 1139 2983; x_wconf 71' lang='grc' dir='ltr'><strong>’Ὅμως-πείσῃ</strong></span> <span class='ocrx_word' id='word_1_233' title='bbox 1182 2917 1316 2980; x_wconf 82' lang='lat' dir='ltr'><strong>post</strong></span> <span class='ocrx_word' id='word_1_234' title='bbox 1355 2916 1654 2984; x_wconf 71' lang='grc' dir='ltr'><strong>καυχητιᾶν</strong></span> <span class='ocrx_word' id='word_1_235' title='bbox 1697 2910 1864 2983; x_wconf 88' lang='lat' dir='ltr'><strong>ponit</strong></span> 
     </span>
     <span class='ocr_line' id='line_1_31' title="bbox 326 2989 1863 3072; baseline 0.004 -27"><span class='ocrx_word' id='word_1_236' title='bbox 326 2995 394 3046; x_wconf 85' lang='lat' dir='ltr'><strong>V.</strong></span> <span class='ocrx_word' id='word_1_237' title='bbox 421 3027 482 3038; x_wconf 89' lang='lat'>—</span> <span class='ocrx_word' id='word_1_238' title='bbox 506 2991 539 3046; x_wconf 85' lang='lat'>5</span> <span class='ocrx_word' id='word_1_239' title='bbox 571 2989 842 3071; x_wconf 75' lang='grc' dir='ltr'><strong>φρονήσεις</strong></span> <span class='ocrx_word' id='word_1_240' title='bbox 870 2991 943 3047; x_wconf 85' lang='grc' dir='ltr'><strong>Θ.</strong></span> <span class='ocrx_word' id='word_1_241' title='bbox 967 3026 1028 3037; x_wconf 91' lang='grc'>-</span> <span class='ocrx_word' id='word_1_242' title='bbox 1048 2994 1084 3046; x_wconf 90' lang='grc'><strong>6</strong></span> <span class='ocrx_word' id='word_1_243' title='bbox 1120 2989 1363 3069; x_wconf 76' lang='grc' dir='ltr'><strong>κομήσῃς</strong></span> <span class='ocrx_word' id='word_1_244' title='bbox 1393 2990 1449 3049; x_wconf 78' lang='grc' dir='ltr'><strong>δὲ</strong></span> <span class='ocrx_word' id='word_1_245' title='bbox 1485 3012 1599 3049; x_wconf 87' lang='lat' dir='ltr'><strong>orn.</strong></span> <span class='ocrx_word' id='word_1_246' title='bbox 1636 2994 1721 3064; x_wconf 90' lang='lat' dir='ltr'><strong>V.,</strong></span> <span class='ocrx_word' id='word_1_247' title='bbox 1760 2995 1863 3072; x_wconf 88' lang='lat' dir='ltr'><strong>qui</strong></span> 
     </span>
     <span class='ocr_line' id='line_1_32' title="bbox 325 3077 1860 3157; baseline 0.003 -24"><span class='ocrx_word' id='word_1_248' title='bbox 325 3077 734 3157; x_wconf 83' lang='grc' dir='ltr'><strong>ὖπερηφανίσης.</strong></span> <span class='ocrx_word' id='word_1_249' title='bbox 765 3081 835 3133; x_wconf 91' lang='lat' dir='ltr'><strong>G.</strong></span> <span class='ocrx_word' id='word_1_250' title='bbox 856 3077 1284 3157; x_wconf 79' lang='grc' dir='ltr'><strong>ὕπερηφανεύση.</strong></span> <span class='ocrx_word' id='word_1_251' title='bbox 1314 3077 1402 3136; x_wconf 87' lang='lat' dir='ltr'><strong>lb.</strong></span> <span class='ocrx_word' id='word_1_252' title='bbox 1429 3078 1491 3138; x_wconf 87' lang='grc' dir='ltr'><strong>τὸ</strong></span> <span class='ocrx_word' id='word_1_253' title='bbox 1523 3100 1637 3137; x_wconf 90' lang='lat' dir='ltr'><strong>om.</strong></span> <span class='ocrx_word' id='word_1_254' title='bbox 1686 3086 1757 3138; x_wconf 83' lang='lat' dir='ltr'><strong>V.</strong></span> <span class='ocrx_word' id='word_1_255' title='bbox 1789 3083 1860 3141; x_wconf 88' lang='grc'><strong>9.</strong></span> 
     </span>
     <span class='ocr_line' id='line_1_33' title="bbox 329 3161 1863 3236; baseline 0.006 -17"><span class='ocrx_word' id='word_1_256' title='bbox 329 3163 476 3234; x_wconf 70' lang='lat' dir='ltr'><strong>Ald„</strong></span> <span class='ocrx_word' id='word_1_257' title='bbox 503 3161 677 3220; x_wconf 79' lang='lat' dir='ltr'><strong>habet</strong></span> <span class='ocrx_word' id='word_1_258' title='bbox 702 3167 771 3220; x_wconf 85' lang='lat' dir='ltr'><strong>R.</strong></span> <span class='ocrx_word' id='word_1_259' title='bbox 802 3167 874 3219; x_wconf 89' lang='lat' dir='ltr'><strong>G.</strong></span> <span class='ocrx_word' id='word_1_260' title='bbox 897 3174 956 3220; x_wconf 92' lang='lat' dir='ltr'><strong>et</strong></span> <span class='ocrx_word' id='word_1_261' title='bbox 980 3163 1201 3221; x_wconf 79' lang='lat' dir='ltr'><strong>Suidas.</strong></span> <span class='ocrx_word' id='word_1_262' title='bbox 1217 3198 1282 3209; x_wconf 97' lang='lat'>—</span> <span class='ocrx_word' id='word_1_263' title='bbox 1302 3185 1333 3236; x_wconf 92' lang='lat'><strong>7</strong></span> <span class='ocrx_word' id='word_1_264' title='bbox 1364 3164 1483 3231; x_wconf 73' lang='grc' dir='ltr'><strong>τοὺς</strong></span> <span class='ocrx_word' id='word_1_265' title='bbox 1518 3187 1634 3226; x_wconf 91' lang='lat' dir='ltr'><strong>om.</strong></span> <span class='ocrx_word' id='word_1_266' title='bbox 1666 3173 1735 3226; x_wconf 90' lang='lat' dir='ltr'><strong>G.</strong></span> <span class='ocrx_word' id='word_1_267' title='bbox 1756 3173 1863 3228; x_wconf 87' lang='lat' dir='ltr'><strong>Se-</strong></span> 
     </span>
     <span class='ocr_line' id='line_1_34' title="bbox 327 3251 1860 3335; baseline 0.006 -29"><span class='ocrx_word' id='word_1_268' title='bbox 327 3251 566 3327; x_wconf 80' lang='lat' dir='ltr'><strong>quentia</strong></span> <span class='ocrx_word' id='word_1_269' title='bbox 591 3263 724 3328; x_wconf 90' lang='lat' dir='ltr'><strong>post</strong></span> <span class='ocrx_word' id='word_1_270' title='bbox 744 3259 1040 3331; x_wconf 78' lang='grc' dir='ltr'><strong>καυχητιᾶν</strong></span> <span class='ocrx_word' id='word_1_271' title='bbox 1065 3271 1178 3308; x_wconf 90' lang='lat' dir='ltr'><strong>om.</strong></span> <span class='ocrx_word' id='word_1_272' title='bbox 1202 3253 1371 3310; x_wconf 84' lang='lat' dir='ltr'><strong>etiam</strong></span> <span class='ocrx_word' id='word_1_273' title='bbox 1392 3256 1463 3314; x_wconf 91' lang='grc'><strong>9.</strong></span> <span class='ocrx_word' id='word_1_274' title='bbox 1490 3256 1732 3332; x_wconf 84' lang='lat' dir='ltr'><strong>Regius,</strong></span> <span class='ocrx_word' id='word_1_275' title='bbox 1759 3258 1860 3335; x_wconf 86' lang='lat' dir='ltr'><strong>qni</strong></span> 
     </span>
     <span class='ocr_line' id='line_1_35' title="bbox 326 3337 1860 3424; baseline 0.005 -28"><span class='ocrx_word' id='word_1_276' title='bbox 326 3337 549 3418; x_wconf 82' lang='grc' dir='ltr'><strong>κομίσῃς</strong></span> <span class='ocrx_word' id='word_1_277' title='bbox 575 3358 607 3395; x_wconf 87' lang='lat' dir='ltr'>a</span> <span class='ocrx_word' id='word_1_278' title='bbox 632 3359 722 3417; x_wconf 86' lang='lat' dir='ltr'><strong>pr.</strong></span> <span class='ocrx_word' id='word_1_279' title='bbox 759 3358 836 3397; x_wconf 90' lang='lat' dir='ltr'><strong>m.</strong></span> <span class='ocrx_word' id='word_1_280' title='bbox 868 3337 1139 3398; x_wconf 79' lang='lat' dir='ltr'><strong>habuisse</strong></span> <span class='ocrx_word' id='word_1_281' title='bbox 1168 3340 1397 3399; x_wconf 85' lang='lat' dir='ltr'><strong>videtur</strong></span> <span class='ocrx_word' id='word_1_282' title='bbox 1422 3363 1436 3399; x_wconf 77' lang='lat' dir='ltr'>t</span> <span class='ocrx_word' id='word_1_283' title='bbox 1466 3343 1736 3424; x_wconf 82' lang='grc' dir='ltr'><strong>Γράφεται</strong></span> <span class='ocrx_word' id='word_1_284' title='bbox 1771 3345 1860 3404; x_wconf 76' lang='grc' dir='ltr'><strong>καὶ</strong></span> 
     </span>
     <span class='ocr_line' id='line_1_36' title="bbox 325 3425 1861 3513; baseline 0.003 -27"><span class='ocrx_word' id='word_1_285' title='bbox 325 3426 565 3508; x_wconf 80' lang='grc' dir='ltr'><strong>κομήσῃς</strong></span> <span class='ocrx_word' id='word_1_286' title='bbox 582 3472 600 3502; x_wconf 87' lang='grc'><strong>,</strong></span> <span class='ocrx_word' id='word_1_287' title='bbox 629 3426 792 3505; x_wconf 85' lang='grc' dir='ltr'><strong>ἤγουν</strong></span> <span class='ocrx_word' id='word_1_288' title='bbox 824 3428 1056 3509; x_wconf 75' lang='grc' dir='ltr'><strong>έπαρθῇς</strong></span> <span class='ocrx_word' id='word_1_289' title='bbox 1073 3472 1090 3503; x_wconf 89' lang='grc'><strong>,</strong></span> <span class='ocrx_word' id='word_1_290' title='bbox 1118 3425 1249 3510; x_wconf 75' lang='grc' dir='ltr'><strong>ὅπερ</strong></span> <span class='ocrx_word' id='word_1_291' title='bbox 1278 3430 1392 3488; x_wconf 63' lang='lat' dir='ltr'><strong>leel</strong></span> <span class='ocrx_word' id='word_1_292' title='bbox 1419 3430 1608 3490; x_wconf 81' lang='grc' dir='ltr'><strong>ταύτὸν</strong></span> <span class='ocrx_word' id='word_1_293' title='bbox 1629 3434 1706 3513; x_wconf 83' lang='grc' dir='ltr'><strong>τῷ</strong></span> <span class='ocrx_word' id='word_1_294' title='bbox 1727 3455 1861 3511; x_wconf 84' lang='grc' dir='ltr'><strong>κομ-</strong></span> 
     </span>
     <span class='ocr_line' id='line_1_37' title="bbox 322 3516 1859 3600; baseline 0.004 -26"><span class='ocrx_word' id='word_1_295' title='bbox 322 3516 499 3596; x_wconf 78' lang='grc' dir='ltr'><strong>πάσῃς</strong></span> <span class='ocrx_word' id='word_1_296' title='bbox 513 3562 530 3591; x_wconf 91' lang='grc'><strong>,</strong></span> <span class='ocrx_word' id='word_1_297' title='bbox 559 3519 619 3574; x_wconf 79' lang='grc' dir='ltr'><strong>ἐκ</strong></span> <span class='ocrx_word' id='word_1_298' title='bbox 639 3523 938 3597; x_wconf 73' lang='grc' dir='ltr'><strong>μεταφορᾶς</strong></span> <span class='ocrx_word' id='word_1_299' title='bbox 969 3519 1073 3573; x_wconf 86' lang='grc' dir='ltr'><strong>τῶν</strong></span> <span class='ocrx_word' id='word_1_300' title='bbox 1100 3517 1386 3595; x_wconf 81' lang='grc' dir='ltr'><strong>κομώντων</strong></span> <span class='ocrx_word' id='word_1_301' title='bbox 1418 3517 1675 3600; x_wconf 82' lang='grc' dir='ltr'><strong>δένδρων,</strong></span> <span class='ocrx_word' id='word_1_302' title='bbox 1708 3520 1743 3578; x_wconf 76' lang='grc' dir='ltr'><strong>ἃ</strong></span> <span class='ocrx_word' id='word_1_303' title='bbox 1762 3521 1859 3595; x_wconf 75' lang='grc' dir='ltr'><strong>τὴν</strong></span> 
     </span>
     <span class='ocr_line' id='line_1_38' title="bbox 324 3604 1748 3691; baseline 0.004 -26"><span class='ocrx_word' id='word_1_304' title='bbox 324 3604 494 3684; x_wconf 84' lang='grc' dir='ltr'><strong>κόμην</strong></span> <span class='ocrx_word' id='word_1_305' title='bbox 515 3619 623 3664; x_wconf 85' lang='lat' dir='ltr'><strong>etc.</strong></span> <span class='ocrx_word' id='word_1_306' title='bbox 647 3644 711 3656; x_wconf 91' lang='lat'>—</span> <span class='ocrx_word' id='word_1_307' title='bbox 743 3626 810 3664; x_wconf 85' lang='lat'><strong>10</strong></span> <span class='ocrx_word' id='word_1_308' title='bbox 841 3605 971 3688; x_wconf 82' lang='grc' dir='ltr'><strong>πρὸς</strong></span> <span class='ocrx_word' id='word_1_309' title='bbox 996 3606 1057 3665; x_wconf 85' lang='grc' dir='ltr'><strong>τὸ</strong></span> <span class='ocrx_word' id='word_1_310' title='bbox 1084 3613 1224 3686; x_wconf 85' lang='lat' dir='ltr'><strong>Reg.</strong></span> <span class='ocrx_word' id='word_1_311' title='bbox 1252 3608 1315 3667; x_wconf 82' lang='grc' dir='ltr'><strong>τὸ</strong></span> <span class='ocrx_word' id='word_1_312' title='bbox 1345 3609 1476 3691; x_wconf 79' lang='grc' dir='ltr'><strong>πρὸς</strong></span> <span class='ocrx_word' id='word_1_313' title='bbox 1503 3610 1564 3669; x_wconf 84' lang='grc' dir='ltr'><strong>τὸ</strong></span> <span class='ocrx_word' id='word_1_314' title='bbox 1586 3616 1619 3669; x_wconf 89' lang='lat' dir='ltr'>J</span> <span class='ocrx_word' id='word_1_315' title='bbox 1626 3624 1748 3671; x_wconf 88' lang='lat' dir='ltr'><strong>unt.</strong></span> 
     </span>
    </p>

    <p class='ocr_par' dir='ltr' id='par_1_7' title="bbox 406 3695 1438 3769">
     <span class='ocr_line' id='line_1_39' title="bbox 406 3695 1438 3769; baseline 0.006 -16"><span class='ocrx_word' id='word_1_316' title='bbox 406 3698 516 3768; x_wconf 79' lang='lat'><strong>574</strong></span> <span class='ocrx_word' id='word_1_317' title='bbox 549 3702 727 3755; x_wconf 77' lang='lat' dir='ltr'><strong>DorV.</strong></span> <span class='ocrx_word' id='word_1_318' title='bbox 750 3695 836 3754; x_wconf 83' lang='grc' dir='ltr'><strong>ναὶ</strong></span> <span class='ocrx_word' id='word_1_319' title='bbox 865 3699 1006 3769; x_wconf 87' lang='grc' dir='ltr'><strong>ζητῶ</strong></span> <span class='ocrx_word' id='word_1_320' title='bbox 1030 3702 1185 3756; x_wconf 79' lang='grc' dir='ltr'><strong>τοῦτο</strong></span> <span class='ocrx_word' id='word_1_321' title='bbox 1209 3698 1438 3767; x_wconf 80' lang='grc' dir='ltr'><strong>εἰκότως.</strong></span> 
     </span>
    </p>

    <p class='ocr_par' dir='ltr' id='par_1_8' title="bbox 317 3783 1856 5106">
     <span class='ocr_line' id='line_1_40' title="bbox 405 3783 1850 3873; baseline 0.007 -32"><span class='ocrx_word' id='word_1_322' title='bbox 405 3783 517 3855; x_wconf 83' lang='grc'><strong>575</strong></span> <span class='ocrx_word' id='word_1_323' title='bbox 562 3785 620 3841; x_wconf 82' lang='grc' dir='ltr'><strong>ἰη</strong></span> <span class='ocrx_word' id='word_1_324' title='bbox 649 3788 715 3842; x_wconf 85' lang='lat' dir='ltr'><strong>V.</strong></span> <span class='ocrx_word' id='word_1_325' title='bbox 755 3788 1017 3865; x_wconf 84' lang='grc' dir='ltr'><strong>πειράζεις</strong></span> <span class='ocrx_word' id='word_1_326' title='bbox 1054 3785 1256 3853; x_wconf 80' lang='grc' dir='ltr'><strong>πολλὰς</strong></span> <span class='ocrx_word' id='word_1_327' title='bbox 1298 3788 1850 3873; x_wconf 76' lang='grc' dir='ltr'><strong>ἀνηνύτους-..φοράν-</strong></span> 
     </span>
     <span class='ocr_line' id='line_1_41' title="bbox 321 3868 1856 3952; baseline 0.005 -22"><span class='ocrx_word' id='word_1_328' title='bbox 321 3868 536 3938; x_wconf 83' lang='grc' dir='ltr'><strong>Ἄλλως.</strong></span> <span class='ocrx_word' id='word_1_329' title='bbox 555 3872 799 3952; x_wconf 75' lang='grc' dir='ltr'><strong>φλυαρεῖς</strong></span> <span class='ocrx_word' id='word_1_330' title='bbox 817 3873 1208 3944; x_wconf 80' lang='grc' dir='ltr'><strong>διὰ-ἡλικίας.</strong></span> <span class='ocrx_word' id='word_1_331' title='bbox 1231 3875 1453 3946; x_wconf 83' lang='grc' dir='ltr'><strong>Ἄλλως.</strong></span> <span class='ocrx_word' id='word_1_332' title='bbox 1473 3878 1685 3946; x_wconf 77' lang='grc' dir='ltr'><strong>πάντως</strong></span> <span class='ocrx_word' id='word_1_333' title='bbox 1707 3879 1856 3938; x_wconf 81' lang='grc' dir='ltr'><strong>οὐδὲν</strong></span> 
     </span>
     <span class='ocr_line' id='line_1_42' title="bbox 323 3958 1855 4047; baseline 0.008 -30"><span class='ocrx_word' id='word_1_334' title='bbox 323 3958 508 4026; x_wconf 80' lang='grc' dir='ltr'><strong>ἀνύεις.</strong></span> <span class='ocrx_word' id='word_1_335' title='bbox 528 3964 562 4031; x_wconf 82' lang='grc' dir='ltr'>ἡ</span> <span class='ocrx_word' id='word_1_336' title='bbox 602 3959 874 4041; x_wconf 79' lang='grc' dir='ltr'><strong>μεταφορὰ</strong></span> <span class='ocrx_word' id='word_1_337' title='bbox 900 3962 1006 4020; x_wconf 83' lang='grc' dir='ltr'><strong>ἀπὸ</strong></span> <span class='ocrx_word' id='word_1_338' title='bbox 1038 3966 1142 4021; x_wconf 82' lang='grc' dir='ltr'><strong>τῶν</strong></span> <span class='ocrx_word' id='word_1_339' title='bbox 1188 3964 1400 4047; x_wconf 84' lang='grc' dir='ltr'><strong>ὀρνέων.</strong></span> <span class='ocrx_word' id='word_1_340' title='bbox 1431 3959 1570 4044; x_wconf 78' lang='grc' dir='ltr'><strong>οἶον,</strong></span> <span class='ocrx_word' id='word_1_341' title='bbox 1600 3967 1764 4036; x_wconf 79' lang='grc' dir='ltr'><strong>θέλεις</strong></span> <span class='ocrx_word' id='word_1_342' title='bbox 1802 3994 1855 4030; x_wconf 88' lang='grc' dir='ltr'><strong>τι</strong></span> 
     </span>
     <span class='ocr_line' id='line_1_43' title="bbox 320 4046 1855 4135; baseline 0.007 -29"><span class='ocrx_word' id='word_1_343' title='bbox 320 4051 601 4120; x_wconf 78' lang='grc' dir='ltr'><strong>ἀντειπεῖν,</strong></span> <span class='ocrx_word' id='word_1_344' title='bbox 620 4046 791 4113; x_wconf 80' lang='grc' dir='ltr'><strong>ἀνύεις</strong></span> <span class='ocrx_word' id='word_1_345' title='bbox 815 4046 872 4105; x_wconf 85' lang='grc' dir='ltr'><strong>δὲ</strong></span> <span class='ocrx_word' id='word_1_346' title='bbox 894 4048 1058 4108; x_wconf 80' lang='grc' dir='ltr'><strong>οὐδέν.</strong></span> <span class='ocrx_word' id='word_1_347' title='bbox 1075 4048 1295 4119; x_wconf 80' lang='grc' dir='ltr'><strong>Ἄλλως.</strong></span> <span class='ocrx_word' id='word_1_348' title='bbox 1317 4053 1520 4135; x_wconf 84' lang='grc' dir='ltr'><strong>κούφως</strong></span> <span class='ocrx_word' id='word_1_349' title='bbox 1539 4055 1725 4134; x_wconf 80' lang='grc' dir='ltr'><strong>λέγεις.</strong></span> <span class='ocrx_word' id='word_1_350' title='bbox 1749 4057 1855 4117; x_wconf 79' lang='grc' dir='ltr'><strong>ἀπὸ</strong></span> 
     </span>
     <span class='ocr_line' id='line_1_44' title="bbox 323 4136 1852 4224; baseline 0.007 -31"><span class='ocrx_word' id='word_1_351' title='bbox 323 4143 621 4217; x_wconf 76' lang='grc' dir='ltr'><strong>μεταφορᾶς</strong></span> <span class='ocrx_word' id='word_1_352' title='bbox 644 4138 749 4191; x_wconf 82' lang='grc' dir='ltr'><strong>τῶν</strong></span> <span class='ocrx_word' id='word_1_353' title='bbox 773 4139 1003 4195; x_wconf 79' lang='grc' dir='ltr'><strong>νεοσσῶν</strong></span> <span class='ocrx_word' id='word_1_354' title='bbox 1026 4182 1042 4209; x_wconf 92' lang='grc'><strong>,</strong></span> <span class='ocrx_word' id='word_1_355' title='bbox 1072 4136 1124 4195; x_wconf 72' lang='grc' dir='ltr'><strong>οἳ</strong></span> <span class='ocrx_word' id='word_1_356' title='bbox 1148 4139 1323 4216; x_wconf 75' lang='grc' dir='ltr'><strong>μάτην</strong></span> <span class='ocrx_word' id='word_1_357' title='bbox 1351 4140 1445 4209; x_wconf 77' lang='grc' dir='ltr'><strong>τὰς</strong></span> <span class='ocrx_word' id='word_1_358' title='bbox 1472 4142 1736 4224; x_wconf 84' lang='grc' dir='ltr'><strong>πτέρυγας</strong></span> <span class='ocrx_word' id='word_1_359' title='bbox 1763 4168 1852 4203; x_wconf 87' lang='grc' dir='ltr'><strong>κι-</strong></span> 
     </span>
     <span class='ocr_line' id='line_1_45' title="bbox 321 4221 1851 4310; baseline 0.004 -26"><span class='ocrx_word' id='word_1_360' title='bbox 321 4230 494 4284; x_wconf 78' lang='grc' dir='ltr'><strong>νοῦσιν</strong></span> <span class='ocrx_word' id='word_1_361' title='bbox 521 4246 535 4260; x_wconf 91' lang='grc'><em>·</em></span> <span class='ocrx_word' id='word_1_362' title='bbox 574 4225 630 4282; x_wconf 78' lang='grc' dir='ltr'><strong>οὐ</strong></span> <span class='ocrx_word' id='word_1_363' title='bbox 659 4221 760 4305; x_wconf 77' lang='grc' dir='ltr'><strong>γὰρ</strong></span> <span class='ocrx_word' id='word_1_364' title='bbox 785 4223 1054 4304; x_wconf 57' lang='grc' dir='ltr'><strong>ἵπτανται.</strong></span> <span class='ocrx_word' id='word_1_365' title='bbox 1074 4265 1138 4277; x_wconf 95' lang='grc'>-</span> <span class='ocrx_word' id='word_1_366' title='bbox 1171 4233 1243 4287; x_wconf 87' lang='grc'><strong>18</strong></span> <span class='ocrx_word' id='word_1_367' title='bbox 1277 4228 1329 4290; x_wconf 76' lang='grc' dir='ltr'><strong>οἳ</strong></span> <span class='ocrx_word' id='word_1_368' title='bbox 1364 4253 1503 4310; x_wconf 88' lang='grc' dir='ltr'><strong>πειρ.</strong></span> <span class='ocrx_word' id='word_1_369' title='bbox 1556 4234 1761 4292; x_wconf 83' lang='lat' dir='ltr'><strong>Suidas</strong></span> <span class='ocrx_word' id='word_1_370' title='bbox 1806 4254 1851 4293; x_wconf 75' lang='lat'><strong>3.</strong></span> 
     </span>
     <span class='ocr_line' id='line_1_46' title="bbox 323 4309 1849 4396; baseline 0.007 -25"><span class='ocrx_word' id='word_1_371' title='bbox 323 4309 679 4396; x_wconf 85' lang='grc' dir='ltr'><strong>Πτερυγίζειν.</strong></span> <span class='ocrx_word' id='word_1_372' title='bbox 702 4347 766 4361; x_wconf 90' lang='grc'><strong>-</strong></span> <span class='ocrx_word' id='word_1_373' title='bbox 797 4333 867 4389; x_wconf 86' lang='grc'><strong>19</strong></span> <span class='ocrx_word' id='word_1_374' title='bbox 891 4311 1109 4373; x_wconf 90' lang='grc' dir='ltr'><strong>δύναται</strong></span> <span class='ocrx_word' id='word_1_375' title='bbox 1136 4319 1207 4376; x_wconf 85' lang='grc'><strong>9.</strong></span> <span class='ocrx_word' id='word_1_376' title='bbox 1228 4319 1490 4377; x_wconf 81' lang='grc' dir='ltr'><strong>ἀντειπεῖν</strong></span> <span class='ocrx_word' id='word_1_377' title='bbox 1517 4325 1588 4380; x_wconf 85' lang='lat' dir='ltr'><strong>V.</strong></span> <span class='ocrx_word' id='word_1_378' title='bbox 1629 4333 1688 4379; x_wconf 85' lang='lat' dir='ltr'><strong>et</strong></span> <span class='ocrx_word' id='word_1_379' title='bbox 1715 4323 1849 4381; x_wconf 88' lang='lat' dir='ltr'><strong>Sui—</strong></span> 
     </span>
     <span class='ocr_line' id='line_1_47' title="bbox 321 4400 1852 4482; baseline 0.006 -22"><span class='ocrx_word' id='word_1_380' title='bbox 321 4402 441 4460; x_wconf 75' lang='lat' dir='ltr'><strong>das,</strong></span> <span class='ocrx_word' id='word_1_381' title='bbox 484 4403 648 4458; x_wconf 79' lang='grc' dir='ltr'><strong>εἰπεῖν</strong></span> <span class='ocrx_word' id='word_1_382' title='bbox 687 4400 819 4458; x_wconf 80' lang='lat' dir='ltr'><strong>Ald.</strong></span> <span class='ocrx_word' id='word_1_383' title='bbox 848 4436 914 4451; x_wconf 90' lang='lat'><em>-</em></span> <span class='ocrx_word' id='word_1_384' title='bbox 936 4423 1010 4460; x_wconf 79' lang='lat'><strong>20</strong></span> <span class='ocrx_word' id='word_1_385' title='bbox 1046 4424 1132 4482; x_wconf 88' lang='lat' dir='ltr'><strong>sq.</strong></span> <span class='ocrx_word' id='word_1_386' title='bbox 1180 4406 1302 4463; x_wconf 89' lang='lat' dir='ltr'><strong>sine</strong></span> <span class='ocrx_word' id='word_1_387' title='bbox 1340 4406 1523 4466; x_wconf 90' lang='lat' dir='ltr'><strong>dubio</strong></span> <span class='ocrx_word' id='word_1_388' title='bbox 1556 4422 1690 4467; x_wconf 89' lang='lat' dir='ltr'><strong>sunt</strong></span> <span class='ocrx_word' id='word_1_389' title='bbox 1719 4430 1852 4470; x_wconf 86' lang='lat' dir='ltr'><strong>mu-</strong></span> 
     </span>
     <span class='ocr_line' id='line_1_48' title="bbox 320 4484 1850 4571; baseline 0.005 -22"><span class='ocrx_word' id='word_1_390' title='bbox 320 4491 480 4549; x_wconf 77' lang='lat' dir='ltr'><strong>tilata</strong></span> <span class='ocrx_word' id='word_1_391' title='bbox 514 4484 675 4548; x_wconf 78' lang='grc' dir='ltr'><strong>Ἀλλὰ</strong></span> <span class='ocrx_word' id='word_1_392' title='bbox 693 4490 938 4571; x_wconf 77' lang='grc' dir='ltr'><strong>φλυαρεῖς</strong></span> <span class='ocrx_word' id='word_1_393' title='bbox 966 4490 1051 4549; x_wconf 78' lang='grc' dir='ltr'><strong>διὰ</strong></span> <span class='ocrx_word' id='word_1_394' title='bbox 1069 4490 1238 4571; x_wconf 86' lang='grc' dir='ltr'><strong>λόγων</strong></span> <span class='ocrx_word' id='word_1_395' title='bbox 1258 4516 1272 4530; x_wconf 87' lang='grc'><em>·</em></span> <span class='ocrx_word' id='word_1_396' title='bbox 1320 4495 1473 4554; x_wconf 87' lang='lat' dir='ltr'><strong>hunc</strong></span> <span class='ocrx_word' id='word_1_397' title='bbox 1506 4497 1568 4555; x_wconf 91' lang='lat' dir='ltr'><strong>in</strong></span> <span class='ocrx_word' id='word_1_398' title='bbox 1613 4498 1850 4558; x_wconf 87' lang='lat' dir='ltr'><strong>modum</strong></span> 
     </span>
     <span class='ocr_line' id='line_1_49' title="bbox 320 4577 1850 4669; baseline 0.007 -31"><span class='ocrx_word' id='word_1_399' title='bbox 320 4577 604 4659; x_wconf 83' lang='lat' dir='ltr'><strong>explenda</strong></span> <span class='ocrx_word' id='word_1_400' title='bbox 623 4577 801 4651; x_wconf 71' lang='lat' dir='ltr'><strong>labeS,</strong></span> <span class='ocrx_word' id='word_1_401' title='bbox 836 4578 991 4638; x_wconf 78' lang='grc' dir='ltr'><strong>Ἀλλὰ</strong></span> <span class='ocrx_word' id='word_1_402' title='bbox 1042 4583 1289 4664; x_wconf 76' lang='grc' dir='ltr'><strong>φλυαρεῖς</strong></span> <span class='ocrx_word' id='word_1_403' title='bbox 1324 4584 1416 4643; x_wconf 71' lang='grc' dir='ltr'><strong>καὶ</strong></span> <span class='ocrx_word' id='word_1_404' title='bbox 1459 4587 1780 4669; x_wconf 78' lang='grc' dir='ltr'><strong>πτερυγίζεις</strong></span> <span class='ocrx_word' id='word_1_405' title='bbox 1809 4590 1850 4668; x_wconf 74' lang='grc' dir='ltr'><strong>ε]</strong></span> 
     </span>
     <span class='ocr_line' id='line_1_50' title="bbox 320 4664 1850 4751; baseline 0.006 -24"><span class='ocrx_word' id='word_1_406' title='bbox 320 4667 436 4727; x_wconf 77' lang='grc' dir='ltr'><strong>ἀντὶ</strong></span> <span class='ocrx_word' id='word_1_407' title='bbox 462 4670 553 4726; x_wconf 76' lang='grc' dir='ltr'><strong>τοῦ</strong></span> <span class='ocrx_word' id='word_1_408' title='bbox 582 4664 775 4747; x_wconf 76' lang='grc' dir='ltr'><strong>θορυὸῇ</strong></span> <span class='ocrx_word' id='word_1_409' title='bbox 801 4667 887 4725; x_wconf 74' lang='grc' dir='ltr'><strong>διὰ</strong></span> <span class='ocrx_word' id='word_1_410' title='bbox 904 4666 1077 4748; x_wconf 83' lang='grc' dir='ltr'><strong>λόγων</strong></span> <span class='ocrx_word' id='word_1_411' title='bbox 1099 4694 1112 4708; x_wconf 86' lang='grc'>·</span> <span class='ocrx_word' id='word_1_412' title='bbox 1143 4673 1227 4730; x_wconf 88' lang='lat' dir='ltr'><strong>sic</strong></span> <span class='ocrx_word' id='word_1_413' title='bbox 1251 4673 1421 4751; x_wconf 83' lang='lat' dir='ltr'><strong>plane</strong></span> <span class='ocrx_word' id='word_1_414' title='bbox 1459 4676 1663 4735; x_wconf 83' lang='lat' dir='ltr'><strong>Suidas</strong></span> <span class='ocrx_word' id='word_1_415' title='bbox 1682 4721 1698 4750; x_wconf 93' lang='lat'><strong>,</strong></span> <span class='ocrx_word' id='word_1_416' title='bbox 1737 4677 1850 4736; x_wconf 84' lang='lat' dir='ltr'><strong>nisi</strong></span> 
     </span>
     <span class='ocr_line' id='line_1_51' title="bbox 319 4752 1850 4838; baseline 0.008 -27"><span class='ocrx_word' id='word_1_417' title='bbox 319 4754 477 4835; x_wconf 86' lang='lat' dir='ltr'><strong>quod</strong></span> <span class='ocrx_word' id='word_1_418' title='bbox 502 4754 718 4811; x_wconf 86' lang='lat' dir='ltr'><strong>omittit</strong></span> <span class='ocrx_word' id='word_1_419' title='bbox 754 4752 841 4813; x_wconf 81' lang='grc' dir='ltr'><strong>διὰ</strong></span> <span class='ocrx_word' id='word_1_420' title='bbox 861 4754 1052 4834; x_wconf 83' lang='grc' dir='ltr'><strong>λόγων,</strong></span> <span class='ocrx_word' id='word_1_421' title='bbox 1081 4760 1243 4838; x_wconf 87' lang='lat' dir='ltr'><strong>quod</strong></span> <span class='ocrx_word' id='word_1_422' title='bbox 1271 4773 1459 4820; x_wconf 84' lang='lat' dir='ltr'><strong>tamen</strong></span> <span class='ocrx_word' id='word_1_423' title='bbox 1482 4764 1552 4821; x_wconf 86' lang='lat' dir='ltr'><strong>ad</strong></span> <span class='ocrx_word' id='word_1_424' title='bbox 1579 4765 1733 4823; x_wconf 89' lang='lat' dir='ltr'><strong>hunc</strong></span> <span class='ocrx_word' id='word_1_425' title='bbox 1760 4768 1850 4823; x_wconf 91' lang='lat' dir='ltr'><strong>lo-</strong></span> 
     </span>
     <span class='ocr_line' id='line_1_52' title="bbox 317 4841 1849 4932; baseline 0.007 -30"><span class='ocrx_word' id='word_1_426' title='bbox 317 4864 448 4903; x_wconf 87' lang='lat' dir='ltr'><strong>cum</strong></span> <span class='ocrx_word' id='word_1_427' title='bbox 496 4841 649 4900; x_wconf 85' lang='lat' dir='ltr'><strong>bene</strong></span> <span class='ocrx_word' id='word_1_428' title='bbox 702 4842 967 4920; x_wconf 81' lang='lat' dir='ltr'><strong>quadrat.</strong></span> <span class='ocrx_word' id='word_1_429' title='bbox 1017 4851 1240 4908; x_wconf 66' lang='lat' dir='ltr'><strong>Hense.</strong></span> <span class='ocrx_word' id='word_1_430' title='bbox 1276 4887 1337 4899; x_wconf 90' lang='lat'>—</span> <span class='ocrx_word' id='word_1_431' title='bbox 1377 4871 1448 4909; x_wconf 71' lang='grc' dir='ltr'><strong>αι</strong></span> <span class='ocrx_word' id='word_1_432' title='bbox 1491 4855 1583 4932; x_wconf 82' lang='grc' dir='ltr'><strong>ἠχ.</strong></span> <span class='ocrx_word' id='word_1_433' title='bbox 1637 4851 1673 4925; x_wconf 77' lang='grc' dir='ltr'>ἢ</span> <span class='ocrx_word' id='word_1_434' title='bbox 1723 4853 1814 4913; x_wconf 79' lang='grc' dir='ltr'><strong>καὶ</strong></span> <span class='ocrx_word' id='word_1_435' title='bbox 1830 4899 1849 4930; x_wconf 91' lang='grc'><strong>,</strong></span> 
     </span>
     <span class='ocr_line' id='line_1_53' title="bbox 321 4926 1851 5020; baseline 0.006 -27"><span class='ocrx_word' id='word_1_436' title='bbox 321 4953 392 4993; x_wconf 78' lang='lat'><strong>22</strong></span> <span class='ocrx_word' id='word_1_437' title='bbox 419 4926 680 5013; x_wconf 79' lang='grc' dir='ltr'><strong>παροιμία</strong></span> <span class='ocrx_word' id='word_1_438' title='bbox 704 4929 811 4989; x_wconf 84' lang='grc' dir='ltr'><strong>ἀπὸ</strong></span> <span class='ocrx_word' id='word_1_439' title='bbox 840 4955 957 5009; x_wconf 78' lang='grc' dir='ltr'><strong>μετ.</strong></span> <span class='ocrx_word' id='word_1_440' title='bbox 987 4941 1056 4994; x_wconf 88' lang='lat' dir='ltr'><strong>V.</strong></span> <span class='ocrx_word' id='word_1_441' title='bbox 1074 4974 1139 4988; x_wconf 89' lang='lat'>-</span> <span class='ocrx_word' id='word_1_442' title='bbox 1160 4941 1266 4997; x_wconf 80' lang='grc' dir='ltr'><strong>τῶν</strong></span> <span class='ocrx_word' id='word_1_443' title='bbox 1292 4943 1520 4999; x_wconf 83' lang='grc' dir='ltr'><strong>νεοσσῶν</strong></span> <span class='ocrx_word' id='word_1_444' title='bbox 1543 4946 1685 5020; x_wconf 85' lang='lat' dir='ltr'><strong>Reg.</strong></span> <span class='ocrx_word' id='word_1_445' title='bbox 1715 4944 1851 5002; x_wconf 88' lang='lat' dir='ltr'><strong>Sui-</strong></span> 
     </span>
     <span class='ocr_line' id='line_1_54' title="bbox 317 5017 1845 5106; baseline 0.007 -25"><span class='ocrx_word' id='word_1_446' title='bbox 317 5024 437 5084; x_wconf 76' lang='lat' dir='ltr'><strong>das.</strong></span> <span class='ocrx_word' id='word_1_447' title='bbox 466 5063 524 5073; x_wconf 90' lang='grc'><strong>--</strong></span> <span class='ocrx_word' id='word_1_448' title='bbox 555 5017 631 5074; x_wconf 74' lang='lat'><strong>23</strong></span> <span class='ocrx_word' id='word_1_449' title='bbox 653 5019 928 5096; x_wconf 72' lang='grc' dir='ltr'><strong>ματεᾶζεις</strong></span> <span class='ocrx_word' id='word_1_450' title='bbox 946 5029 1127 5085; x_wconf 79' lang='lat' dir='ltr'><strong>Dorv.</strong></span> <span class='ocrx_word' id='word_1_451' title='bbox 1160 5052 1184 5079; x_wconf 86' lang='lat'>«</span> <span class='ocrx_word' id='word_1_452' title='bbox 1210 5027 1480 5098; x_wconf 79' lang='grc' dir='ltr'><strong>Ματοίζειν</strong></span> <span class='ocrx_word' id='word_1_453' title='bbox 1496 5073 1511 5103; x_wconf 90' lang='grc'><strong>,</strong></span> <span class='ocrx_word' id='word_1_454' title='bbox 1536 5031 1845 5106; x_wconf 85' lang='grc' dir='ltr'><strong>ματαιάζειν</strong></span> 
     </span>
    </p>
   </div>
   <div class='ocr_carea' id='block_1_3' title="bbox 3376 238 3486 291">
    <p class='ocr_par' dir='ltr' id='par_1_9' title="bbox 3376 238 3486 291">
     <span class='ocr_line' id='line_1_55' title="bbox 3376 238 3486 291; baseline 0.009 -2"><span class='ocrx_word' id='word_1_455' title='bbox 3376 238 3486 291; x_wconf 79' lang='lat'><strong>571</strong></span> 
     </span>
    </p>
   </div>
   <div class='ocr_carea' id='block_1_4' title="bbox 1956 340 3495 1748">
    <p class='ocr_par' dir='ltr' id='par_1_10' title="bbox 1959 340 3494 780">
     <span class='ocr_line' id='line_1_56' title="bbox 1960 340 3494 438; baseline 0.01 -35"><span class='ocrx_word' id='word_1_456' title='bbox 1960 358 2019 404; x_wconf 90' lang='lat' dir='ltr'><strong>et</strong></span> <span class='ocrx_word' id='word_1_457' title='bbox 2047 340 2321 423; x_wconf 74' lang='grc' dir='ltr'><strong>ματαίζειν</strong></span> <span class='ocrx_word' id='word_1_458' title='bbox 2357 360 2491 407; x_wconf 86' lang='lat' dir='ltr'><strong>sunt</strong></span> <span class='ocrx_word' id='word_1_459' title='bbox 2512 351 2723 410; x_wconf 83' lang='lat' dir='ltr'><strong>usitata</strong></span> <span class='ocrx_word' id='word_1_460' title='bbox 2748 374 2761 409; x_wconf 92' lang='lat'><strong>:</strong></span> <span class='ocrx_word' id='word_1_461' title='bbox 2784 351 2904 410; x_wconf 90' lang='lat' dir='ltr'><strong>duo</strong></span> <span class='ocrx_word' id='word_1_462' title='bbox 2926 354 3123 431; x_wconf 76' lang='lat' dir='ltr'><strong>priora</strong></span> <span class='ocrx_word' id='word_1_463' title='bbox 3139 356 3320 416; x_wconf 78' lang='lat' dir='ltr'><strong>verba</strong></span> <span class='ocrx_word' id='word_1_464' title='bbox 3342 379 3494 438; x_wconf 82' lang='lat' dir='ltr'><strong>saepe</strong></span> 
     </span>
     <span class='ocr_line' id='line_1_57' title="bbox 1960 433 3484 529; baseline 0.01 -39"><span class='ocrx_word' id='word_1_465' title='bbox 1960 433 2350 513; x_wconf 83' lang='lat' dir='ltr'><strong>descriptores</strong></span> <span class='ocrx_word' id='word_1_466' title='bbox 2366 449 2795 515; x_wconf 84' lang='lat' dir='ltr'><strong>permutant,ut</strong></span> <span class='ocrx_word' id='word_1_467' title='bbox 2810 442 2868 498; x_wconf 89' lang='lat' dir='ltr'><strong>in</strong></span> <span class='ocrx_word' id='word_1_468' title='bbox 2879 446 3056 500; x_wconf 85' lang='lat' dir='ltr'><strong>Sexto</strong></span> <span class='ocrx_word' id='word_1_469' title='bbox 3076 443 3239 523; x_wconf 85' lang='lat' dir='ltr'><strong>Emp.</strong></span> <span class='ocrx_word' id='word_1_470' title='bbox 3261 444 3484 529; x_wconf 78' lang='grc' dir='ltr'><strong>Ἀντιρρ.</strong></span> 
     </span>
     <span class='ocr_line' id='line_1_58' title="bbox 1960 523 3491 610; baseline 0.011 -33"><span class='ocrx_word' id='word_1_471' title='bbox 1960 543 2016 599; x_wconf 81' lang='lat'><strong>9,</strong></span> <span class='ocrx_word' id='word_1_472' title='bbox 2038 524 2072 598; x_wconf 88' lang='lat'>§</span> <span class='ocrx_word' id='word_1_473' title='bbox 2099 527 2235 595; x_wconf 77' lang='lat'><strong>282,</strong></span> <span class='ocrx_word' id='word_1_474' title='bbox 2261 543 2392 602; x_wconf 78' lang='lat' dir='ltr'><strong>pru,</strong></span> <span class='ocrx_word' id='word_1_475' title='bbox 2419 523 2561 584; x_wconf 83' lang='grc' dir='ltr'><strong>ἔνθεν</strong></span> <span class='ocrx_word' id='word_1_476' title='bbox 2581 526 2672 586; x_wconf 74' lang='grc' dir='ltr'><strong>καὶ</strong></span> <span class='ocrx_word' id='word_1_477' title='bbox 2696 528 3015 606; x_wconf 81' lang='grc' dir='ltr'><strong>ματάζουσιν</strong></span> <span class='ocrx_word' id='word_1_478' title='bbox 3045 534 3093 589; x_wconf 77' lang='grc' dir='ltr'><strong>οῖ</strong></span> <span class='ocrx_word' id='word_1_479' title='bbox 3110 535 3491 610; x_wconf 82' lang='grc' dir='ltr'><strong>μαθηματικοὶ,</strong></span> 
     </span>
     <span class='ocr_line' id='line_1_59' title="bbox 1959 610 3489 700; baseline 0.009 -33"><span class='ocrx_word' id='word_1_480' title='bbox 1959 610 2090 668; x_wconf 91' lang='lat' dir='ltr'><strong>cod.</strong></span> <span class='ocrx_word' id='word_1_481' title='bbox 2112 612 2227 669; x_wconf 80' lang='lat' dir='ltr'><strong>Ciz.</strong></span> <span class='ocrx_word' id='word_1_482' title='bbox 2253 612 2527 686; x_wconf 86' lang='lat' dir='ltr'><strong>ostendit,</strong></span> <span class='ocrx_word' id='word_1_483' title='bbox 2547 612 2663 673; x_wconf 80' lang='grc' dir='ltr'><strong>ὅθεν</strong></span> <span class='ocrx_word' id='word_1_484' title='bbox 2677 614 2768 674; x_wconf 73' lang='grc' dir='ltr'><strong>καὶ</strong></span> <span class='ocrx_word' id='word_1_485' title='bbox 2780 617 3157 694; x_wconf 79' lang='grc' dir='ltr'><strong>ματαιάζουσιν</strong></span> <span class='ocrx_word' id='word_1_486' title='bbox 3178 635 3308 696; x_wconf 88' lang='lat' dir='ltr'><strong>etc.,</strong></span> <span class='ocrx_word' id='word_1_487' title='bbox 3333 624 3489 700; x_wconf 92' lang='lat' dir='ltr'><strong>quod</strong></span> 
     </span>
     <span class='ocr_line' id='line_1_60' title="bbox 1961 699 3370 780; baseline 0.007 -24"><span class='ocrx_word' id='word_1_488' title='bbox 1961 699 2121 776; x_wconf 77' lang='lat' dir='ltr'><strong>apud</strong></span> <span class='ocrx_word' id='word_1_489' title='bbox 2163 699 2410 757; x_wconf 75' lang='lat' dir='ltr'><strong>eundem</strong></span> <span class='ocrx_word' id='word_1_490' title='bbox 2460 702 2722 761; x_wconf 83' lang='lat' dir='ltr'><strong>invenies</strong></span> <span class='ocrx_word' id='word_1_491' title='bbox 2769 705 2824 774; x_wconf 80' lang='lat'><strong>3,</strong></span> <span class='ocrx_word' id='word_1_492' title='bbox 2862 704 2896 780; x_wconf 87' lang='lat'>§</span> <span class='ocrx_word' id='word_1_493' title='bbox 2939 725 3068 778; x_wconf 87' lang='lat'><strong>¹07·</strong></span> <span class='ocrx_word' id='word_1_494' title='bbox 3097 732 3123 760; x_wconf 65' lang='grc' dir='ltr'><strong>υ</strong></span> <span class='ocrx_word' id='word_1_495' title='bbox 3151 711 3370 766; x_wconf 65' lang='lat' dir='ltr'><strong>Hense.</strong></span> 
     </span>
    </p>

    <p class='ocr_par' dir='ltr' id='par_1_11' title="bbox 2040 785 2678 866">
     <span class='ocr_line' id='line_1_61' title="bbox 2040 785 2678 866; baseline 0.008 -23"><span class='ocrx_word' id='word_1_496' title='bbox 2040 787 2177 860; x_wconf 83' lang='lat'><strong>577,</strong></span> <span class='ocrx_word' id='word_1_497' title='bbox 2200 790 2270 846; x_wconf 78' lang='lat'><strong>32</strong></span> <span class='ocrx_word' id='word_1_498' title='bbox 2295 785 2401 866; x_wconf 78' lang='grc' dir='ltr'><strong>εἴγε</strong></span> <span class='ocrx_word' id='word_1_499' title='bbox 2428 787 2520 847; x_wconf 74' lang='grc' dir='ltr'><strong>καὶ</strong></span> <span class='ocrx_word' id='word_1_500' title='bbox 2545 791 2678 848; x_wconf 84' lang='lat' dir='ltr'><strong>Ald.</strong></span> 
     </span>
    </p>

    <p class='ocr_par' dir='ltr' id='par_1_12' title="bbox 1957 875 3494 1303">
     <span class='ocr_line' id='line_1_62' title="bbox 2042 875 3489 961; baseline 0.008 -29"><span class='ocrx_word' id='word_1_501' title='bbox 2042 875 2177 950; x_wconf 87' lang='grc'><strong>578,</strong></span> <span class='ocrx_word' id='word_1_502' title='bbox 2205 877 2278 935; x_wconf 82' lang='grc'><strong>36</strong></span> <span class='ocrx_word' id='word_1_503' title='bbox 2309 878 2547 937; x_wconf 81' lang='grc' dir='ltr'><strong>ἐνταῦθα.</strong></span> <span class='ocrx_word' id='word_1_504' title='bbox 2574 879 2877 955; x_wconf 77' lang='lat' dir='ltr'><strong>Iungenda</strong></span> <span class='ocrx_word' id='word_1_505' title='bbox 2900 893 3098 939; x_wconf 87' lang='lat' dir='ltr'><strong>monet</strong></span> <span class='ocrx_word' id='word_1_506' title='bbox 3129 882 3489 961; x_wconf 82' lang='grc' dir='ltr'><strong>διαγινώσκειν</strong></span> 
     </span>
     <span class='ocr_line' id='line_1_63' title="bbox 1959 960 3494 1046; baseline 0.004 -27"><span class='ocrx_word' id='word_1_507' title='bbox 1959 960 2181 1021; x_wconf 86' lang='grc' dir='ltr'><strong>δίκαιον.</strong></span> <span class='ocrx_word' id='word_1_508' title='bbox 2218 965 2538 1042; x_wconf 82' lang='lat' dir='ltr'><strong>Praefigitur</strong></span> <span class='ocrx_word' id='word_1_509' title='bbox 2564 976 2759 1023; x_wconf 84' lang='lat' dir='ltr'><strong>autem</strong></span> <span class='ocrx_word' id='word_1_510' title='bbox 2788 970 2925 1043; x_wconf 83' lang='grc' dir='ltr'><strong>γνῶ,</strong></span> <span class='ocrx_word' id='word_1_511' title='bbox 2951 973 3249 1046; x_wconf 87' lang='lat' dir='ltr'><strong>quomodo</strong></span> <span class='ocrx_word' id='word_1_512' title='bbox 3268 985 3494 1030; x_wconf 59' lang='lat' dir='ltr'><strong>senten,</strong></span> 
     </span>
     <span class='ocr_line' id='line_1_64' title="bbox 1961 1051 3491 1119; baseline 0.007 -11"><span class='ocrx_word' id='word_1_513' title='bbox 1961 1051 2101 1109; x_wconf 85' lang='lat' dir='ltr'><strong>tiam</strong></span> <span class='ocrx_word' id='word_1_514' title='bbox 2127 1052 2215 1109; x_wconf 85' lang='lat' dir='ltr'><strong>vel</strong></span> <span class='ocrx_word' id='word_1_515' title='bbox 2250 1052 2468 1110; x_wconf 90' lang='lat' dir='ltr'><strong>dictum</strong></span> <span class='ocrx_word' id='word_1_516' title='bbox 2493 1053 2712 1111; x_wconf 78' lang='lat' dir='ltr'><strong>morale</strong></span> <span class='ocrx_word' id='word_1_517' title='bbox 2741 1054 2930 1113; x_wconf 88' lang='lat' dir='ltr'><strong>solent</strong></span> <span class='ocrx_word' id='word_1_518' title='bbox 2958 1057 3233 1117; x_wconf 85' lang='lat' dir='ltr'><strong>indicare.</strong></span> <span class='ocrx_word' id='word_1_519' title='bbox 3273 1064 3491 1119; x_wconf 67' lang='lat' dir='ltr'><strong>Hense.</strong></span> 
     </span>
     <span class='ocr_line' id='line_1_65' title="bbox 1958 1137 3494 1222; baseline 0.007 -27"><span class='ocrx_word' id='word_1_520' title='bbox 1958 1139 2181 1196; x_wconf 77' lang='grc' dir='ltr'><strong>ἐνταῦθα</strong></span> <span class='ocrx_word' id='word_1_521' title='bbox 2222 1137 2285 1197; x_wconf 82' lang='grc' dir='ltr'><strong>τὸ</strong></span> <span class='ocrx_word' id='word_1_522' title='bbox 2321 1138 2522 1198; x_wconf 83' lang='grc' dir='ltr'><strong>δίκαιον</strong></span> <span class='ocrx_word' id='word_1_523' title='bbox 2568 1140 2797 1200; x_wconf 76' lang='grc' dir='ltr'><strong>σύναπτε</strong></span> <span class='ocrx_word' id='word_1_524' title='bbox 2835 1143 2926 1217; x_wconf 92' lang='grc'><strong>9.,</strong></span> <span class='ocrx_word' id='word_1_525' title='bbox 2965 1146 3068 1222; x_wconf 90' lang='lat' dir='ltr'><strong>qui</strong></span> <span class='ocrx_word' id='word_1_526' title='bbox 3114 1146 3379 1204; x_wconf 84' lang='lat' dir='ltr'><strong>scholion</strong></span> <span class='ocrx_word' id='word_1_527' title='bbox 3419 1147 3494 1205; x_wconf 82' lang='lat' dir='ltr'><strong>ad</strong></span> 
     </span>
     <span class='ocr_line' id='line_1_66' title="bbox 1957 1227 2416 1303; baseline 0.007 -22"><span class='ocrx_word' id='word_1_528' title='bbox 1957 1244 2075 1303; x_wconf 78' lang='lat' dir='ltr'><strong>seq.</strong></span> <span class='ocrx_word' id='word_1_529' title='bbox 2100 1246 2157 1282; x_wconf 85' lang='lat' dir='ltr'><strong>v.</strong></span> <span class='ocrx_word' id='word_1_530' title='bbox 2178 1227 2416 1285; x_wconf 85' lang='lat' dir='ltr'><strong>omittit.</strong></span> 
     </span>
    </p>

    <p class='ocr_par' dir='ltr' id='par_1_13' title="bbox 1956 1313 3495 1748">
     <span class='ocr_line' id='line_1_67' title="bbox 2009 1313 3494 1399; baseline 0.005 -29"><span class='ocrx_word' id='word_1_531' title='bbox 2009 1313 2177 1386; x_wconf 81' lang='lat'><strong>·581,</strong></span> <span class='ocrx_word' id='word_1_532' title='bbox 2209 1314 2400 1384; x_wconf 87' lang='grc'><strong>45-54</strong></span> <span class='ocrx_word' id='word_1_533' title='bbox 2432 1315 2516 1373; x_wconf 84' lang='lat' dir='ltr'><strong>sic</strong></span> <span class='ocrx_word' id='word_1_534' title='bbox 2542 1315 2604 1373; x_wconf 88' lang='lat' dir='ltr'><strong>in</strong></span> <span class='ocrx_word' id='word_1_535' title='bbox 2622 1320 2710 1389; x_wconf 87' lang='lat' dir='ltr'><strong>V.,</strong></span> <span class='ocrx_word' id='word_1_536' title='bbox 2735 1315 2984 1397; x_wconf 77' lang='grc' dir='ltr'><strong>ἀρχαίαις</strong></span> <span class='ocrx_word' id='word_1_537' title='bbox 3004 1317 3094 1376; x_wconf 81' lang='grc' dir='ltr'><strong>καὶ</strong></span> <span class='ocrx_word' id='word_1_538' title='bbox 3116 1327 3317 1399; x_wconf 86' lang='grc' dir='ltr'><strong>μωραῑς</strong></span> <span class='ocrx_word' id='word_1_539' title='bbox 3337 1322 3494 1378; x_wconf 65' lang='grc' dir='ltr'><strong>ἐσκο-ι</strong></span> 
     </span>
     <span class='ocr_line' id='line_1_68' title="bbox 1957 1399 3495 1486; baseline 0.007 -30"><span class='ocrx_word' id='word_1_540' title='bbox 1957 1399 2195 1476; x_wconf 80' lang='grc' dir='ltr'><strong>τισμένοι</strong></span> <span class='ocrx_word' id='word_1_541' title='bbox 2231 1400 2486 1466; x_wconf 86' lang='grc' dir='ltr'><strong>διανοίαις</strong></span> <span class='ocrx_word' id='word_1_542' title='bbox 2524 1401 2614 1460; x_wconf 78' lang='grc' dir='ltr'><strong>καὶ</strong></span> <span class='ocrx_word' id='word_1_543' title='bbox 2642 1399 2821 1485; x_wconf 83' lang='grc' dir='ltr'><strong>ὥσπερ</strong></span> <span class='ocrx_word' id='word_1_544' title='bbox 2851 1406 2897 1461; x_wconf 81' lang='grc' dir='ltr'><strong>οἱ</strong></span> <span class='ocrx_word' id='word_1_545' title='bbox 2926 1403 3019 1470; x_wconf 80' lang='grc' dir='ltr'><strong>τὰς</strong></span> <span class='ocrx_word' id='word_1_546' title='bbox 3067 1406 3244 1484; x_wconf 81' lang='grc' dir='ltr'><strong>λήμας</strong></span> <span class='ocrx_word' id='word_1_547' title='bbox 3287 1405 3495 1486; x_wconf 78' lang='grc' dir='ltr'><strong>ἔχοντες</strong></span> 
     </span>
     <span class='ocr_line' id='line_1_69' title="bbox 1956 1487 3495 1576; baseline 0.007 -31"><span class='ocrx_word' id='word_1_548' title='bbox 1956 1490 2062 1546; x_wconf 81' lang='grc' dir='ltr'><strong>τῶν</strong></span> <span class='ocrx_word' id='word_1_549' title='bbox 2093 1487 2525 1569; x_wconf 76' lang='grc' dir='ltr'><strong>ὀφθαλμιώντων.</strong></span> <span class='ocrx_word' id='word_1_550' title='bbox 2570 1488 2606 1561; x_wconf 76' lang='grc' dir='ltr'>ἢ</span> <span class='ocrx_word' id='word_1_551' title='bbox 2653 1492 2772 1550; x_wconf 80' lang='grc' dir='ltr'><strong>ἀντὶ</strong></span> <span class='ocrx_word' id='word_1_552' title='bbox 2797 1497 2890 1551; x_wconf 77' lang='grc' dir='ltr'><strong>τοῦ</strong></span> <span class='ocrx_word' id='word_1_553' title='bbox 2929 1492 3318 1572; x_wconf 79' lang='grc' dir='ltr'><strong>βεὸλαμμέναις</strong></span> <span class='ocrx_word' id='word_1_554' title='bbox 3360 1501 3495 1576; x_wconf 81' lang='grc' dir='ltr'><strong>(βε-</strong></span> 
     </span>
     <span class='ocr_line' id='line_1_70' title="bbox 1958 1574 3494 1665; baseline 0.007 -30"><span class='ocrx_word' id='word_1_555' title='bbox 1958 1574 2292 1655; x_wconf 74' lang='grc' dir='ltr'><strong>ὅλαμμὲνους</strong></span> <span class='ocrx_word' id='word_1_556' title='bbox 2313 1580 2405 1655; x_wconf 88' lang='lat' dir='ltr'><strong>G.)</strong></span> <span class='ocrx_word' id='word_1_557' title='bbox 2427 1579 2576 1656; x_wconf 83' lang='grc' dir='ltr'><strong>λήμη</strong></span> <span class='ocrx_word' id='word_1_558' title='bbox 2600 1578 2702 1660; x_wconf 80' lang='grc' dir='ltr'><strong>γάρ</strong></span> <span class='ocrx_word' id='word_1_559' title='bbox 2721 1582 2834 1639; x_wconf 72' lang='grc' dir='ltr'><strong>ἐστι</strong></span> <span class='ocrx_word' id='word_1_560' title='bbox 2849 1579 2914 1640; x_wconf 85' lang='grc' dir='ltr'><strong>τὸ</strong></span> <span class='ocrx_word' id='word_1_561' title='bbox 2928 1582 3163 1660; x_wconf 80' lang='grc' dir='ltr'><strong>πεπηγὸς</strong></span> <span class='ocrx_word' id='word_1_562' title='bbox 3189 1584 3494 1665; x_wconf 73' lang='grc' dir='ltr'><strong>δάκρυον·-</strong></span> 
     </span>
     <span class='ocr_line' id='line_1_71' title="bbox 1957 1664 3493 1748; baseline 0.007 -26"><span class='ocrx_word' id='word_1_563' title='bbox 1957 1665 2277 1745; x_wconf 78' lang='grc' dir='ltr'><strong>ὀφθαλμούς.</strong></span> <span class='ocrx_word' id='word_1_564' title='bbox 2324 1666 2815 1748; x_wconf 77' lang='grc' dir='ltr'><strong>σημαίνει-ὄψεις.</strong></span> <span class='ocrx_word' id='word_1_565' title='bbox 2862 1672 3017 1728; x_wconf 71' lang='grc' dir='ltr'><strong>τοῦτο</strong></span> <span class='ocrx_word' id='word_1_566' title='bbox 3059 1670 3114 1728; x_wconf 85' lang='grc' dir='ltr'><strong>δὲ</strong></span> <span class='ocrx_word' id='word_1_567' title='bbox 3154 1670 3241 1728; x_wconf 77' lang='grc' dir='ltr'><strong>διὰ</strong></span> <span class='ocrx_word' id='word_1_568' title='bbox 3270 1673 3332 1730; x_wconf 89' lang='grc' dir='ltr'><strong>τὸ</strong></span> <span class='ocrx_word' id='word_1_569' title='bbox 3357 1664 3493 1732; x_wconf 69' lang='grc' dir='ltr'><strong>εἶναι</strong></span> 
     </span>
    </p>
   </div>
   <div class='ocr_carea' id='block_1_5' title="bbox 1913 1751 3489 1843">
    <p class='ocr_par' dir='ltr' id='par_1_14' title="bbox 1913 1751 3489 1843">
     <span class='ocr_line' id='line_1_72' title="bbox 1913 1751 3489 1843; baseline 0.008 -33"><span class='ocrx_word' id='word_1_570' title='bbox 1913 1790 1919 1803; x_wconf 63' lang='lat'>2</span> <span class='ocrx_word' id='word_1_571' title='bbox 1958 1751 2144 1820; x_wconf 75' lang='grc' dir='ltr'><strong>αὐτοὺς</strong></span> <span class='ocrx_word' id='word_1_572' title='bbox 2171 1752 2414 1834; x_wconf 84' lang='grc' dir='ltr'><strong>γέροντάς</strong></span> <span class='ocrx_word' id='word_1_573' title='bbox 2444 1776 2593 1835; x_wconf 90' lang='grc' dir='ltr'><strong>φησι.</strong></span> <span class='ocrx_word' id='word_1_574' title='bbox 2619 1754 2681 1814; x_wconf 82' lang='grc' dir='ltr'><strong>τὸ</strong></span> <span class='ocrx_word' id='word_1_575' title='bbox 2706 1758 2811 1813; x_wconf 79' lang='grc' dir='ltr'><strong>τῶν</strong></span> <span class='ocrx_word' id='word_1_576' title='bbox 2840 1759 3097 1838; x_wconf 84' lang='grc' dir='ltr'><strong>γερόντων</strong></span> <span class='ocrx_word' id='word_1_577' title='bbox 3137 1758 3239 1840; x_wconf 77' lang='grc' dir='ltr'><strong>γὰρ</strong></span> <span class='ocrx_word' id='word_1_578' title='bbox 3268 1760 3489 1843; x_wconf 84' lang='grc' dir='ltr'><strong>δάκρυον</strong></span> 
     </span>
    </p>
   </div>
   <div class='ocr_carea' id='block_1_6' title="bbox 1911 1806 1919 1851">
    <p class='ocr_par' dir='ltr' id='par_1_15' title="bbox 1911 1806 1919 1851">
     <span class='ocr_line' id='line_1_73' title="bbox 1911 1806 1919 1851; baseline 0 0"><span class='ocrx_word' id='word_1_579' title='bbox 1911 1806 1919 1851; x_wconf 92' lang='grc' dir='ltr'>Ι</span> 
     </span>
    </p>
   </div>
   <div class='ocr_carea' id='block_1_7' title="bbox 1935 1838 3494 5113">
    <p class='ocr_par' dir='ltr' id='par_1_16' title="bbox 1950 1838 3494 3063">
     <span class='ocr_line' id='line_1_74' title="bbox 1956 1838 3493 1926; baseline 0.007 -29"><span class='ocrx_word' id='word_1_580' title='bbox 1956 1838 2140 1919; x_wconf 72' lang='grc' dir='ltr'><strong>παχὺ,</strong></span> <span class='ocrx_word' id='word_1_581' title='bbox 2172 1840 2301 1922; x_wconf 79' lang='grc' dir='ltr'><strong>ὅπερ</strong></span> <span class='ocrx_word' id='word_1_582' title='bbox 2347 1846 2437 1899; x_wconf 83' lang='grc' dir='ltr'><strong>καὶ</strong></span> <span class='ocrx_word' id='word_1_583' title='bbox 2479 1843 2652 1920; x_wconf 84' lang='grc' dir='ltr'><strong>λήμας</strong></span> <span class='ocrx_word' id='word_1_584' title='bbox 2689 1844 2921 1922; x_wconf 83' lang='grc' dir='ltr'><strong>μεγάλας</strong></span> <span class='ocrx_word' id='word_1_585' title='bbox 2957 1853 3111 1903; x_wconf 85' lang='grc' dir='ltr'><strong>ποιεῖ.</strong></span> <span class='ocrx_word' id='word_1_586' title='bbox 3150 1852 3410 1926; x_wconf 83' lang='grc' dir='ltr'><strong>παροιμία</strong></span> <span class='ocrx_word' id='word_1_587' title='bbox 3435 1849 3493 1909; x_wconf 82' lang='grc' dir='ltr'><strong>δέ</strong></span> 
     </span>
     <span class='ocr_line' id='line_1_75' title="bbox 1957 1928 3494 2014; baseline 0.007 -28"><span class='ocrx_word' id='word_1_588' title='bbox 1957 1928 2298 2000; x_wconf 74' lang='grc' dir='ltr'><strong>ἔστιν-ἥτις</strong></span> <span class='ocrx_word' id='word_1_589' title='bbox 2333 1930 2426 1988; x_wconf 78' lang='grc' dir='ltr'><strong>καὶ</strong></span> <span class='ocrx_word' id='word_1_590' title='bbox 2469 1932 2524 1987; x_wconf 81' lang='grc' dir='ltr'><strong>ἐν</strong></span> <span class='ocrx_word' id='word_1_591' title='bbox 2569 1930 2827 2013; x_wconf 80' lang='grc' dir='ltr'><strong>Νεφέλαις</strong></span> <span class='ocrx_word' id='word_1_592' title='bbox 2867 1931 3092 2014; x_wconf 85' lang='grc' dir='ltr'><strong>εἴρηται.</strong></span> <span class='ocrx_word' id='word_1_593' title='bbox 3140 1936 3301 1993; x_wconf 87' lang='lat' dir='ltr'><strong>Idem</strong></span> <span class='ocrx_word' id='word_1_594' title='bbox 3334 1938 3494 1997; x_wconf 82' lang='lat' dir='ltr'><strong>addit</strong></span> 
     </span>
     <span class='ocr_line' id='line_1_76' title="bbox 1956 2015 3490 2101; baseline 0.008 -27"><span class='ocrx_word' id='word_1_595' title='bbox 1956 2038 2044 2096; x_wconf 86' lang='grc' dir='ltr'><strong>γρ.</strong></span> <span class='ocrx_word' id='word_1_596' title='bbox 2073 2015 2337 2094; x_wconf 80' lang='grc' dir='ltr'><strong>γνώμαις,</strong></span> <span class='ocrx_word' id='word_1_597' title='bbox 2365 2018 2519 2096; x_wconf 87' lang='lat' dir='ltr'><strong>quod</strong></span> <span class='ocrx_word' id='word_1_598' title='bbox 2550 2039 2664 2077; x_wconf 89' lang='lat' dir='ltr'><strong>om.</strong></span> <span class='ocrx_word' id='word_1_599' title='bbox 2703 2024 2773 2077; x_wconf 87' lang='lat' dir='ltr'><strong>G.</strong></span> <span class='ocrx_word' id='word_1_600' title='bbox 2795 2054 2859 2066; x_wconf 90' lang='lat'>-</span> <span class='ocrx_word' id='word_1_601' title='bbox 2890 2024 2964 2088; x_wconf 86' lang='grc'><strong>45</strong></span> <span class='ocrx_word' id='word_1_602' title='bbox 3008 2020 3209 2101; x_wconf 83' lang='grc' dir='ltr'><strong>Ἥγουν</strong></span> <span class='ocrx_word' id='word_1_603' title='bbox 3239 2045 3353 2083; x_wconf 88' lang='lat' dir='ltr'><strong>om.</strong></span> <span class='ocrx_word' id='word_1_604' title='bbox 3388 2028 3490 2101; x_wconf 90' lang='grc'><strong>9.,</strong></span> 
     </span>
     <span class='ocr_line' id='line_1_77' title="bbox 1957 2104 3493 2188; baseline 0.005 -26"><span class='ocrx_word' id='word_1_605' title='bbox 1957 2104 2131 2163; x_wconf 79' lang='lat' dir='ltr'><strong>habet</strong></span> <span class='ocrx_word' id='word_1_606' title='bbox 2153 2107 2359 2164; x_wconf 85' lang='lat' dir='ltr'><strong>Suidas</strong></span> <span class='ocrx_word' id='word_1_607' title='bbox 2383 2127 2426 2164; x_wconf 89' lang='lat' dir='ltr'><strong>s.</strong></span> <span class='ocrx_word' id='word_1_608' title='bbox 2457 2109 2737 2187; x_wconf 76' lang='grc' dir='ltr'><strong>Κρονικαῖς</strong></span> <span class='ocrx_word' id='word_1_609' title='bbox 2762 2120 2820 2165; x_wconf 89' lang='lat' dir='ltr'><strong>et</strong></span> <span class='ocrx_word' id='word_1_610' title='bbox 2847 2106 3030 2185; x_wconf 80' lang='grc' dir='ltr'><strong>Λήμη.</strong></span> <span class='ocrx_word' id='word_1_611' title='bbox 3049 2115 3185 2169; x_wconf 86' lang='lat' dir='ltr'><strong>Haec</strong></span> <span class='ocrx_word' id='word_1_612' title='bbox 3215 2116 3312 2188; x_wconf 86' lang='lat' dir='ltr'><strong>qui</strong></span> <span class='ocrx_word' id='word_1_613' title='bbox 3349 2113 3493 2171; x_wconf 76' lang='lat' dir='ltr'><strong>scni-</strong></span> 
     </span>
     <span class='ocr_line' id='line_1_78' title="bbox 1959 2192 3489 2277; baseline 0.005 -28"><span class='ocrx_word' id='word_1_614' title='bbox 1959 2193 2095 2269; x_wconf 83' lang='lat' dir='ltr'><strong>psit,</strong></span> <span class='ocrx_word' id='word_1_615' title='bbox 2117 2213 2237 2250; x_wconf 92' lang='lat' dir='ltr'><strong>non</strong></span> <span class='ocrx_word' id='word_1_616' title='bbox 2255 2192 2770 2274; x_wconf 76' lang='grc' dir='ltr'><strong>Κρονικαῖς.λήμαις,</strong></span> <span class='ocrx_word' id='word_1_617' title='bbox 2796 2196 2897 2252; x_wconf 89' lang='lat' dir='ltr'><strong>sed</strong></span> <span class='ocrx_word' id='word_1_618' title='bbox 2924 2199 3208 2277; x_wconf 84' lang='grc' dir='ltr'><strong>Κρονικαῖς</strong></span> <span class='ocrx_word' id='word_1_619' title='bbox 3232 2198 3489 2277; x_wconf 85' lang='grc' dir='ltr'><strong>γνώμαις,</strong></span> 
     </span>
     <span class='ocr_line' id='line_1_79' title="bbox 1957 2282 3492 2367; baseline 0.005 -30"><span class='ocrx_word' id='word_1_620' title='bbox 1957 2282 2243 2339; x_wconf 81' lang='lat' dir='ltr'><strong>utlemma</strong></span> <span class='ocrx_word' id='word_1_621' title='bbox 2263 2282 2407 2354; x_wconf 63' lang='lat' dir='ltr'><strong>Ald„</strong></span> <span class='ocrx_word' id='word_1_622' title='bbox 2440 2282 2665 2359; x_wconf 83' lang='lat' dir='ltr'><strong>legisse,</strong></span> <span class='ocrx_word' id='word_1_623' title='bbox 2692 2285 2992 2360; x_wconf 80' lang='lat' dir='ltr'><strong>sequentia</strong></span> <span class='ocrx_word' id='word_1_624' title='bbox 3016 2298 3208 2342; x_wconf 83' lang='lat' dir='ltr'><strong>autem</strong></span> <span class='ocrx_word' id='word_1_625' title='bbox 3229 2286 3492 2367; x_wconf 86' lang='grc' dir='ltr'><strong>παροιμία</strong></span> 
     </span>
     <span class='ocr_line' id='line_1_80' title="bbox 1956 2366 3493 2453; baseline 0.004 -27"><span class='ocrx_word' id='word_1_626' title='bbox 1956 2366 2166 2427; x_wconf 69' lang='grc' dir='ltr'><strong>δὲ-ειά</strong></span> <span class='ocrx_word' id='word_1_627' title='bbox 2187 2370 2424 2428; x_wconf 80' lang='lat' dir='ltr'><strong>alteram</strong></span> <span class='ocrx_word' id='word_1_628' title='bbox 2443 2384 2706 2448; x_wconf 79' lang='lat' dir='ltr'><strong>spectare</strong></span> <span class='ocrx_word' id='word_1_629' title='bbox 2725 2372 3072 2449; x_wconf 79' lang='lat' dir='ltr'><strong>scripturam</strong></span> <span class='ocrx_word' id='word_1_630' title='bbox 3092 2375 3373 2453; x_wconf 86' lang='grc' dir='ltr'><strong>Κρονικαῖς</strong></span> <span class='ocrx_word' id='word_1_631' title='bbox 3386 2373 3493 2447; x_wconf 78' lang='grc' dir='ltr'><strong>λή-</strong></span> 
     </span>
     <span class='ocr_line' id='line_1_81' title="bbox 1957 2459 3492 2538; baseline 0.005 -26"><span class='ocrx_word' id='word_1_632' title='bbox 1957 2479 2081 2534; x_wconf 83' lang='grc' dir='ltr'><strong>μαις</strong></span> <span class='ocrx_word' id='word_1_633' title='bbox 2100 2502 2117 2531; x_wconf 92' lang='grc'><strong>,</strong></span> <span class='ocrx_word' id='word_1_634' title='bbox 2146 2459 2555 2516; x_wconf 81' lang='lat' dir='ltr'><strong>animadvertit</strong></span> <span class='ocrx_word' id='word_1_635' title='bbox 2583 2463 2799 2517; x_wconf 83' lang='lat' dir='ltr'><strong>Hemst.</strong></span> <span class='ocrx_word' id='word_1_636' title='bbox 2830 2472 2889 2516; x_wconf 90' lang='lat' dir='ltr'><strong>et</strong></span> <span class='ocrx_word' id='word_1_637' title='bbox 2914 2460 3125 2518; x_wconf 86' lang='lat' dir='ltr'><strong>clarius</strong></span> <span class='ocrx_word' id='word_1_638' title='bbox 3155 2474 3397 2538; x_wconf 83' lang='lat' dir='ltr'><strong>apparet</strong></span> <span class='ocrx_word' id='word_1_639' title='bbox 3416 2481 3492 2519; x_wconf 77' lang='lat' dir='ltr'><strong>ex</strong></span> 
     </span>
     <span class='ocr_line' id='line_1_82' title="bbox 1955 2545 3494 2629; baseline 0.003 -28"><span class='ocrx_word' id='word_1_640' title='bbox 1955 2545 2175 2603; x_wconf 85' lang='lat' dir='ltr'><strong>scholio</strong></span> <span class='ocrx_word' id='word_1_641' title='bbox 2205 2546 2418 2604; x_wconf 86' lang='lat' dir='ltr'><strong>codicis</strong></span> <span class='ocrx_word' id='word_1_642' title='bbox 2455 2547 2666 2606; x_wconf 86' lang='lat' dir='ltr'><strong>Veneti</strong></span> <span class='ocrx_word' id='word_1_643' title='bbox 2710 2545 2957 2626; x_wconf 77' lang='grc' dir='ltr'><strong>ἀρχαίαις</strong></span> <span class='ocrx_word' id='word_1_644' title='bbox 3006 2546 3096 2605; x_wconf 78' lang='grc' dir='ltr'><strong>καὶ</strong></span> <span class='ocrx_word' id='word_1_645' title='bbox 3133 2557 3337 2629; x_wconf 83' lang='grc' dir='ltr'><strong>μωραῖς</strong></span> <span class='ocrx_word' id='word_1_646' title='bbox 3372 2549 3494 2606; x_wconf 86' lang='grc' dir='ltr'><strong>δια·-</strong></span> 
     </span>
     <span class='ocr_line' id='line_1_83' title="bbox 1953 2632 3491 2712; baseline 0.003 -22"><span class='ocrx_word' id='word_1_647' title='bbox 1953 2632 2131 2700; x_wconf 84' lang='grc' dir='ltr'><strong>νοίαις.</strong></span> <span class='ocrx_word' id='word_1_648' title='bbox 2157 2670 2219 2682; x_wconf 94' lang='grc'>-</span> <span class='ocrx_word' id='word_1_649' title='bbox 2251 2637 2324 2702; x_wconf 89' lang='grc'><strong>48</strong></span> <span class='ocrx_word' id='word_1_650' title='bbox 2353 2633 2532 2711; x_wconf 76' lang='grc' dir='ltr'><strong>λήμη,</strong></span> <span class='ocrx_word' id='word_1_651' title='bbox 2556 2633 2762 2712; x_wconf 85' lang='grc' dir='ltr'><strong>λέγεται</strong></span> <span class='ocrx_word' id='word_1_652' title='bbox 2788 2634 2851 2693; x_wconf 83' lang='grc' dir='ltr'><strong>τὸ</strong></span> <span class='ocrx_word' id='word_1_653' title='bbox 2875 2639 2944 2693; x_wconf 87' lang='lat' dir='ltr'><strong>R.</strong></span> <span class='ocrx_word' id='word_1_654' title='bbox 2976 2636 3286 2712; x_wconf 78' lang='lat' dir='ltr'><strong>vulgatum</strong></span> <span class='ocrx_word' id='word_1_655' title='bbox 3313 2637 3491 2695; x_wconf 79' lang='lat' dir='ltr'><strong>habet</strong></span> 
     </span>
     <span class='ocr_line' id='line_1_84' title="bbox 1952 2722 3488 2803; baseline 0.001 -22"><span class='ocrx_word' id='word_1_656' title='bbox 1952 2722 2161 2783; x_wconf 78' lang='lat' dir='ltr'><strong>Suidas</strong></span> <span class='ocrx_word' id='word_1_657' title='bbox 2214 2734 2464 2799; x_wconf 84' lang='lat' dir='ltr'><strong>utroque</strong></span> <span class='ocrx_word' id='word_1_658' title='bbox 2498 2726 2647 2780; x_wconf 90' lang='lat' dir='ltr'><strong>loco.</strong></span> <span class='ocrx_word' id='word_1_659' title='bbox 2676 2729 3047 2803; x_wconf 80' lang='grc' dir='ltr'><strong>τοῦτο-φησι</strong></span> <span class='ocrx_word' id='word_1_660' title='bbox 3085 2723 3279 2781; x_wconf 82' lang='lat' dir='ltr'><strong>addita</strong></span> <span class='ocrx_word' id='word_1_661' title='bbox 3307 2745 3377 2782; x_wconf 82' lang='lat' dir='ltr'><strong>ex</strong></span> <span class='ocrx_word' id='word_1_662' title='bbox 3423 2730 3488 2783; x_wconf 88' lang='lat' dir='ltr'><strong>V.</strong></span> 
     </span>
     <span class='ocr_line' id='line_1_85' title="bbox 1952 2808 3490 2894; baseline 0.001 -24"><span class='ocrx_word' id='word_1_663' title='bbox 1952 2848 2014 2860; x_wconf 98' lang='lat'>—</span> <span class='ocrx_word' id='word_1_664' title='bbox 2045 2812 2113 2870; x_wconf 88' lang='grc'><strong>51</strong></span> <span class='ocrx_word' id='word_1_665' title='bbox 2145 2810 2208 2870; x_wconf 81' lang='grc' dir='ltr'><strong>τὸ</strong></span> <span class='ocrx_word' id='word_1_666' title='bbox 2230 2808 2552 2892; x_wconf 82' lang='grc' dir='ltr'><strong>γὰρ-ποιεῖ</strong></span> <span class='ocrx_word' id='word_1_667' title='bbox 2586 2830 2700 2869; x_wconf 85' lang='lat' dir='ltr'><strong>om.</strong></span> <span class='ocrx_word' id='word_1_668' title='bbox 2733 2811 3030 2870; x_wconf 73' lang='lat' dir='ltr'><strong>Suida5.—</strong></span> <span class='ocrx_word' id='word_1_669' title='bbox 3050 2812 3121 2881; x_wconf 89' lang='grc'><strong>54</strong></span> <span class='ocrx_word' id='word_1_670' title='bbox 3153 2810 3490 2894; x_wconf 83' lang='grc' dir='ltr'><strong>ὀφθαλμιών-</strong></span> 
     </span>
     <span class='ocr_line' id='line_1_86' title="bbox 1950 2898 3483 2981; baseline 0.003 -23"><span class='ocrx_word' id='word_1_671' title='bbox 1950 2923 2057 2958; x_wconf 87' lang='grc' dir='ltr'><strong>των</strong></span> <span class='ocrx_word' id='word_1_672' title='bbox 2083 2906 2153 2958; x_wconf 89' lang='lat' dir='ltr'><strong>V.</strong></span> <span class='ocrx_word' id='word_1_673' title='bbox 2193 2913 2251 2958; x_wconf 90' lang='lat' dir='ltr'><strong>et</strong></span> <span class='ocrx_word' id='word_1_674' title='bbox 2284 2898 2492 2959; x_wconf 81' lang='lat' dir='ltr'><strong>Suidas</strong></span> <span class='ocrx_word' id='word_1_675' title='bbox 2529 2920 2574 2958; x_wconf 83' lang='lat' dir='ltr'><strong>s.</strong></span> <span class='ocrx_word' id='word_1_676' title='bbox 2625 2899 2810 2976; x_wconf 76' lang='grc' dir='ltr'><strong>Λήμη.</strong></span> <span class='ocrx_word' id='word_1_677' title='bbox 2855 2902 3140 2981; x_wconf 80' lang='grc' dir='ltr'><strong>ὀφθαλμῶν</strong></span> <span class='ocrx_word' id='word_1_678' title='bbox 3189 2902 3370 2961; x_wconf 85' lang='grc' dir='ltr'><strong>ἰόντων</strong></span> <span class='ocrx_word' id='word_1_679' title='bbox 3407 2904 3483 2964; x_wconf 91' lang='grc'><strong>9.</strong></span> 
     </span>
     <span class='ocr_line' id='line_1_87' title="bbox 1952 2984 3085 3063; baseline 0.001 -20"><span class='ocrx_word' id='word_1_680' title='bbox 1952 2985 2321 3063; x_wconf 79' lang='grc' dir='ltr'><strong>ἐμποδίζονται</strong></span> <span class='ocrx_word' id='word_1_681' title='bbox 2352 3006 2468 3043; x_wconf 88' lang='lat' dir='ltr'><strong>om.</strong></span> <span class='ocrx_word' id='word_1_682' title='bbox 2497 2993 2567 3045; x_wconf 87' lang='lat' dir='ltr'><strong>V.</strong></span> <span class='ocrx_word' id='word_1_683' title='bbox 2600 2984 2985 3062; x_wconf 80' lang='grc' dir='ltr'><strong>ἐμποδιζόντων</strong></span> <span class='ocrx_word' id='word_1_684' title='bbox 3015 2991 3085 3045; x_wconf 83' lang='lat' dir='ltr'><strong>R.</strong></span> 
     </span>
    </p>

    <p class='ocr_par' dir='ltr' id='par_1_17' title="bbox 1935 3074 3487 5113">
     <span class='ocr_line' id='line_1_88' title="bbox 2034 3074 3487 3160; baseline 0.003 -28"><span class='ocrx_word' id='word_1_685' title='bbox 2034 3075 2167 3147; x_wconf 82' lang='grc'><strong>586,</strong></span> <span class='ocrx_word' id='word_1_686' title='bbox 2203 3094 2272 3132; x_wconf 73' lang='grc' dir='ltr'><strong>ια</strong></span> <span class='ocrx_word' id='word_1_687' title='bbox 2304 3074 2380 3132; x_wconf 82' lang='lat' dir='ltr'><strong>ab</strong></span> <span class='ocrx_word' id='word_1_688' title='bbox 2408 3075 2749 3155; x_wconf 82' lang='grc' dir='ltr'><strong>στεφανώσας</strong></span> <span class='ocrx_word' id='word_1_689' title='bbox 2773 3076 2982 3152; x_wconf 86' lang='lat' dir='ltr'><strong>incipit</strong></span> <span class='ocrx_word' id='word_1_690' title='bbox 3009 3080 3079 3132; x_wconf 90' lang='lat' dir='ltr'><strong>V.</strong></span> <span class='ocrx_word' id='word_1_691' title='bbox 3100 3074 3186 3133; x_wconf 82' lang='lat' dir='ltr'><strong>Ab</strong></span> <span class='ocrx_word' id='word_1_692' title='bbox 3214 3079 3274 3134; x_wconf 82' lang='grc' dir='ltr'><strong>οὗ</strong></span> <span class='ocrx_word' id='word_1_693' title='bbox 3297 3077 3487 3160; x_wconf 81' lang='grc' dir='ltr'><strong>κοτίνῳ</strong></span> 
     </span>
     <span class='ocr_line' id='line_1_89' title="bbox 1950 3162 3484 3248; baseline 0.003 -28"><span class='ocrx_word' id='word_1_694' title='bbox 1950 3163 2157 3239; x_wconf 88' lang='lat' dir='ltr'><strong>incipit</strong></span> <span class='ocrx_word' id='word_1_695' title='bbox 2201 3164 2378 3221; x_wconf 80' lang='lat' dir='ltr'><strong>Paris.</strong></span> <span class='ocrx_word' id='word_1_696' title='bbox 2399 3167 2544 3239; x_wconf 85' lang='lat' dir='ltr'><strong>Reg.</strong></span> <span class='ocrx_word' id='word_1_697' title='bbox 2591 3175 2650 3220; x_wconf 87' lang='lat' dir='ltr'><strong>et</strong></span> <span class='ocrx_word' id='word_1_698' title='bbox 2671 3163 2877 3222; x_wconf 80' lang='lat' dir='ltr'><strong>Suidas</strong></span> <span class='ocrx_word' id='word_1_699' title='bbox 2909 3184 2955 3222; x_wconf 77' lang='lat' dir='ltr'><strong>s·</strong></span> <span class='ocrx_word' id='word_1_700' title='bbox 2979 3162 3203 3223; x_wconf 82' lang='grc' dir='ltr'><strong>Κοτίνου</strong></span> <span class='ocrx_word' id='word_1_701' title='bbox 3225 3166 3484 3248; x_wconf 84' lang='grc' dir='ltr'><strong>στεφάνῳ.</strong></span> 
     </span>
     <span class='ocr_line' id='line_1_90' title="bbox 1949 3250 3485 3335; baseline 0.001 -25"><span class='ocrx_word' id='word_1_702' title='bbox 1949 3250 2148 3317; x_wconf 82' lang='grc' dir='ltr'><strong>Ἄλλως</strong></span> <span class='ocrx_word' id='word_1_703' title='bbox 2200 3250 2460 3309; x_wconf 87' lang='lat' dir='ltr'><strong>additum</strong></span> <span class='ocrx_word' id='word_1_704' title='bbox 2489 3270 2562 3307; x_wconf 81' lang='lat' dir='ltr'><strong>ex</strong></span> <span class='ocrx_word' id='word_1_705' title='bbox 2597 3255 2664 3307; x_wconf 89' lang='lat' dir='ltr'><strong>V.</strong></span> <span class='ocrx_word' id='word_1_706' title='bbox 2698 3292 2777 3303; x_wconf 90' lang='lat'>-</span> <span class='ocrx_word' id='word_1_707' title='bbox 2810 3261 2877 3320; x_wconf 88' lang='grc'><strong>14</strong></span> <span class='ocrx_word' id='word_1_708' title='bbox 2909 3250 3219 3333; x_wconf 73' lang='grc' dir='ltr'><strong>ἐτρέφοντο,</strong></span> <span class='ocrx_word' id='word_1_709' title='bbox 3256 3253 3393 3311; x_wconf 78' lang='grc' dir='ltr'><strong>ἀλλὰ</strong></span> <span class='ocrx_word' id='word_1_710' title='bbox 3418 3259 3485 3335; x_wconf 84' lang='grc' dir='ltr'><strong>τῇ</strong></span> 
     </span>
     <span class='ocr_line' id='line_1_91' title="bbox 1950 3339 3484 3422; baseline 0.004 -25"><span class='ocrx_word' id='word_1_711' title='bbox 1950 3341 2038 3420; x_wconf 81' lang='grc' dir='ltr'><strong>(τῇ</strong></span> <span class='ocrx_word' id='word_1_712' title='bbox 2070 3360 2184 3397; x_wconf 89' lang='lat' dir='ltr'><strong>om.</strong></span> <span class='ocrx_word' id='word_1_713' title='bbox 2214 3339 2443 3418; x_wconf 79' lang='lat' dir='ltr'><strong>suidas)</strong></span> <span class='ocrx_word' id='word_1_714' title='bbox 2474 3339 2874 3422; x_wconf 80' lang='grc' dir='ltr'><strong>καλλιστεφάνῳ</strong></span> <span class='ocrx_word' id='word_1_715' title='bbox 2915 3346 2985 3400; x_wconf 87' lang='lat' dir='ltr'><strong>V.</strong></span> <span class='ocrx_word' id='word_1_716' title='bbox 3018 3355 3076 3400; x_wconf 87' lang='lat' dir='ltr'><strong>et</strong></span> <span class='ocrx_word' id='word_1_717' title='bbox 3108 3343 3314 3401; x_wconf 87' lang='lat' dir='ltr'><strong>Suidas</strong></span> <span class='ocrx_word' id='word_1_718' title='bbox 3335 3387 3351 3416; x_wconf 91' lang='lat'><strong>,</strong></span> <span class='ocrx_word' id='word_1_719' title='bbox 3383 3348 3484 3422; x_wconf 87' lang='lat' dir='ltr'><strong>qui</strong></span> 
     </span>
     <span class='ocr_line' id='line_1_92' title="bbox 1948 3426 3485 3514; baseline 0.003 -27"><span class='ocrx_word' id='word_1_720' title='bbox 1948 3428 2122 3510; x_wconf 77' lang='grc' dir='ltr'><strong>ἐστέφ.</strong></span> <span class='ocrx_word' id='word_1_721' title='bbox 2147 3467 2208 3478; x_wconf 92' lang='grc'>-</span> <span class='ocrx_word' id='word_1_722' title='bbox 2245 3430 2314 3485; x_wconf 85' lang='grc'><strong>15</strong></span> <span class='ocrx_word' id='word_1_723' title='bbox 2351 3431 2446 3485; x_wconf 82' lang='grc' dir='ltr'><strong>οὐκ</strong></span> <span class='ocrx_word' id='word_1_724' title='bbox 2475 3426 2705 3508; x_wconf 78' lang='grc' dir='ltr'><strong>ἄκριὸῶς</strong></span> <span class='ocrx_word' id='word_1_725' title='bbox 2744 3427 2801 3487; x_wconf 83' lang='grc' dir='ltr'><strong>δὲ</strong></span> <span class='ocrx_word' id='word_1_726' title='bbox 2843 3434 2878 3500; x_wconf 82' lang='grc' dir='ltr'><strong>ἡ</strong></span> <span class='ocrx_word' id='word_1_727' title='bbox 2909 3429 3062 3488; x_wconf 77' lang='grc' dir='ltr'><strong>ἐλαία</strong></span> <span class='ocrx_word' id='word_1_728' title='bbox 3095 3433 3485 3514; x_wconf 80' lang='grc' dir='ltr'><strong>πολυστέφανος</strong></span> 
     </span>
     <span class='ocr_line' id='line_1_93' title="bbox 1946 3507 3485 3596; baseline 0.002 -20"><span class='ocrx_word' id='word_1_729' title='bbox 1946 3516 2155 3596; x_wconf 80' lang='grc' dir='ltr'><strong>λέγεται</strong></span> <span class='ocrx_word' id='word_1_730' title='bbox 2201 3522 2269 3577; x_wconf 87' lang='lat' dir='ltr'><strong>V.</strong></span> <span class='ocrx_word' id='word_1_731' title='bbox 2316 3507 2403 3575; x_wconf 74' lang='grc' dir='ltr'><strong>οῧν</strong></span> <span class='ocrx_word' id='word_1_732' title='bbox 2447 3537 2560 3574; x_wconf 87' lang='lat' dir='ltr'><strong>om.</strong></span> <span class='ocrx_word' id='word_1_733' title='bbox 2591 3522 2659 3574; x_wconf 81' lang='lat' dir='ltr'><strong>R.</strong></span> <span class='ocrx_word' id='word_1_734' title='bbox 2703 3542 2728 3567; x_wconf 68' lang='grc' dir='ltr'><strong>κ</strong></span> <span class='ocrx_word' id='word_1_735' title='bbox 2751 3523 2885 3576; x_wconf 80' lang='lat' dir='ltr'><strong>Post</strong></span> <span class='ocrx_word' id='word_1_736' title='bbox 2926 3515 3135 3595; x_wconf 88' lang='grc' dir='ltr'><strong>λέγεται</strong></span> <span class='ocrx_word' id='word_1_737' title='bbox 3164 3521 3485 3579; x_wconf 82' lang='lat' dir='ltr'><strong>addebatur</strong></span> 
     </span>
     <span class='ocr_line' id='line_1_94' title="bbox 1946 3603 3485 3688; baseline 0.003 -24"><span class='ocrx_word' id='word_1_738' title='bbox 1946 3605 2141 3678; x_wconf 84' lang='grc' dir='ltr'><strong>ταύτης</strong></span> <span class='ocrx_word' id='word_1_739' title='bbox 2167 3603 2224 3664; x_wconf 72' lang='grc' dir='ltr'><strong>δὲ</strong></span> <span class='ocrx_word' id='word_1_740' title='bbox 2249 3603 2315 3664; x_wconf 76' lang='grc' dir='ltr'><strong>τὰ</strong></span> <span class='ocrx_word' id='word_1_741' title='bbox 2342 3603 2517 3687; x_wconf 86' lang='grc' dir='ltr'><strong>φύλλα</strong></span> <span class='ocrx_word' id='word_1_742' title='bbox 2544 3603 2777 3683; x_wconf 80' lang='grc' dir='ltr'><strong>ἔμπαλιν</strong></span> <span class='ocrx_word' id='word_1_743' title='bbox 2810 3608 2828 3685; x_wconf 96' lang='grc'>(</span> <span class='ocrx_word' id='word_1_744' title='bbox 2852 3606 3070 3664; x_wconf 83' lang='lat' dir='ltr'><strong>excidit</strong></span> <span class='ocrx_word' id='word_1_745' title='bbox 3104 3604 3342 3688; x_wconf 80' lang='grc' dir='ltr'><strong>πέφυκε)</strong></span> <span class='ocrx_word' id='word_1_746' title='bbox 3367 3618 3485 3677; x_wconf 88' lang='grc' dir='ltr'><strong>ταῖς</strong></span> 
     </span>
     <span class='ocr_line' id='line_1_95' title="bbox 1945 3692 3482 3776; baseline 0.001 -23"><span class='ocrx_word' id='word_1_747' title='bbox 1945 3695 2156 3759; x_wconf 85' lang='grc' dir='ltr'><strong>λοιπαῖς</strong></span> <span class='ocrx_word' id='word_1_748' title='bbox 2195 3692 2431 3762; x_wconf 81' lang='grc' dir='ltr'><strong>ἐλαίαις·</strong></span> <span class='ocrx_word' id='word_1_749' title='bbox 2477 3692 2577 3761; x_wconf 76' lang='grc' dir='ltr'><strong>ἔξω</strong></span> <span class='ocrx_word' id='word_1_750' title='bbox 2617 3696 2748 3776; x_wconf 83' lang='grc' dir='ltr'><strong>γὰρ,</strong></span> <span class='ocrx_word' id='word_1_751' title='bbox 2796 3694 2915 3753; x_wconf 82' lang='grc' dir='ltr'><strong>ἀλλ’</strong></span> <span class='ocrx_word' id='word_1_752' title='bbox 2961 3699 3058 3753; x_wconf 82' lang='grc' dir='ltr'><strong>οὐκ</strong></span> <span class='ocrx_word' id='word_1_753' title='bbox 3092 3697 3233 3763; x_wconf 80' lang='grc' dir='ltr'><strong>ε’ντὸς</strong></span> <span class='ocrx_word' id='word_1_754' title='bbox 3268 3696 3379 3775; x_wconf 85' lang='grc' dir='ltr'><strong>ἔχει</strong></span> <span class='ocrx_word' id='word_1_755' title='bbox 3414 3695 3482 3755; x_wconf 81' lang='grc' dir='ltr'><strong>τὰ</strong></span> 
     </span>
     <span class='ocr_line' id='line_1_96' title="bbox 1944 3783 3480 3860; baseline 0.001 -17"><span class='ocrx_word' id='word_1_756' title='bbox 1944 3783 2144 3857; x_wconf 85' lang='grc' dir='ltr'><strong>λευκοί,</strong></span> <span class='ocrx_word' id='word_1_757' title='bbox 2170 3803 2299 3860; x_wconf 80' lang='lat' dir='ltr'><strong>quae</strong></span> <span class='ocrx_word' id='word_1_758' title='bbox 2340 3803 2373 3841; x_wconf 90' lang='lat' dir='ltr'><strong>e</strong></span> <span class='ocrx_word' id='word_1_759' title='bbox 2414 3784 2542 3840; x_wconf 89' lang='lat' dir='ltr'><strong>loco</strong></span> <span class='ocrx_word' id='word_1_760' title='bbox 2583 3784 2910 3842; x_wconf 83' lang='lat' dir='ltr'><strong>Aristotelis</strong></span> <span class='ocrx_word' id='word_1_761' title='bbox 2944 3784 3055 3841; x_wconf 89' lang='lat' dir='ltr'><strong>huc</strong></span> <span class='ocrx_word' id='word_1_762' title='bbox 3088 3785 3245 3843; x_wconf 82' lang='lat' dir='ltr'><strong>illata</strong></span> <span class='ocrx_word' id='word_1_763' title='bbox 3275 3787 3480 3845; x_wconf 87' lang='lat' dir='ltr'><strong>delevi.</strong></span> 
     </span>
     <span class='ocr_line' id='line_1_97' title="bbox 1945 3872 3479 3950; baseline 0.001 -18"><span class='ocrx_word' id='word_1_764' title='bbox 1945 3874 2122 3932; x_wconf 86' lang='lat' dir='ltr'><strong>Paris.</strong></span> <span class='ocrx_word' id='word_1_765' title='bbox 2144 3873 2226 3950; x_wconf 85' lang='lat' dir='ltr'><strong>[et</strong></span> <span class='ocrx_word' id='word_1_766' title='bbox 2245 3872 2411 3949; x_wconf 86' lang='lat' dir='ltr'><strong>Reg.]</strong></span> <span class='ocrx_word' id='word_1_767' title='bbox 2435 3893 2554 3932; x_wconf 84' lang='lat' dir='ltr'><strong>uon</strong></span> <span class='ocrx_word' id='word_1_768' title='bbox 2578 3873 2667 3931; x_wconf 82' lang='lat' dir='ltr'><strong>his</strong></span> <span class='ocrx_word' id='word_1_769' title='bbox 2691 3885 2913 3931; x_wconf 81' lang='lat' dir='ltr'><strong>tantum</strong></span> <span class='ocrx_word' id='word_1_770' title='bbox 2935 3873 3153 3947; x_wconf 81' lang='lat' dir='ltr'><strong>verbis,</strong></span> <span class='ocrx_word' id='word_1_771' title='bbox 3176 3873 3275 3931; x_wconf 85' lang='lat' dir='ltr'><strong>sed</strong></span> <span class='ocrx_word' id='word_1_772' title='bbox 3300 3875 3479 3934; x_wconf 82' lang='lat' dir='ltr'><strong>etiam</strong></span> 
     </span>
     <span class='ocr_line' id='line_1_98' title="bbox 1944 3957 3477 4039; baseline 0.002 -22"><span class='ocrx_word' id='word_1_773' title='bbox 1944 3959 2405 4039; x_wconf 64' lang='lat' dir='ltr'><strong>praecedentibus</strong></span> <span class='ocrx_word' id='word_1_774' title='bbox 2425 3957 2812 4039; x_wconf 75' lang='grc' dir='ltr'><strong>οὐκ-ἀκριὸῶς</strong></span> <span class='ocrx_word' id='word_1_775' title='bbox 2830 3959 3039 4036; x_wconf 84' lang='grc' dir='ltr'><strong>λέγεται</strong></span> <span class='ocrx_word' id='word_1_776' title='bbox 3054 3974 3230 4017; x_wconf 86' lang='lat' dir='ltr'><strong>caret.</strong></span> <span class='ocrx_word' id='word_1_777' title='bbox 3249 3988 3273 4011; x_wconf 72' lang='lat' dir='ltr'><strong>n</strong></span> <span class='ocrx_word' id='word_1_778' title='bbox 3294 3967 3477 4021; x_wconf 79' lang='lat' dir='ltr'><strong>Dum.</strong></span> 
     </span>
     <span class='ocr_line' id='line_1_99' title="bbox 1941 4044 3477 4131; baseline 0.002 -26"><span class='ocrx_word' id='word_1_779' title='bbox 1941 4050 2082 4105; x_wconf 88' lang='lat'><strong>-16</strong></span> <span class='ocrx_word' id='word_1_780' title='bbox 2115 4053 2268 4105; x_wconf 79' lang='grc' dir='ltr'><strong>τοῦτο</strong></span> <span class='ocrx_word' id='word_1_781' title='bbox 2288 4050 2362 4104; x_wconf 84' lang='lat' dir='ltr'><strong>R.</strong></span> <span class='ocrx_word' id='word_1_782' title='bbox 2390 4048 2718 4127; x_wconf 76' lang='grc' dir='ltr'><strong>ἐκφαυλίζων</strong></span> <span class='ocrx_word' id='word_1_783' title='bbox 2739 4044 2796 4104; x_wconf 72' lang='grc' dir='ltr'><strong>δὲ</strong></span> <span class='ocrx_word' id='word_1_784' title='bbox 2821 4046 3012 4127; x_wconf 80' lang='grc' dir='ltr'><strong>κοτίνῳ</strong></span> <span class='ocrx_word' id='word_1_785' title='bbox 3033 4045 3194 4125; x_wconf 73' lang='grc' dir='ltr'><strong>λέγει.</strong></span> <span class='ocrx_word' id='word_1_786' title='bbox 3218 4048 3309 4107; x_wconf 72' lang='grc' dir='ltr'><strong>καὶ</strong></span> <span class='ocrx_word' id='word_1_787' title='bbox 3332 4049 3477 4131; x_wconf 77' lang='grc' dir='ltr'><strong>Ἀρι-</strong></span> 
     </span>
     <span class='ocr_line' id='line_1_100' title="bbox 1942 4133 3476 4216; baseline 0.001 -20"><span class='ocrx_word' id='word_1_788' title='bbox 1942 4135 2193 4207; x_wconf 82' lang='grc' dir='ltr'><strong>στοτέλης</strong></span> <span class='ocrx_word' id='word_1_789' title='bbox 2242 4133 2364 4215; x_wconf 78' lang='grc' dir='ltr'><strong>περὶ</strong></span> <span class='ocrx_word' id='word_1_790' title='bbox 2396 4138 2492 4204; x_wconf 77' lang='lat' dir='ltr'><strong>effic.</strong></span> <span class='ocrx_word' id='word_1_791' title='bbox 2527 4135 2946 4216; x_wconf 82' lang='grc' dir='ltr'><strong>καλλιστεφάνου</strong></span> <span class='ocrx_word' id='word_1_792' title='bbox 2997 4135 3176 4201; x_wconf 74' lang='grc' dir='ltr'><strong>ἐλαίας</strong></span> <span class='ocrx_word' id='word_1_793' title='bbox 3213 4137 3322 4214; x_wconf 77' lang='grc' dir='ltr'><strong>(ἐλ.</strong></span> <span class='ocrx_word' id='word_1_794' title='bbox 3358 4159 3476 4197; x_wconf 90' lang='lat' dir='ltr'><strong>om.</strong></span> 
     </span>
     <span class='ocr_line' id='line_1_101' title="bbox 1940 4222 3476 4305; baseline 0 -20"><span class='ocrx_word' id='word_1_795' title='bbox 1940 4225 2111 4305; x_wconf 80' lang='lat' dir='ltr'><strong>Reg.)</strong></span> <span class='ocrx_word' id='word_1_796' title='bbox 2154 4227 2324 4284; x_wconf 80' lang='grc' dir='ltr'><strong>ταῦτα</strong></span> <span class='ocrx_word' id='word_1_797' title='bbox 2369 4222 2528 4304; x_wconf 84' lang='grc' dir='ltr'><strong>φησὶν</strong></span> <span class='ocrx_word' id='word_1_798' title='bbox 2551 4265 2567 4292; x_wconf 95' lang='grc'><strong>,</strong></span> <span class='ocrx_word' id='word_1_799' title='bbox 2612 4225 2666 4282; x_wconf 81' lang='grc' dir='ltr'><strong>ἐν</strong></span> <span class='ocrx_word' id='word_1_800' title='bbox 2690 4224 2763 4281; x_wconf 72' lang='grc' dir='ltr'><strong>’δὲ</strong></span> <span class='ocrx_word' id='word_1_801' title='bbox 2790 4227 2868 4305; x_wconf 56' lang='lat' dir='ltr'><strong>eiii</strong></span> <span class='ocrx_word' id='word_1_802' title='bbox 2891 4225 3070 4281; x_wconf 72' lang='lat' dir='ltr'><strong>Paris.</strong></span> <span class='ocrx_word' id='word_1_803' title='bbox 3105 4231 3242 4303; x_wconf 85' lang='lat' dir='ltr'><strong>Reg.</strong></span> <span class='ocrx_word' id='word_1_804' title='bbox 3269 4228 3476 4285; x_wconf 86' lang='grc' dir='ltr'><strong>κοτίνου</strong></span> 
     </span>
     <span class='ocr_line' id='line_1_102' title="bbox 1941 4313 3474 4391; baseline 0.001 -19"><span class='ocrx_word' id='word_1_805' title='bbox 1941 4314 2062 4372; x_wconf 76' lang='lat' dir='ltr'><strong>Ald.</strong></span> <span class='ocrx_word' id='word_1_806' title='bbox 2114 4339 2138 4365; x_wconf 71' lang='grc' dir='ltr'><strong>α</strong></span> <span class='ocrx_word' id='word_1_807' title='bbox 2165 4317 2318 4370; x_wconf 85' lang='lat' dir='ltr'><strong>Vera</strong></span> <span class='ocrx_word' id='word_1_808' title='bbox 2360 4313 2649 4389; x_wconf 78' lang='lat' dir='ltr'><strong>scriptura</strong></span> <span class='ocrx_word' id='word_1_809' title='bbox 2690 4316 2880 4391; x_wconf 79' lang='grc' dir='ltr'><strong>κοτινῷ</strong></span> <span class='ocrx_word' id='word_1_810' title='bbox 2921 4324 3025 4369; x_wconf 88' lang='lat' dir='ltr'><strong>est.</strong></span> <span class='ocrx_word' id='word_1_811' title='bbox 3054 4338 3079 4362; x_wconf 77' lang='grc' dir='ltr'><strong>ιι</strong></span> <span class='ocrx_word' id='word_1_812' title='bbox 3109 4318 3370 4371; x_wconf 76' lang='lat' dir='ltr'><strong>Dmn.--</strong></span> <span class='ocrx_word' id='word_1_813' title='bbox 3403 4316 3474 4373; x_wconf 87' lang='grc'><strong>18</strong></span> 
     </span>
     <span class='ocr_line' id='line_1_103' title="bbox 1938 4399 3474 4481; baseline -0.001 -19"><span class='ocrx_word' id='word_1_814' title='bbox 1938 4399 2249 4481; x_wconf 84' lang='grc' dir='ltr'><strong>πανσταθίῳ</strong></span> <span class='ocrx_word' id='word_1_815' title='bbox 2276 4402 2454 4460; x_wconf 80' lang='lat' dir='ltr'><strong>Paris.</strong></span> <span class='ocrx_word' id='word_1_816' title='bbox 2491 4399 2799 4480; x_wconf 79' lang='grc' dir='ltr'><strong>πανστηθίῳ</strong></span> <span class='ocrx_word' id='word_1_817' title='bbox 2826 4404 2968 4476; x_wconf 81' lang='lat' dir='ltr'><strong>Reg.</strong></span> <span class='ocrx_word' id='word_1_818' title='bbox 3009 4405 3168 4460; x_wconf 87' lang='lat' dir='ltr'><strong>Junt.</strong></span> <span class='ocrx_word' id='word_1_819' title='bbox 3201 4406 3290 4461; x_wconf 92' lang='lat' dir='ltr'><strong>De</strong></span> <span class='ocrx_word' id='word_1_820' title='bbox 3317 4407 3474 4461; x_wconf 83' lang='lat' dir='ltr'><strong>Pan-</strong></span> 
     </span>
     <span class='ocr_line' id='line_1_104' title="bbox 1943 4488 3470 4568; baseline -0.001 -17"><span class='ocrx_word' id='word_1_821' title='bbox 1943 4493 2077 4551; x_wconf 89' lang='lat' dir='ltr'><strong>theo</strong></span> <span class='ocrx_word' id='word_1_822' title='bbox 2099 4535 2118 4567; x_wconf 88' lang='lat'><strong>,</strong></span> <span class='ocrx_word' id='word_1_823' title='bbox 2146 4488 2304 4568; x_wconf 88' lang='lat' dir='ltr'><strong>quod</strong></span> <span class='ocrx_word' id='word_1_824' title='bbox 2335 4491 2445 4548; x_wconf 78' lang='lat' dir='ltr'><strong>suit</strong></span> <span class='ocrx_word' id='word_1_825' title='bbox 2472 4490 2787 4568; x_wconf 80' lang='lat' dir='ltr'><strong>Olympiae,</strong></span> <span class='ocrx_word' id='word_1_826' title='bbox 2810 4488 2991 4546; x_wconf 85' lang='lat' dir='ltr'><strong>schol.</strong></span> <span class='ocrx_word' id='word_1_827' title='bbox 3022 4490 3254 4549; x_wconf 82' lang='lat' dir='ltr'><strong>Pindari</strong></span> <span class='ocrx_word' id='word_1_828' title='bbox 3283 4492 3375 4550; x_wconf 92' lang='lat' dir='ltr'><strong>Ol.</strong></span> <span class='ocrx_word' id='word_1_829' title='bbox 3406 4494 3470 4566; x_wconf 83' lang='lat'><strong>3,</strong></span> 
     </span>
     <span class='ocr_line' id='line_1_105' title="bbox 1940 4568 3471 4659; baseline 0 -20"><span class='ocrx_word' id='word_1_830' title='bbox 1940 4583 2016 4639; x_wconf 90' lang='lat'><strong>60</strong></span> <span class='ocrx_word' id='word_1_831' title='bbox 2039 4609 2053 4644; x_wconf 90' lang='lat'>:</span> <span class='ocrx_word' id='word_1_832' title='bbox 2074 4580 2415 4658; x_wconf 24' lang='lat' dir='ltr'><strong>ebtlluivflctov</strong></span> <span class='ocrx_word' id='word_1_833' title='bbox 2436 4579 2677 4657; x_wconf 71' lang='grc' dir='ltr'><strong>(πάνθιον</strong></span> <span class='ocrx_word' id='word_1_834' title='bbox 2726 4578 2967 4651; x_wconf 79' lang='lat' dir='ltr'><strong>codex),</strong></span> <span class='ocrx_word' id='word_1_835' title='bbox 2995 4580 3050 4635; x_wconf 79' lang='grc' dir='ltr'><strong>ἐν</strong></span> <span class='ocrx_word' id='word_1_836' title='bbox 3079 4568 3124 4659; x_wconf 77' lang='grc' dir='ltr'>ᾧ</span> <span class='ocrx_word' id='word_1_837' title='bbox 3151 4577 3471 4659; x_wconf 75' lang='grc' dir='ltr'><strong>πεφύτευται</strong></span> 
     </span>
     <span class='ocr_line' id='line_1_106' title="bbox 1937 4664 3469 4751; baseline 0.001 -24"><span class='ocrx_word' id='word_1_838' title='bbox 1937 4674 1972 4742; x_wconf 79' lang='grc' dir='ltr'><strong>ἡ</strong></span> <span class='ocrx_word' id='word_1_839' title='bbox 2003 4669 2155 4727; x_wconf 76' lang='grc' dir='ltr'><strong>ἐλαία</strong></span> <span class='ocrx_word' id='word_1_840' title='bbox 2175 4716 2190 4743; x_wconf 91' lang='grc'><strong>,</strong></span> <span class='ocrx_word' id='word_1_841' title='bbox 2218 4668 2285 4744; x_wconf 80' lang='grc' dir='ltr'><strong>ἣν</strong></span> <span class='ocrx_word' id='word_1_842' title='bbox 2315 4665 2495 4747; x_wconf 90' lang='grc' dir='ltr'><strong>δρέπει</strong></span> <span class='ocrx_word' id='word_1_843' title='bbox 2518 4664 2822 4750; x_wconf 78' lang='grc' dir='ltr'><strong>ἀμφιθαλὴς</strong></span> <span class='ocrx_word' id='word_1_844' title='bbox 2847 4675 2968 4732; x_wconf 87' lang='grc' dir='ltr'><strong>παῖς</strong></span> <span class='ocrx_word' id='word_1_845' title='bbox 2997 4669 3178 4747; x_wconf 75' lang='grc' dir='ltr'><strong>χρυσῷ</strong></span> <span class='ocrx_word' id='word_1_846' title='bbox 3205 4667 3469 4751; x_wconf 78' lang='grc' dir='ltr'><strong>δρεπάνῳ,</strong></span> 
     </span>
     <span class='ocr_line' id='line_1_107' title="bbox 1938 4752 3468 4836; baseline 0 -18"><span class='ocrx_word' id='word_1_847' title='bbox 1938 4759 2160 4825; x_wconf 76' lang='grc' dir='ltr'><strong>κλάδους</strong></span> <span class='ocrx_word' id='word_1_848' title='bbox 2189 4760 2248 4827; x_wconf 83' lang='grc' dir='ltr'><strong>ιζ’</strong></span> <span class='ocrx_word' id='word_1_849' title='bbox 2272 4755 2480 4836; x_wconf 87' lang='grc' dir='ltr'><strong>τέμνων</strong></span> <span class='ocrx_word' id='word_1_850' title='bbox 2501 4800 2518 4829; x_wconf 91' lang='grc'><strong>,</strong></span> <span class='ocrx_word' id='word_1_851' title='bbox 2547 4754 2647 4815; x_wconf 83' lang='grc' dir='ltr'><strong>ὅσα</strong></span> <span class='ocrx_word' id='word_1_852' title='bbox 2670 4753 2760 4816; x_wconf 73' lang='grc' dir='ltr'><strong>καὶ</strong></span> <span class='ocrx_word' id='word_1_853' title='bbox 2794 4752 2864 4814; x_wconf 76' lang='grc' dir='ltr'><strong>τὰ</strong></span> <span class='ocrx_word' id='word_1_854' title='bbox 2900 4756 3278 4835; x_wconf 74' lang='grc' dir='ltr'><strong>ἀγωνίσματαε</strong></span> <span class='ocrx_word' id='word_1_855' title='bbox 3309 4770 3368 4815; x_wconf 88' lang='lat' dir='ltr'><strong>et</strong></span> <span class='ocrx_word' id='word_1_856' title='bbox 3395 4761 3468 4818; x_wconf 82' lang='lat' dir='ltr'><strong>ad</strong></span> 
     </span>
     <span class='ocr_line' id='line_1_108' title="bbox 1940 4843 3465 4927; baseline -0.003 -17"><span class='ocrx_word' id='word_1_857' title='bbox 1940 4853 1996 4924; x_wconf 83' lang='lat'><strong>8,</strong></span> <span class='ocrx_word' id='word_1_858' title='bbox 2031 4869 2096 4908; x_wconf 73' lang='grc' dir='ltr'><strong>ια</strong></span> <span class='ocrx_word' id='word_1_859' title='bbox 2124 4869 2138 4905; x_wconf 77' lang='lat' dir='ltr'><strong><em>z</em></strong></span> <span class='ocrx_word' id='word_1_860' title='bbox 2167 4848 2295 4927; x_wconf 81' lang='grc' dir='ltr'><strong>πρὸς</strong></span> <span class='ocrx_word' id='word_1_861' title='bbox 2316 4846 2444 4904; x_wconf 77' lang='grc' dir='ltr'><strong>αὐτὸ</strong></span> <span class='ocrx_word' id='word_1_862' title='bbox 2469 4845 2530 4904; x_wconf 84' lang='grc' dir='ltr'><strong>τὸ</strong></span> <span class='ocrx_word' id='word_1_863' title='bbox 2551 4850 2646 4917; x_wconf 68' lang='grc' dir='ltr'><strong>τῆς</strong></span> <span class='ocrx_word' id='word_1_864' title='bbox 2685 4844 2856 4917; x_wconf 84' lang='grc' dir='ltr'><strong>Πίσης</strong></span> <span class='ocrx_word' id='word_1_865' title='bbox 2887 4844 3047 4911; x_wconf 79' lang='grc' dir='ltr'><strong>ἄλσος</strong></span> <span class='ocrx_word' id='word_1_866' title='bbox 3079 4843 3400 4923; x_wconf 79' lang='grc' dir='ltr'><strong>διαλέγεται,</strong></span> <span class='ocrx_word' id='word_1_867' title='bbox 3430 4848 3465 4922; x_wconf 76' lang='grc' dir='ltr'>ἢ</span> 
     </span>
     <span class='ocr_line' id='line_1_109' title="bbox 1935 4933 3465 5021; baseline -0.001 -22"><span class='ocrx_word' id='word_1_868' title='bbox 1935 4938 2061 5021; x_wconf 85' lang='grc' dir='ltr'><strong>πρὸς</strong></span> <span class='ocrx_word' id='word_1_869' title='bbox 2085 4935 2147 4996; x_wconf 75' lang='grc' dir='ltr'><strong>τὸ</strong></span> <span class='ocrx_word' id='word_1_870' title='bbox 2181 4936 2439 4997; x_wconf 77' lang='grc' dir='ltr'><strong>Πάνθειαν</strong></span> <span class='ocrx_word' id='word_1_871' title='bbox 2482 4933 2718 5013; x_wconf 81' lang='grc' dir='ltr'><strong>(πάνθιον</strong></span> <span class='ocrx_word' id='word_1_872' title='bbox 2746 4933 2972 5010; x_wconf 88' lang='lat' dir='ltr'><strong>codex),</strong></span> <span class='ocrx_word' id='word_1_873' title='bbox 3016 4933 3147 4993; x_wconf 81' lang='grc' dir='ltr'><strong>ὅπου</strong></span> <span class='ocrx_word' id='word_1_874' title='bbox 3190 4936 3246 4992; x_wconf 79' lang='grc' dir='ltr'><strong>αἱ</strong></span> <span class='ocrx_word' id='word_1_875' title='bbox 3290 4937 3465 4997; x_wconf 79' lang='grc' dir='ltr'><strong>ἐλαῖαι</strong></span> 
     </span>
     <span class='ocr_line' id='line_1_110' title="bbox 1937 5024 3462 5113; baseline 0 -25"><span class='ocrx_word' id='word_1_876' title='bbox 1937 5030 2164 5113; x_wconf 87' lang='grc' dir='ltr'><strong>φύονται.</strong></span> <span class='ocrx_word' id='word_1_877' title='bbox 2183 5027 2274 5087; x_wconf 91' lang='lat' dir='ltr'><strong>lb.</strong></span> <span class='ocrx_word' id='word_1_878' title='bbox 2296 5024 2449 5086; x_wconf 85' lang='grc' dir='ltr'><strong>καλλ.</strong></span> <span class='ocrx_word' id='word_1_879' title='bbox 2468 5025 2524 5085; x_wconf 77' lang='grc' dir='ltr'><strong>δὲ</strong></span> <span class='ocrx_word' id='word_1_880' title='bbox 2544 5027 2781 5087; x_wconf 78' lang='grc' dir='ltr'><strong>καλεῖται</strong></span> <span class='ocrx_word' id='word_1_881' title='bbox 2803 5031 3088 5105; x_wconf 81' lang='lat' dir='ltr'><strong>Reg.-19</strong></span> <span class='ocrx_word' id='word_1_882' title='bbox 3103 5024 3272 5105; x_wconf 84' lang='grc' dir='ltr'><strong>ταύτῃ</strong></span> <span class='ocrx_word' id='word_1_883' title='bbox 3284 5029 3462 5088; x_wconf 76' lang='lat' dir='ltr'><strong>Paris.</strong></span> 
     </span>
    </p>
   </div>
  </div>
 </body>
</html>
