3859 5725
397 217 511 303 aas

1518 256 1903 321 SCHOLIA
1954 264 2045 322 ΙΝ
2099 266 2474 332 PLUTUM.

387 365 706 445 νομίσμασι,
733 368 799 427 ἵν’
823 368 949 430 ὅταν
969 381 1238 460 καταστῇς
1274 381 1347 447 εἰς
1369 381 1560 463 κρίσιν,
1599 394 1945 470 συνηγοροῦν-
2040 392 2292 476 κέκλοφα.
2322 430 2389 439 -
2419 401 2514 460 οὐκ
2544 421 2558 461 :
2592 400 2755 485 Ὄψει
2783 404 2876 484 ἐμὲ
2911 407 3073 477 οὕτως
3102 410 3321 493 ἔχοντα,
3354 420 3585 504 δυστυχέ-

382 478 479 524 τας
502 455 688 525 αὐτοὺς
712 458 837 539 ἔχῃς
863 461 950 520 διὰ
980 461 1076 536 τὴν
1110 466 1442 548 δωροδοκίαν.
1473 484 1531 532 Θ.
1560 487 1662 536 Dv.
1691 487 1759 536 Ρ.

462 578 561 618 380.
604 559 870 639 εἰρωνικὸν
889 566 1061 620 τοῦτο.
1072 565 1143 624 Θ.
1168 577 1265 623 Dv.
1289 578 1351 624 P.
1379 567 1540 651 φίλως
1565 594 1583 635 .·
1613 578 1945 663 Προσφιλῶς.

382 650 453 709 Θ.
485 660 542 708 G.
573 659 635 708 P.
666 651 1069 726 ἐπιθυμητυιῶς.
1099 653 1153 708 ἐν
1183 654 1437 738 εἰρωνεία.
1466 671 1527 718 v.

2038 504 2214 545 στατε.
2242 505 2304 550 θ.
2342 499 2442 549 Dv.
2474 501 2536 548 P.
2565 492 2826 571 χρηστοὺς
2855 515 2869 554 :
2902 495 3161 575 Ἀγαθούς.
3195 515 3256 564 Ρ.

2118 591 2215 635 387.
2260 575 2530 658 σώφρονας
2572 600 2586 638 :
2617 580 2937 651 Εὗτάκτους.
2972 599 3034 645 Ρ.
3073 588 3164 646 καὶ
3201 590 3317 659 τοὺς
3357 595 3584 666 δικαίως.

2035 678 2096 723 Θ.
2127 661 2348 745 σώφρων
2375 662 2583 740 λέγεται
2609 668 2798 749 κυρίως
2832 674 2862 729 ὁ
2891 673 3116 745 εὔλαόὴς
3140 675 3423 759 ἄνθρωπος.
3446 683 3586 763 λέγε.

292 795 296 800 .
327 764 355 801 ο
460 766 557 810 38ι.
604 755 736 823 μνᾶς
766 765 780 806 :
808 747 1024 827 Λίτρας.
1064 749 1339 819 ἀναλώσας
1375 774 1390 814 :
1432 756 1760 832 Ἐξοδιάσας.
1799 766 1943 846 λογί-
2031 772 2119 807 ται
2156 749 2377 833 σώφρων
2406 753 2496 811 καὶ
2524 757 2554 811 ὁ
2581 755 2723 814 σώαν
2755 756 2891 837 ἔχων
2919 757 3015 832 τὴν
3045 761 3312 844 φρόνησιν,
3342 768 3395 838 ἐξ
3423 762 3480 828 οὗ
3502 773 3582 831 καὶ
3606 790 3630 831 ε

378 841 573 896 σασθαι
599 856 614 896 :
645 835 977 917 Λογαριάσαι
1004 840 1152 915 ἡμῖν.
1184 841 1255 898 Θ.
1280 851 1377 900 Dv.
1406 855 1472 906 Ρ.

454 952 550 995 889.
595 932 711 992 ἀντὶ
736 938 827 992 τοῦ
859 931 1060 1015 ὄψομαι
1098 925 1210 992 εἷπε
1246 937 1306 997 τὸ
1347 944 1469 1020 ὁρῶ.
1509 955 1567 1005 R.
1596 957 1652 1005 V.
1690 949 1939 1011 καθεδού-

376 1043 531 1100 μονον
554 1042 569 1081 :
601 1019 915 1088 Καθίζοντα.
945 1033 1008 1081 Ρ.

453 1137 550 1177 388.
617 1116 913 1198 (ἱκετηρίαν
970 1117 1160 1198 ἔχοντα
1207 1140 1221 1178 :
1280 1121 1545 1208 Ἱκετηρία
1595 1131 1707 1191 ἐστὶ
1750 1133 1939 1203 κλάδος

295 1220 346 1261 lo
373 1205 550 1274 ἐλαίας
568 1205 692 1288 ἐρίῳ
713 1206 1088 1286 πεπλεγμένος.
1115 1211 1163 1267 οἱ
1185 1208 1288 1290 γὰρ
1312 1214 1627 1286 ἱκετεύοντες
1656 1221 1814 1281 αὐτὸν
1837 1246 1939 1281 κα-

333 1346 345 1361 ,
368 1298 544 1374 τεῒχον
571 1293 660 1353 τὸν
687 1294 937 1375 κλάδον.)
974 1325 1044 1335 ·--
1078 1297 1346 1379 ἱκετηρίαν
1389 1322 1405 1361 z
1449 1306 1662 1366 Κλάδον
1702 1311 1935 1385 ἱκετικὴν

368 1388 677 1464 κρατοῦντα.
699 1393 763 1443 Ρ.

446 1491 542 1531 384.
587 1470 826 1531 διοίσοντ’
854 1491 869 1532 :
903 1472 1171 1555 Διαφορὰν
1205 1473 1406 1544 ἕξοντα.
1438 1483 1509 1542 Θ.
1538 1492 1601 1543 Ρ.

445 1599 542 1639 885.
586 1578 719 1659 [τῶν
752 1577 1038 1659 Παμφίλου
1065 1600 1080 1640 2
1112 1579 1182 1642 ‘O
1218 1581 1502 1665 Πάμφιλος
1529 1581 1676 1659 οὗτος
1702 1595 1932 1677 γραφεὺς

291 1678 338 1720 15
363 1658 455 1740 ἦν·
502 1665 698 1749 ἔγραψε
741 1665 796 1726 δὲ
831 1666 951 1735 τοὺς
988 1667 1338 1750 Ἡρακλείδας
1364 1674 1689 1747 ἱκετεύοντας
1724 1682 1932 1760 [εὐθέως

364 1756 449 1834 P.]
477 1754 611 1832 μετὰ
649 1754 856 1814 κλάδων
894 1749 1133 1828 ἐλαίνων,
1167 1755 1253 1816 ὅτε
1279 1760 1465 1830 αὖτοὺς
1493 1766 1553 1823 ἐκ
1588 1769 1930 1844 Πελοποννή-

362 1867 454 1903 σου
492 1843 791 1915 ἀπήλασαν.
829 1844 1068 1925 ἱκετηρία
1110 1844 1168 1905 δέ
1208 1849 1320 1907 ἐστι
1353 1851 1545 1920 κλάδος
1586 1855 1765 1925 ἐλαίας
1805 1860 1928 1943 ἐρίῳ

356 1934 528 2013 λευκῷ
559 1931 978 2013 περιειλημένος,
1005 1938 1077 2008 ὡς
1107 1934 1450 2019 Πλούταρχος
1475 1943 1526 2000 ἐν
1552 1945 1928 2024 Παραλλήλοις

358 2030 377 2095 [
389 2031 531 2081 Thea.
551 2044 594 2080 c.
625 2029 693 2094 18]
728 2020 857 2102 φησί
869 2045 882 2058 ·
916 2028 1354 2103 καταχρηστικῶς
1376 2025 1430 2086 δὲ
1452 2028 1542 2087 καὶ
1562 2039 1709 2090 πᾶσα
1730 2035 1922 2098 ἱκεσία.

276 2125 328 2164 20
357 2113 588 2192 ἐχρῶντο
624 2108 679 2167 δὲ
711 2104 901 2190 ἐλαΐνῳ
938 2109 1146 2192 κλάδῳ,
1169 2109 1257 2170 ἵνα
1295 2112 1380 2172 διὰ
1409 2115 1594 2175 τούτου
1618 2118 1747 2200 πρὸς
1778 2120 1923 2183 ἔλεον

351 2196 469 2265 τοὺς
493 2195 741 2264 δικαστὰς
765 2195 978 2258 ἕλκωσι.
1003 2209 1097 2254 Dv.
1138 2197 1228 2279 P.]

429 2305 533 2361 τῶν
582 2302 872 2383 Παμφίλου
920 2323 935 2364 :
976 2302 1291 2384 [Πάμφιλος
1337 2308 1608 2392 ζωγράφος
1653 2303 1735 2386 ἦν,
1784 2313 1923 2384 ὅστις

349 2387 467 2457 τοὺς
513 2388 860 2470 Ἡρακλείδας
891 2391 1117 2473 ἔγραψεν
1151 2392 1478 2463 ἱκετεύοντας
1513 2397 1601 2457 τὸν
1629 2403 1731 2459 τῶν
1763 2402 1922 2476 Ἀθη-

347 2476 507 2536 ναίων
540 2477 755 2560 δῆμον]
788 2477 941 2556 (μετὰ
980 2476 1085 2560 γὰρ
1122 2479 1342 2540 θάνατον
1387 2481 1709 2563 Ἡρακλέους
1749 2490 1922 2573 Εὖρυ-
2010 2501 2235 2579 ματικὸν
2259 2501 2374 2561 ἀντὶ
2399 2509 2490 2563 τοῦ
2517 2507 2685 2568 ποῖον.
2718 2520 2770 2568 0.
3601 2544 3645 2581 ει
3765 2561 3766 2592 2

266 2584 318 2621 25
348 2563 494 2633 σθεὶις
516 2562 693 2624 διώκει
714 2565 830 2633 τοὺς
852 2564 1204 2646 Ἡρακλείδας
1219 2611 1235 2639 ,
1261 2567 1347 2626 διὰ
1367 2569 1427 2628 τὸ
1455 2571 1583 2653 πρὸς
1610 2574 1699 2632 τὸν
1721 2575 1920 2659 [Ἡρα-

345 2652 474 2711 κλέα
502 2652 589 2712 τὸν
617 2652 845 2726 ἐκείνων]
878 2653 1084 2732 πατέρα
1118 2654 1367 2736 ἐμφύλιον
1397 2666 1561 2735 μῖσος.
1595 2660 1792 2736 ταύτην
1821 2664 1919 2738 τὴν

344 2741 577 2822 ἱστορίαν
611 2741 808 2824 ἔγραψε
852 2742 1135 2823 Πάμφιλος
1174 2745 1461 2826 ζωγράφος·
1505 2748 1643 2808 κατὰ
1679 2750 1737 2809 δέ
1774 2777 1919 2822 τινας

342 2829 588 2909 τραγικὸς
624 2821 709 2905 ἦν,
752 2829 806 2898 ὃς
846 2828 943 2904 τὴν
979 2834 1084 2890 τῶν
1123 2830 1482 2914 Ἡρακλειδῶν
1524 2835 1691 2918 τύχην
1738 2864 1916 2924 χαρα-

343 2923 498 3001 κτῆρι
537 2919 865 3001 ὑφηγήσατο.
987 2916 1207 2988 Ἄλλως.
1249 2922 1536 3006 Πάμφιλον
1570 2926 1666 3004 μὲν
1704 2930 1911 2990 Καλλί-

258 3034 317 3073 :30
342 3030 562 3087 στρατος
601 3007 692 3066 καὶ
734 3007 1021 3090 Εὐφρόνιος
1051 3011 1355 3090 τραγῳδιῶν
1392 3013 1618 3086 ποιητήν
1649 3038 1778 3097 φασι
1823 3019 1913 3079 καὶ

342 3094 544 3164 διδάξαι
605 3095 975 3177 Ἡρακλείδας.
1040 3096 1108 3155 τὰ
1169 3096 1224 3157 δὲ
1287 3098 1406 3159 λίαν
1471 3103 1912 3183 ἐπιτετηδευμένα

340 3183 698 3263 ὑπομνήματα
750 3184 1007 3257 διστάζει,
1053 3184 1272 3266 πότερον
1319 3190 1563 3268 τραγικὸς
1608 3193 1830 3266 ποιητὴς
1875 3195 1912 3266 ἦ

338 3272 631 3354 ζωγράφος,
660 3271 716 3331 ὃν
744 3272 1148 3351 καθηγήσασθαί
1172 3298 1327 3358 φασιν
1354 3276 1623 3338 Ἀπελλοῦ.
1654 3283 1706 3340 ἐν
1733 3282 1911 3358 μέντοι

335 3365 449 3427 ταῖς
481 3360 857 3428 Διδασκαλίαις
882 3361 987 3443 πρὸ
1012 3361 1210 3421 τούτων
1245 3366 1349 3421 τῶν
1382 3364 1584 3445 χρόνων
1627 3368 1910 3450 Πάμφιλος

253 3471 308 3510 85
336 3447 501 3515 οὐδεὶς
530 3446 741 3529 φέρεται
777 3448 1041 3530 τραγικός.
1069 3449 1243 3533 γραφὴ
1277 3450 1453 3528 μέντοι
1486 3454 1626 3513 ἐστὶν
1654 3459 1702 3515 οἱ
1737 3457 1907 3540 Ἡρα-

334 3537 536 3594 κλεῖδαι
564 3536 654 3595 καὶ
696 3536 963 3614 Ἀλκμήνη
992 3537 1085 3595 καὶ
1126 3538 1446 3619 Ἡρακλέους
1483 3542 1713 3622 θυγάτηρ
1757 3546 1909 3620 Ἀθη-

332 3623 507 3691 ναίους
534 3622 876 3696 ἱκετεύοντες,
902 3624 1175 3706 Εὐρυσθέα
1201 3626 1450 3700 δεδιότες,
1474 3627 1590 3699 ἥτις
1619 3633 1905 3714 Παμφίλου

332 3713 428 3770 οὐκ
455 3710 613 3783 ἔστιν,
641 3709 711 3778 ὥς
739 3735 914 3793 φασιν,
944 3712 1061 3770 ἀλλ’
1091 3712 1502 3795 Ἀπολλοδώρου.
1534 3719 1562 3774 ὁ
1590 3717 1645 3775 δὲ
1675 3719 1905 3801 Πάμφι-

331 3803 444 3873 λος,
475 3800 570 3879 [ὡς
593 3798 759 3871 ἔοικε,
785 3799 899 3878 καὶ]
923 3799 1168 3882 νεώτερος
1189 3793 1253 3874 ἦν
1287 3801 1697 3884 Ἀριστοφάνους.
1782 3806 1902 3868 Ἄλ-

250 3924 303 3962 4„
331 3891 474 3967 λως.)
505 3881 651 3957 οὗτος
683 3889 1083 3970 τραγῳδοποιός·
1113 3889 1308 3972 ἔγραψε
1337 3890 1391 3950 δὲ
1414 3892 1529 3960 τοὺς
1558 3893 1905 3975 Ἡρακλείδας

329 3976 598 4057 ἱκετηρίαν
657 3975 890 4057 ἔχοντας·
932 3980 960 4035 ὁ
1004 3977 1106 4058 γὰρ
1152 3980 1448 4058 Εὐρυσθεὺς
1501 3980 1636 4059 μετὰ
1681 3982 1901 4045 θάνατον

330 4064 652 4148 Ἡρακλέους
676 4064 795 4133 τοὺς
832 4065 1181 4147 Ἡρακλείδας
1215 4066 1426 4141 ἐδίωξε,
1459 4069 1551 4128 καὶ
1587 4062 1728 4130 οὗτοι
1765 4071 1899 4149 μετὰ

327 4159 420 4224 τῆς
447 4153 742 4233 Ἀλκμήνης
769 4156 1139 4235 παρεκάλεσαν
1168 4154 1289 4223 τοὺς
1309 4156 1610 4229 ’Ἀθηναίους
1639 4163 1899 4237 βοηθῆσαι

327 4244 534 4314 αὐτοῖς,
578 4241 707 4324 ὅπερ
748 4242 840 4302 καὶ
879 4242 1102 4322 ἐγένετο.
1150 4241 1218 4302 τὰ
1260 4235 1348 4303 οὗν
1399 4243 1677 4322 συμὸάντα
1724 4249 1898 4317 αὐτοῖς

246 4370 299 4408 45
328 4331 596 4414 ζωγράφος
633 4355 711 4398 τις
749 4331 1033 4412 Πάμφιλος
1069 4332 1336 4403 Ἀθηναῖος
1374 4336 1445 4399 εἷς
1470 4331 1568 4405 τὴν
1598 4334 1755 4394 στοὰν
1792 4340 1896 4395 τῶν

329 4418 612 4493 Ἀθηναίων
641 4419 866 4501 ἔγραψε,
895 4418 986 4477 καὶ
1030 4419 1217 4487 αὐτοὺς
1244 4420 1587 4488 ἱκετεύοντας.
1625 4428 1780 4484 τοῦτο
1807 4416 1894 4484 οῧν

327 4508 500 4585 λέγει,
529 4505 610 4565 ὅτι
638 4511 686 4566 οἱ
724 4508 1194 4587 καταδικαζόμενοι
1236 4507 1370 4587 μετὰ
1413 4512 1517 4567 τῶν
1553 4511 1777 4571 παιδίων
1804 4513 1896 4571 καὶ

324 4598 428 4653 τῶν
455 4598 715 4673 γυναικῶν
739 4599 1135 4676 παρακαλοῦσιν
1160 4596 1565 4677 ἐλευθερωθῆναι
1586 4604 1677 4657 τοῦ
1706 4600 1893 4679 ἐγκλή-

369 4707 506 4750 ατος.

326 4707 367 4761 μ
402 4802 498 4842 386.
543 4783 665 4854 οὐκ,
691 4770 736 4840 ώ
770 4780 1093 4859 κακόδαιμον
1119 4802 1134 4842 ε
1168 4785 1236 4843 Εἰ
1270 4779 1394 4863 γὰρ,
1423 4784 1494 4849 ὡς
1522 4780 1586 4840 σὺ
1617 4781 1741 4863 φῂς,
1771 4786 1890 4842 ἔκε-

324 4871 552 4954 κλόφειν,
590 4871 784 4952 φαῦλος
815 4870 879 4929 ἂν
906 4862 971 4943 ἦν
999 4870 1088 4930 τὸν
1115 4869 1323 4951 τρόπον·
1366 4872 1560 4952 φαῦλος
1588 4869 1642 4928 δὲ
1679 4869 1770 4945 ὧν,
1798 4875 1893 4931 οὐκ

326 4960 389 5019 ἂν
417 4957 684 5041 παρέσχον
715 4959 861 5040 ἄλλῳ
890 4959 1010 5020 τινί.
1043 4965 1130 5019 νῦν
1160 4958 1215 5018 δὲ
1244 4968 1350 5026 τοῖς
1376 4968 1624 5040 χρηστοῖς
1654 4983 1891 5042 προῃρη-

323 5049 474 5128 μένος
501 5048 706 5115 δοῦναι,
738 5047 895 5120 δῆλον
924 5046 1003 5106 ὅτι
1038 5046 1228 5125 ἀγαθός
1256 5049 1379 5125 εἶμι·
1415 5050 1459 5106 εἷ
1496 5046 1549 5106 δὲ
1580 5047 1801 5125 ἀγαθὸς,
1828 5051 1888 5108 οὗ

244 4835 297 4871 50

2032 838 2337 919 σωφροσύνη
2362 844 2396 912 ἡ
2423 844 2529 900 τῶν
2555 847 2752 923 φρενῶν
2781 847 3110 928 ἀκεραιότης.
3142 863 3198 912 Ρ.

2107 944 2205 986 388.
2250 927 2446 1008 ἀπαρτί
2477 948 2492 988 2
2524 929 2863 1006 (Ὀξυτόνως,
2895 935 3011 994 ἀντὶ
3038 943 3130 996 τοῦ
3158 941 3583 1024 ἀπηρτισμένως)

2026 1012 2295 1095 ἐπίρρημα
2343 1015 2400 1074 δέ
2432 1020 2572 1076 ἐστιν
2600 1021 2669 1086 ὡς
2697 1022 2955 1099 ἀμογητὶ,
2984 1024 3132 1108 παρὰ
3169 1027 3232 1086 τὸ
3261 1031 3582 1109 ἀπηρτισμέ-

2025 1122 2111 1158 νον
2146 1101 2240 1160 καὶ
2265 1104 2479 1183 πλῆρες.
2520 1104 2777 1185 κέχρηται
2814 1107 2872 1167 δὲ
2899 1112 3041 1192 αὐτῷ
3079 1112 3356 1194 Ἡρόδοτος
3389 1119 3464 1197 [9,
3495 1120 3583 1198 188]

2024 1186 2217 1266 λέγων,
2251 1219 2273 1242 ιι
2296 1190 2403 1249 ἀπὸ
2427 1190 2615 1253 τούτου
2634 1194 2735 1254 εἶσὶ
2763 1196 2968 1256 στάδιοι
2995 1201 3037 1258 ο’
3064 1202 3282 1283 ἀπαρτί.
3313 1231 3338 1256 x·
3367 1207 3458 1263 καὶ
3481 1210 3582 1267 Φε-
3610 1225 3650 1264 w
3765 1219 3766 1270 ὲ

2025 1276 2280 1358 ρεκράτης
2320 1280 2376 1337 ἐν
2413 1281 2789 1360 Κραπατάλοις
2829 1312 2855 1336 «ι
2898 1287 3097 1366 φράσον
3139 1313 3248 1367 μοι.
3291 1294 3492 1372 ἀπαρτὶ
3529 1293 3585 1366 δή

2023 1387 2127 1424 που
2154 1367 2476 1447 προσλαὸεῖν
2507 1396 2532 1421 ιο
2565 1371 2885 1450 (συνωνυμεῖ
2903 1379 2938 1445 ἡ
2962 1375 3112 1445 λέξις·
3136 1377 3241 1438 ἔσθ’
3267 1378 3352 1438 ὅτε
3377 1381 3479 1464 γὰρ
3503 1384 3584 1441 καὶ

2019 1453 2261 1532 χρονικὸν
2294 1454 2564 1538 ἐπίρρημα
2602 1459 2756 1531 δηλοῖ
2783 1465 2855 1528 ὣς
2871 1462 2962 1522 καὶ
2984 1465 3376 1547 Καλλίμαχος.)
3403 1505 3485 1514 -
3502 1470 3586 1529 καὶ

2022 1539 2253 1600 Πλάτων
2279 1550 2415 1614 [Lys.
2453 1568 2503 1617 p.
2530 1564 2637 1618 215,
2686 1554 2748 1619 C]
2777 1548 2864 1607 ἐπὶ
2889 1554 2980 1609 τοῦ
3004 1557 3096 1609 νῦν
3126 1580 3151 1604 ιι
3194 1554 3295 1626 ἤδη
3333 1555 3466 1614 ποτέ
3498 1580 3584 1615 σου

2021 1654 2045 1678 ι
2074 1628 2278 1699 ἤκουσα
2310 1628 2549 1708 λέγοντος
2577 1631 2669 1691 καὶ
2697 1633 2816 1714 ἄρτι
2854 1637 3342 1717 ἀναμιμνήσκομαι.
3370 1668 3394 1694 υ
3421 1649 3579 1702 ταῦτα
3608 1674 3647 1713 η

2018 1716 2079 1774 ἐκ
2096 1719 2200 1774 τῶν
2220 1714 2456 1795 Διδύμου
2470 1719 2593 1800 περὶ
2610 1721 2932 1803 διεφθορυίας
2945 1724 3150 1794 λέξεως.
3170 1739 3234 1788 V.
3258 1730 3584 1810 ἀπηρτισμέ-

2016 1825 2142 1875 νως,
2165 1803 2388 1871 τελείως.
2408 1809 2480 1868 Θ.
2504 1820 2602 1866 Dv.
2629 1820 2692 1869 P.
2720 1809 2829 1870 ἀπὸ
2852 1818 2944 1871 τοῦ
2967 1818 3079 1875 νῦν.
3108 1828 3171 1874 D.
3204 1826 3361 1875 Cant.
3385 1838 3434 1880 α.
3460 1842 3586 1878 νεω-

2016 1888 2120 1952 στί.
2154 1902 2209 1952 0.

2094 1998 2192 2039 389.
2235 1981 2306 2046 ὥς
2336 1985 2599 2039 κοινωνεῖν
2627 1982 2830 2051 πάντας
2859 1990 3097 2058 ποιῆσαι.
3122 2001 3219 2048 Dv.
3245 2001 3307 2049 P.
3765 2043 3766 2068 ¹

2091 2084 2190 2126 890.
2235 2068 2447 2135 ἀπολεῖς
2465 2088 2479 2128 :
2498 2071 2738 2149 Φθερεῖς.
2761 2072 3140 2154 οἰήσονται-γάρ
3158 2099 3307 2150 τινες,
3326 2081 3399 2146 ὥς
3417 2082 3583 2154 ἀληθῆ
3607 2107 3650 2145 20
3765 2073 3766 2100 ³

2012 2151 2198 2230 λέγεις.
2227 2156 2465 2227 ἀπολεῖς,
2490 2158 2586 2215 οὐκ
2618 2156 2805 2217 ἐθέλων
2837 2160 3059 2234 τάληθὲς
3090 2165 3273 2226 εἰπεῖν.
3308 2167 3527 2226 σεαυτὸν
3562 2188 3578 2227 :

2012 2242 2236 2300 Μᾶλλον
2260 2244 2488 2311 ἀπολεῖς.
2517 2255 2579 2305 Ρ.

2091 2346 2189 2388 391.
2236 2326 2471 2409 μόχθηρε
2501 2350 2516 2390 :
2545 2332 2715 2393 Κακέ.
2744 2345 2803 2392 Ρ.

2089 2432 2187 2473 892.
2233 2413 2343 2494 ἔχω
2374 2435 2388 2475 :
2417 2413 2720 2495 Κέκτημαι.
2747 2424 2926 2482 ὁποῖον
2959 2443 2975 2485 :
3002 2424 3253 2488 Ἀττικόν.
3281 2439 3345 2487 Ρ.
3379 2431 3578 2510 ἐρωτη-

2088 2610 2187 2651 394.
2232 2590 2357 2670 [οὐκ
2376 2595 2427 2658 ἐς
2445 2592 2676 2674 κόρακας
2693 2617 2707 2658 :
2728 2597 2903 2667 Τόπος
2927 2590 2992 2672 ἦν
3010 2603 3063 2659 ἕν
3086 2602 3325 2674 Ἀθήναις
3341 2605 3581 2686 κρημνώ·

2008 2679 2100 2750 δης
2127 2678 2363 2758 Κόρακες
2385 2680 2731 2761 καλούμενος,
2764 2685 2850 2745 διὰ
2873 2687 2934 2746 τὸ
2964 2689 3207 2771 κοράκων
3240 2684 3375 2752 εἶναι
3411 2718 3579 2754 κατα-

2005 2765 2214 2845 γώγιον·
2238 2769 2310 2836 εἰς
2341 2766 2398 2827 δν
2422 2768 2540 2837 τοὺς
2569 2772 2894 2854 κακούργους
2923 2774 3164 2857 ἔρριπτον
3202 2780 3303 2839 ὑπὸ
3339 2781 3578 2863 κοράκων

2006 2854 2522 2933 ἀναλωθησομένους·
2561 2858 2759 2941 ἐλήφθη
2801 2860 2855 2920 δὲ
2893 2866 2965 2932 εἰς
2998 2867 3288 2948 παροιμίαν
3319 2869 3412 2941 τὸ,
3453 2871 3578 2952 [ἔρρ’

2004 2944 2093 3021 Ρ.]
2116 2946 2166 3010 ἐς
2188 2943 2435 3023 κόρακας.
2471 2947 2612 3024 [ἀντὶ
2635 2954 2726 3007 τοῦ
2757 2950 2999 3010 ἀπελθὼν
3023 2953 3232 3033 φάνηθι.
3258 2958 3361 3035 Ρ.]
3387 2970 3485 3018 υτ.
3521 2970 3574 3019 P.
3598 2985 3644 3026 ιο

2003 3031 2098 3088 οὐκ
2119 3033 2168 3098 ἒς
2191 3030 2422 3112 κόρακας
2447 3033 2732 3116 τἈπέλθῃς
2749 3037 2841 3097 καὶ
2860 3038 3147 3120 ἀπελεύσῃ.
3171 3040 3233 3113 νὴ
3251 3042 3373 3110 τοὺς
3396 3044 3570 3112 osche:
3629 3070 3636 3077 ·

2002 3117 2130 3179 Ναί.
2157 3129 2223 3179 P.
2261 3164 2275 3179 .

2081 3225 2177 3267 898.
2223 3118 2383 3288 {vt-pb<
2401 3212 2493 3280 τῆς
2512 3207 2733 3278 Ἑστίας
2758 3231 2772 3272 :
2799 3212 2868 3273 ‘H
2890 3212 3080 3275 Ἑστία
3101 3216 3336 3300 θυγάτηρ
3350 3210 3418 3291 ἦν
3441 3220 3576 3301 Κρό-

1998 3317 2115 3367 νου,
2140 3294 2415 3375 καταρχὰς
2435 3294 2530 3368 τὴν
2554 3296 2724 3355 οἰκίαν
2749 3303 2999 3380 εὑροῦσα,
3030 3302 3095 3374 ἣν
3119 3303 3264 3371 ἐντὸς
3286 3308 3392 3364 τῶν
3417 3306 3571 3365 οἴκων

1998 3380 2242 3465 ἔγραφον,
2275 3380 2362 3441 ἵνα
2399 3382 2611 3452 τούτους
2638 3386 2831 3466 συνέχῃ
2846 3433 2862 3459 ,
2896 3387 2989 3446 καὶ
3026 3392 3131 3447 τῶν
3160 3390 3446 3452 οἰκούντων
3493 3393 3568 3467 εἴη
3594 3421 3640 3461 ³6

1996 3469 2181 3552 φύλαξ.
2207 3469 2344 3530 οὕτω
2364 3471 2455 3530 καὶ
2479 3470 2715 3552 ἐφέστιον
2738 3474 2842 3534 Δία
2865 3477 3133 3551 καλοῦσιν,
3157 3476 3215 3537 ὃν
3234 3481 3307 3546 εἷς
3329 3480 3569 3560 φυλακὴν

1994 3562 2099 3618 τῶν
2124 3558 2280 3618 οἴκων
2315 3559 2623 3641 γράφουσιν.
2658 3573 2795 3620 sunt.
2829 3560 3002 3622 ἕνεκεν
3036 3568 3198 3638 αὐτῆς
3219 3572 3314 3638 τῆς
3349 3568 3569 3637 Ἑστίας

1993 3652 2087 3719 τῆς
2114 3652 2253 3714 θεᾶς.
2284 3658 2347 3707 Ρ.
2375 3646 2593 3715 Ἑστίας
2623 3669 2638 3708 :
2675 3650 2928 3730 Περιττὸν
2950 3643 3013 3724 ἦν
3048 3655 3270 3713 ἐνταῦθα
3305 3654 3370 3714 τὸ
3402 3656 3567 3735 λέγω,

1994 3735 2073 3795 διὸ
2108 3734 2200 3795 καὶ
2229 3732 2480 3807 ἐξεὸλήθη
2525 3738 2649 3816 παρ’
2686 3737 2833 3814 ἐμοῦ.
2869 3738 3067 3820 ὀφείλει
3100 3739 3154 3800 δὲ
3187 3741 3298 3801 ἅνω
3332 3747 3568 3817 κεῖσθαι,

1994 3816 2100 3875 ἀπὸ
2122 3826 2294 3880 κοινοῦ
2317 3821 2421 3901 γὰρ
2443 3820 2656 3902 λέγεται
2680 3823 2786 3883 ἀπὸ
2811 3831 2902 3884 τοῦ
2926 3825 3112 3905 λέγεις.
3141 3829 3236 3910 Ρ.]
3588 3868 3639 3907 w

2072 3904 2169 3966 8οοῖ
2214 3908 2489 3968 θαλάττιον
2527 3930 2541 3968 2
2571 3910 2761 3980 Παίζει
2794 3912 2949 3973 αὐτὸν
2987 3916 3228 3976 ἐνταῦθα.
3266 3921 3342 3980 Θ.
3387 3935 3487 3982 Dv.
3509 3932 3567 3979 Ρ.

1991 3993 2168 4062 παίζει
2191 3994 2248 4054 δὲ
2271 4002 2439 4056 ταῦτα
2463 3996 2651 4075 λέγων.
2676 4010 2742 4059 V.

2070 4101 2168 4143 897.
2214 4083 2300 4143 διὰ
2332 4084 2392 4143 τὸ
2427 4083 2501 4163 μὴ
2537 4085 2814 4167 ἀνέχεσθαι
2845 4086 2937 4146 τὸν
2969 4089 3309 4170 Βλεψίδημον
3346 4095 3570 4153 ἀκοῦσαι

1989 4167 2140 4246 λόγον
2173 4170 2457 4253 ὁλόκληρον
2492 4174 2641 4254 παρὰ
2678 4174 2987 4253 Χρεμύλου,
3033 4176 3172 4237 ἀλλὰ
3215 4179 3306 4261 ἀφ’
3345 4180 3567 4241 ἕκαστον

1988 4256 2111 4325 ἔπος
2133 4258 2487 4340 περιτρίπτειν
2512 4261 2688 4333 αὐτὸν,
2718 4262 2961 4345 ἐμφαίνει
2988 4268 3016 4323 ὁ
3047 4265 3272 4339 ποιητὴς
3295 4265 3393 4340 τὴν
3419 4267 3566 4347 γνώ-
3589 4306 3634 4343 ⁴³

1989 4369 2095 4423 μην
2118 4350 2222 4405 τῶν
2245 4347 2631 4427 ἐπιθυμούντων
2655 4349 2890 4410 τίθεσθαί
2910 4375 2963 4411 τι
2986 4353 3132 4434 παρά
3158 4377 3268 4416 του.
3294 4367 3355 4417 Ρ.

2065 4452 2163 4493 898.
2209 4433 2522 4513 διαπέμπεις
2558 4436 2649 4494 καὶ
2680 4437 2812 4518 πρὸς
2846 4443 2992 4516 ἡμᾶς
3015 4439 3134 4509 τοὺς
3164 4441 3344 4522 φίλους
3379 4462 3394 4502 :
3431 4442 3563 4502 Ὅτι

1984 4523 2043 4580 οὗ
2082 4522 2451 4598 μετεστείλατο
2474 4523 2562 4583 τὸν
2597 4525 2953 4606 Βλεψίδημον·
2984 4528 3229 4601 ἀκηκοὼς
3270 4529 3325 4588 δὲ
3351 4522 3501 4601 ἦλθε.
3529 4535 3561 4601 ἡ

1985 4609 2039 4669 δὲ
2073 4609 2160 4669 διά
2188 4609 2305 4670 ἀντὶ
2340 4616 2430 4683 τῆς
2456 4611 2609 4688 μετά.
2637 4647 2717 4660 —
2739 4612 2857 4681 τοὺς
2889 4614 3068 4696 φίλους
3113 4638 3127 4678 :
3163 4616 3271 4678 Τὸν
3313 4619 3560 4678 Πλοῦτον

1983 4699 2099 4770 δηλ.
2127 4710 2192 4760 P·
3583 4745 3630 4783 ω

2062 4806 2159 4847 899.
2202 4785 2370 4868 τούτῳ
2397 4808 2412 4847 t
2442 4788 2536 4848 Ἐν
2560 4792 2636 4869 τῷ
2658 4788 2887 4872 πέμψαι.
2921 4802 2981 4852 R.
3008 4796 3084 4874 τῷ
3109 4792 3447 4870 διαπέμπειν.
3478 4794 3550 4854 Θ.

1987 4885 2074 4932 Dv.
2097 4885 2159 4931 P.

2060 4981 2157 5021 400.
2201 4964 2259 5020 οὗ
2274 4965 2352 5044 τῷ
2374 4962 2692 5040 μεταδοῦναι
2715 4983 2729 5022 :
2760 4965 3006 5037 Κατέστη
3026 4962 3094 5022 τὰ
3117 4964 3410 5047 πράγματα
3434 4966 3554 5039 δηλ.

1979 5050 2060 5108 δεῖ
2085 5069 2098 5110 :
2128 5048 2455 5129 Ἐνδέχεται.
2484 5049 2537 5108 τί
2562 5071 2576 5110 :
2605 5049 2930 5129 Ἐνδέχεται.
2959 5062 3019 5111 Ρ.
