3859 5725
1719 187 2001 254 Avium.

3301 209 3408 261 ⁴81

281 323 560 395 ἅλαζονεία.
607 325 749 401 Qum
793 324 1006 385 inserta
1049 334 1187 383 sunt
1233 341 1310 381 ex
1360 321 1556 382 Suidae
1591 320 1799 399 glossis
1892 319 1976 378 ait
2001 320 2202 379 solitos
2222 339 2345 380 esse
2374 335 2575 400 poetas
2597 325 2831 385 nomina
2857 326 2931 385 de
2955 326 3159 388 vicinis
3188 344 3418 392 mutua·

279 414 513 474 duabus.
537 420 722 473 Dum.

360 525 484 580 199,
514 506 588 562 23
624 501 659 575 ἢ
689 523 802 562 0111.
839 506 908 562 R.
928 538 992 553 --
1013 501 1088 559 26
1113 498 1270 581 φησὶν
1298 518 1413 556 0111.
1445 504 1517 556 V.

353 611 464 648 202
493 595 569 649 R.
604 592 726 650 haec
756 602 978 650 tantum
1007 586 1212 655 habet,
1244 583 1396 653 τόπος
1424 581 1709 666 σύμφυτος.

353 681 484 750 203,
525 699 601 756 ²9
627 677 783 738 Ἐπεὶ
809 682 845 750 ἡ
882 675 1099 758 Πρόκνη
1128 672 1333 753 γαμετὴ
1366 677 1523 734 αὐτοῦ
1556 662 1654 746 ἦν,
1681 671 1797 744 ἥτις

276 772 343 827 R.
364 799 425 815 -
442 768 516 826 30
542 771 615 834 εἷς
643 765 857 839 ἀηδόνα.
884 766 1128 824 Videtur
1167 765 1260 822 hic
1303 764 1637 822 scholiastes
1677 783 1796 840 pu-

277 869 413 929 tare,
437 860 699 915 Procnen
723 875 966 914 uxorem
991 853 1161 913 Terei
1188 853 1250 911 in
1277 853 1578 911 lusciniam
1606 863 1794 909 trans·

276 943 572 1014 formatam
606 943 808 1015 fuisse,
846 962 1026 1020 quum
1058 941 1132 1000 sit
1160 941 1424 1019 vulgata,
1463 952 1520 998 et
1570 939 1792 1012 melior,

274 1033 462 1102 credo,
492 1032 716 1110 opinio,
739 1051 867 1089 eam
907 1031 969 1088 in
1000 1028 1387 1103 hirundinem,
1414 1028 1791 1087 Philomelam

272 1137 407 1178 vero
441 1138 699 1178 sororem
743 1120 803 1176 in
848 1117 1178 1190 lusciniam,
1208 1128 1453 1175 mutatas
1489 1116 1662 1174 fuisse
1689 1137 1704 1172 z
1734 1128 1794 1173 et

272 1209 349 1266 sic
376 1207 611 1284 quidem
653 1226 727 1266 ex
758 1206 1007 1264 nominis
1047 1206 1344 1264 notatione
1379 1205 1531 1264 ratio
1563 1203 1787 1263 suadet.

270 1299 412 1355 Nam
438 1296 750 1354 Philomela
776 1293 992 1353 ἀπὸτοῦ
1030 1295 1196 1377 φιλεῖν
1223 1291 1291 1351 τὰ
1322 1291 1461 1371 μέλη
1494 1292 1651 1351 dicta
1677 1304 1791 1365 est,

268 1382 418 1460 quod
448 1383 698 1444 lusciniae
723 1383 989 1462 apprime
1015 1383 1318 1453 convenit3
1341 1401 1471 1459 quae
1498 1393 1556 1439 ct
1583 1380 1713 1460 plus
1735 1391 1793 1439 et

270 1471 446 1546 multo
497 1471 701 1530 melius
749 1471 931 1545 canit,
981 1489 1152 1546 quam
1211 1488 1567 1546 quaecunque
1612 1469 1794 1527 altera

268 1561 423 1633 avis;
451 1561 613 1622 nullo
646 1558 821 1618 modo
861 1577 1000 1617 vero
1036 1557 1366 1632 hirundini,
1421 1577 1546 1637 quae
1587 1576 1790 1616 vocem

268 1647 502 1722 exilem,
558 1666 789 1705 raucam
825 1658 884 1703 et
926 1645 1163 1704 minime
1199 1657 1423 1723 gratam
1465 1645 1708 1719 emittit,
1735 1657 1793 1704 et

266 1738 457 1812 plures
480 1755 551 1794 ex
573 1735 824 1812 antiquis
843 1733 923 1793 ita
942 1746 1310 1793 censuerunt.
1333 1735 1597 1812 Hyginus
1618 1746 1791 1806 certe,

267 1823 367 1901 qui
408 1823 480 1882 de
531 1823 739 1883 fabulis
774 1842 849 1880 ex
894 1822 1156 1900 professo
1198 1823 1463 1900 scripsit,
1508 1842 1637 1900 cap.
1680 1840 1791 1904 1111*

265 1931 386 1970 eam
416 1923 596 1969 totam
626 1909 877 1970 fabulam
922 1921 1136 1982 narrat,
1181 1921 1240 1966 et
1283 1913 1546 1968 Procnen
1588 1909 1647 1967 in
1689 1909 1788 1967 hi-

264 1999 585 2074 rundinem,
613 1998 980 2058 Philomelam
1008 1998 1070 2055 in
1092 1997 1388 2056 lusciniam
1420 2010 1669 2056 mutatas
1697 2018 1791 2055 as·-

262 2090 440 2150 serit:
471 2086 631 2166 quod
668 2106 703 2144 a
747 2083 998 2164 quodam
1047 2087 1290 2170 antiquo
1332 2090 1534 2145 Graeco
1586 2086 1789 2165 procul

262 2176 441 2237 dubio
475 2185 815 2254 acceperat:
845 2175 995 2233 forte
1028 2195 1101 2232 ex
1129 2173 1423 2234 Nicandro
1452 2175 1512 2233 in
1546 2172 1786 2254 Ἑτεροι-

261 2264 510 2341 ουμένοις.
544 2268 617 2326 Et
647 2263 908 2320 maximae
935 2263 1294 2320 auctoritatis
1316 2275 1488 2341 poeta
1512 2264 1790 2342 Virgilius

262 2354 475 2431 Georg.
514 2358 547 2418 4
576 2351 658 2410 ita
683 2349 878 2420 sentit,
904 2370 1083 2426 quum
1111 2349 1192 2407 ait
1216 2370 1231 2407 ε

381 2482 555 2532 Absint
573 2483 625 2531 et
646 2480 766 2544 picti
784 2479 1054 2543 squalentia
1075 2481 1209 2543 terga
1227 2481 1398 2532 lacerti

381 2552 640 2615 mnibus
661 2564 691 2600 a
707 2549 936 2611 stabulis;
957 2561 1293 2613 meropesque,
1316 2552 1523 2615 alioeque
1542 2553 1788 2617 volucres,

383 2627 437 2676 et
452 2622 674 2674 manibus
692 2627 874 2672 Procne
899 2623 1068 2684 pectus
1084 2623 1271 2685 signata
1289 2625 1520 2673 cruentis.

381 2692 556 2743 Omnia
573 2705 687 2742 nam
706 2693 802 2742 late
818 2695 1028 2754 vastant,
1050 2693 1277 2756 ipsasque
1298 2694 1519 2746 volantes

379 2775 463 2812 ore
482 2763 661 2824 ferunt,
685 2762 877 2811 dulcem
898 2761 1024 2813 nidls
1041 2763 1310 2814 immitibus
1328 2777 1505 2815 escam.

261 2885 404 2954 Quae
448 2880 643 2941 omnia
673 2878 966 2939 hirundini
993 2882 1380 2955 conveniunt,
1422 2902 1785 2962 nequaquam

259 2968 529 3027 lusciniae.
572 2972 719 3027 Nam
758 2967 1097 3026 hirundines
1137 2989 1276 3046 apes
1316 2982 1375 3028 et
1419 2972 1531 3029 alia
1570 2972 1789 3030 insecta

259 3057 513 3125 volatilia
542 3068 931 3133 assequuntur
961 3057 1230 3131 volando,
1260 3071 1318 3116 et
1358 3079 1426 3117 ea
1461 3060 1787 3138 depascun-

259 3157 395 3205 tur:
435 3157 497 3205 at
532 3145 788 3203 lusciniae
831 3163 1054 3203 vermes
1085 3157 1412 3220 terrestres,
1453 3167 1687 3223 erucas,
1730 3164 1788 3208 et

250 3237 367 3295 alia
408 3234 471 3294 id
509 3254 689 3313 genus
735 3249 1070 3294 sectantur:
1110 3250 1168 3295 et
1210 3237 1294 3295 ibi
1336 3250 1586 3316 nugatur
1635 3240 1787 3299 serio

254 3326 514 3396 ServiuS,
535 3325 639 3401 qui
664 3324 748 3383 sic
775 3324 979 3383 scribit
1019 3346 1034 3381 :
1076 3330 1292 3384 Nomen
1325 3335 1519 3403 posuit
1536 3350 1644 3404 pro
1682 3351 1786 3386 no-

252 3422 418 3473 miae.
463 3418 615 3473 Nam
653 3416 1043 3473 Philomelam
1089 3418 1438 3475 hircenditeem
1472 3439 1640 3477 versa
1680 3433 1781 3476 est.

252 3508 331 3563 Et
354 3502 596 3580 Virgilio
624 3504 742 3561 vim
776 3503 944 3576 facit,
969 3515 1035 3561 ut
1063 3523 1194 3563 eum
1217 3507 1290 3563 acl
1330 3526 1493 3565 suam
1525 3507 1787 3567 traducat

251 3592 614 3663 sententiam,
646 3604 703 3649 et
730 3592 784 3649 ei
811 3610 1069 3650 errorem
1103 3593 1403 3666 attribuit,
1430 3608 1496 3653 ut
1523 3599 1785 3655 Procnen

252 3696 365 3756 pro
394 3678 708 3737 Philomela
750 3681 1034 3757 posuerit.
1085 3685 1159 3739 Et
1199 3684 1462 3760 quamvis
1497 3684 1555 3741 in
1579 3687 1783 3744 eodem

250 3767 403 3825 libro
446 3768 686 3826 iuferius
724 3787 849 3826 eam
901 3785 1100 3829 rursus
1136 3773 1395 3849 proferat
1439 3777 1784 3835 sententiam

248 3857 549 3933 Virgilius,
573 3855 713 3914 dum
738 3857 850 3915 ait:

375 3981 545 4038 Qualis
562 3984 766 4046 populea
782 3997 989 4036 moereas
1008 3986 1271 4050 philomela
1286 3990 1378 4040 sub
1398 3992 1568 4044 umbra
1580 4029 1595 4055 ,

372 4056 580 4103 amissos
600 4055 822 4117 queritur
846 4056 1009 4117 t'oetus,
1030 4071 1155 4121 quos
1175 4059 1328 4111 durus
1349 4067 1512 4112 arator

374 4123 642 4174 observans
658 4124 775 4174 nido
790 4125 1051 4188 implumes
1073 4128 1285 4181 detraxit
1306 4146 1321 4181 ι
1346 4135 1399 4182 at
1415 4133 1497 4183 illa

374 4193 458 4244 net
480 4198 694 4256 noctem,
720 4208 953 4260 ramoque
974 4197 1150 4250 sedens
1169 4202 1440 4254 miserabile
1462 4217 1658 4256 carmen

372 4264 610 4327 integrat,
630 4268 681 4316 et
700 4266 881 4317 incestis
900 4267 996 4318 late
1016 4268 1120 4319 loca
1141 4272 1394 4334 questibus
1414 4273 1594 4338 implet.

242 4369 366 4429 Ubi
396 4371 587 4449 palam
623 4372 901 4451 Virgilius
940 4393 1045 4452 per
1082 4375 1455 4438 Philomelam
1480 4381 1779 4441 lusciniam

240 4458 550 4537 intelligit:
573 4460 733 4518 nulla
757 4460 912 4519 enim
936 4463 1047 4520 alia
1073 4463 1196 4522 avis
1216 4464 1453 4543 (praeter
1480 4468 1780 4547 lucifugaS,

240 4566 381 4622 quae
406 4545 597 4605 dirum
625 4547 767 4625 quid
791 4547 1034 4628 ejulant)
1063 4565 1232 4610 nocte
1258 4555 1429 4612 canit.
1460 4556 1551 4614 lbi
1591 4570 1780 4616 tamen

228 4634 513 4711 pertinax
563 4637 799 4697 Servius
839 4658 1040 4697 rursus
1082 4640 1323 4718 Virgilio
1349 4644 1469 4701 vim
1517 4644 1680 4718 facit,
1722 4658 1781 4704 et

232 4723 329 4781 ait
364 4744 378 4779 ε
403 4726 717 4785 Philomela
734 4747 844 4802 pro
881 4734 1073 4802 quavis
1109 4749 1211 4785 ave
1237 4750 1256 4784 :
1280 4750 1414 4786 nam
1442 4738 1649 4807 species
1697 4747 1785 4789 est

234 4826 359 4882 pro
391 4830 611 4886 genet-e.
657 4817 735 4872 Et
775 4833 976 4874 rursus
1019 4815 1091 4874 ad
1131 4817 1251 4875 haec
1301 4816 1474 4877 verba
1523 4818 1777 4897 ejusdem

236 4894 424 4956 libri:

494 4990 737 5039 Revocato
757 5002 787 5039 a
808 4991 1039 5053 sanguine
1060 4992 1267 5043 Teucri:

490 5078 661 5125 Senot..
697 5085 956 5129 Amsrorn.

1885 426 1977 481 re,
2005 419 2063 465 et
2086 407 2324 468 adducit
2351 408 2463 468 hoc
2495 412 2859 491 exemplum:

2010 528 2069 576 Et
2089 527 2316 578 manibus
2335 533 2518 578 Procne
2538 531 2710 592 pectus
2728 530 2918 594 signata
2940 533 3169 584 cruentis.

1882 635 1995 689 Pro
2036 634 2368 694 Philomela.
2413 638 2626 694 Contra
2677 638 2943 695 Servium
2983 650 3172 699 tamen
3219 654 3417 718 aperte

1883 731 2107 796 pugnat
2132 721 2421 778 Martialis
2446 721 2646 800 Epigr.
2680 721 2784 782 lib.
2819 733 2887 791 14

2006 850 2107 900 Flet
2125 850 2389 900 Philomela
2406 850 2543 901 nefas
2566 852 2734 902 incesti
2752 858 2928 903 Tereos
2942 891 2958 917 ,
2979 856 3031 905 et
3048 869 3159 920 quae

2059 923 2197 971 muta
2217 922 2379 984 puella
2399 921 2512 984 fuit,
2536 923 2728 986 garrula
2750 923 2905 975 fertur
2922 925 3045 975 avis.

1880 1032 2028 1087 Nam
2061 1042 2222 1086 muta
2265 1029 2462 1107 puella
2504 1048 2622 1087 non
2654 1030 2763 1088 suit
2803 1029 3057 1102 Procne,
3088 1032 3188 1090 sed
3217 1033 3419 1092 Philo-

1881 1117 2059 1190 mela3
2086 1136 2192 1175 nec
2216 1119 2339 1176 avis
2363 1119 2478 1177 ulla
2505 1120 2681 1195 magis
2703 1119 2933 1197 garrula
2960 1139 3132 1197 quam
3156 1121 3419 1194 luscinia,

1881 1223 2010 1280 quae
2037 1204 2297 1263 canendo
2329 1205 2448 1264 fere
2488 1206 2798 1285 rumpitur.
2850 1210 3103 1278 Tamen,
3150 1228 3225 1266 ne
3275 1209 3418 1286 quid

1880 1288 2263 1365 dissimulem,
2311 1292 2649 1352 scholiastes
2698 1294 2930 1353 videtur
2971 1296 3138 1374 sequi
3183 1297 3416 1356 Aristo-

1882 1378 2087 1455 phanis
2132 1381 2505 1455 sententiam,
2553 1382 2656 1458 qui
2698 1384 2836 1440 satis
2890 1383 3043 1444 clare
3090 1384 3313 1460 innuit,
3357 1405 3419 1444 se

1882 1480 2089 1545 putare
2118 1487 2359 1527 uxorem
2391 1470 2558 1528 Terei
2585 1469 2647 1527 in
2677 1470 2996 1542 lusciniam,
3020 1470 3249 1545 ἀηδόνα,
3281 1492 3415 1531 11111-

1880 1562 2058 1612 tatam
2086 1555 2292 1627 fuisse,
2323 1555 2461 1614 dum
2492 1561 2754 1635 Epopem
2793 1578 2896 1616 seu
2934 1563 3185 1618 Tereum
3214 1559 3415 1620 dicen·-

1882 1654 1994 1700 tem
2019 1643 2259 1714 inducit,
2282 1639 2379 1714 τὴν
2406 1643 2538 1721 ἐμὴν
2566 1643 2794 1720 ἀηδόνα,
2825 1658 2903 1718 et,
2926 1646 3024 1725 ἄγε
3047 1645 3271 1725 σύννομέ
3299 1670 3418 1726 gam:

1878 1740 1938 1786 et
1974 1729 2158 1788 multo
2205 1731 2766 1809 expressius,quum
2810 1735 2894 1792 ait
2940 1735 3240 1794 lusciniam
3269 1737 3419 1795 allo-

1879 1836 2093 1894 quens,
2134 1814 2224 1875 τὸν
2268 1815 2395 1895 ἐμὸν
2441 1817 2532 1876 καὶ
2576 1816 2668 1878 σὸν
2713 1817 3047 1904 πολύδακρυν
3074 1820 3241 1882 Ἴτυν.
3293 1828 3418 1901 Itys

1879 1905 2034 1964 enim
2079 1917 2204 1964 erat
2247 1905 2418 1963 Terei
2458 1917 2516 1964 et
2562 1910 2843 1983 Procnes,
2886 1930 3003 1968 non
3034 1930 3175 1970 vero
3213 1912 3415 1972 Philo-

1881 1993 2071 2067 meloe3
2119 2006 2178 2052 et
2228 1993 2631 2071 Aristophanis
2675 1998 3015 2057 sententiam
3056 2012 3287 2058 secutus
3329 2013 3419 2060 cst

1882 2083 2085 2139 Varro.
2122 2080 2234 2141 Sed
2262 2082 2321 2164 in
2350 2100 2419 2140 ea
2460 2083 2781 2160 quaestione
2827 2106 2944 2144 non
2996 2098 3083 2146 est
3126 2087 3416 2147 altercan-

1880 2168 2054 2245 dum,
2083 2181 2215 2228 utra
2243 2170 2318 2228 sit
2349 2170 2545 2229 verior
2587 2173 2903 2241 sententia,
2944 2175 3181 2252 quando
3222 2174 3414 2235 sabula

1880 2257 2013 2315 licta
2055 2270 2111 2315 et
2150 2278 2182 2316 a
2217 2259 2461 2317 veritate
2492 2258 2679 2318 aliena
2711 2272 2813 2319 est.
2842 2260 2957 2321 Sed
2986 2275 3164 2339 quum
3202 2283 3417 2321 conve-

1880 2345 2280 2404 niatlusciniae
2314 2366 2523 2404 nomen
2555 2347 2909 2424 philomelae,
2938 2348 3009 2406 iis
3041 2348 3286 2423 accedo,
3311 2353 3415 2430 qui

1878 2433 2249 2494 Philomelam
2306 2433 2609 2493 lusciniam
2668 2446 2907 2503 vocant,
2965 2440 3225 2496 Procnen
3272 2458 3415 2497 vero

1878 2520 2271 2580 hirundinem.
2307 2525 2560 2580 Pausa.

1961 2629 2097 2687 209,
2132 2611 2205 2667 35
2238 2609 2293 2669 δὲ
2322 2629 2437 2668 0111.
2463 2615 2531 2668 R.

1961 2719 2096 2772 212,
2119 2700 2194 2766 45
2214 2718 2337 2776 sqq.
2362 2703 2509 2757 Cum
2527 2697 2641 2756 hoc
2654 2699 3030 2758 recentissimi
3055 2703 3408 2777 grammatici

1878 2786 2099 2845 scholio
2120 2787 2319 2846 confer
2364 2787 2676 2845 Eudociam
2703 2807 2761 2866 p.
2794 2792 2926 2860 327·
2948 2793 3132 2847 Dian.

1961 2877 2076 2933 216
2101 2873 2253 2956 Ἠχὼ
2278 2875 2392 2934 ἀντὶ
2423 2881 2516 2935 τοῦ
2545 2879 2576 2947 ἡ
2613 2874 2760 2956 φωνή
2794 2898 2906 2935 σου.
2937 2876 3052 2935 ἀντὶ
3081 2884 3175 2937 τοῦ
3221 2878 3409 2961 χωρή-

1878 2985 1959 3021 σει
1987 2969 2057 3023 R.

1962 3073 2098 3127 217,
2130 3051 2196 3109 15
2223 3049 2464 3129 Ἐλέγοις
2481 3050 2820 3132 τοῖςιθρήνοις
2843 3058 2914 3113 R.
3283 3108 3288 3117 .

1960 3144 2096 3213 218,
2135 3162 2203 3216 19
2228 3138 2367 3200 Ἀντὶ
2397 3146 2491 3200 τοῦ
2522 3160 2643 3199 0111.
2676 3144 2745 3198 R.
2769 3177 2830 3190 —
2854 3161 2930 3199 2ο
2961 3140 3061 3224 γὰρ
3086 3165 3201 3225 κυρ.
3221 3150 3289 3204 R.

1959 3228 2075 3285 225
2101 3227 2396 3305 διελέγοντο
2421 3233 2488 3287 V.

1959 3318 2100 3391 228,
2126 3318 2198 3374 33
2235 3317 2298 3377 τὸ
2327 3314 2381 3374 δὲ
2417 3314 2606 3377 ἐποποὶ
2635 3320 2727 3378 καὶ
2758 3314 2826 3376 τὰ
2849 3322 3067 3378 τοιαῦτα
3093 3320 3172 3378 δεῖ
3198 3321 3327 3380 Ald.
3345 3355 3410 3372 «-

1879 3402 1950 3469 34
1982 3406 2051 3482 τῇ
2079 3405 2228 3485 φωνῇ
2257 3420 2373 3462 om.
2405 3408 2475 3461 V.
2505 3403 2638 3463 Ald.

1963 3491 2097 3565 231,
2131 3500 2205 3560 4ο
2233 3493 2418 3558 κοινῶς
2457 3495 2527 3549 R.
2561 3496 2631 3550 V.
2663 3534 2723 3544 -
2761 3499 2828 3559 41
2863 3481 3038 3551 εἶπεν·
3072 3490 3184 3551 ἐπεὶ
3230 3496 3291 3555 οὗ
3333 3500 3406 3560 V.

1874 3578 2010 3637 Alci.
2035 3618 2095 3630 -
2120 3589 2193 3650 44
2224 3583 2289 3659 τῇ
2316 3600 2430 3638 om.
2451 3584 2520 3638 R.

1965 3676 2102 3744 244,
2139 3688 2209 3726 12
2236 3670 2266 3726 6
2292 3669 2454 3734 ἑλεῖος
2486 3666 2607 3724 Ald.
2643 3667 2671 3723 ὃ
2697 3666 2864 3732 ἑλείας
2901 3671 2968 3725 V.

1960 3754 2097 3829 245,
2134 3775 2199 3827 17
2231 3753 2445 3813 ἐσθίετε.
2476 3757 2611 3812 Haec
2648 3753 3052 3832 interpretatio
3081 3768 3304 3834 spectat
3335 3757 3406 3815 ad

1872 3840 2128 3916 κάπτετε,
2159 3844 2255 3902 cui
2277 3842 2670 3920 superscripta
2692 3854 2776 3900 est
2801 3842 2861 3900 in
2889 3846 2961 3901 V.
2991 3846 3171 3902 Dum.

1955 3941 2093 4008 249,
2125 3950 2199 3990 2ο
2226 3933 2367 3991 ἑλιῖα
2393 3937 2464 3990 V.
2494 3930 2627 3990 Ald.
3381 3976 3388 3983 .

1955 4018 2102 4091 250,
2141 4030 2328 4095 29-42
2359 4018 2561 4078 iisdem
2592 4017 2782 4077 verbis
2809 4019 3083 4096 leguntur
3102 4019 3258 4095 apud
3283 4025 3404 4078 Eu-

1870 4104 2093 4165 dociam
2138 4128 2196 4185 p.
2235 4108 2417 4167 36.-
2451 4108 2521 4179 37
2557 4103 2701 4186 παρὰ
2736 4109 2813 4186 τῷ
2856 4106 3040 4187 σίλλῳ.
3086 4111 3214 4165 Imo
3260 4127 3403 4166 vero

1870 4190 2017 4272 παρὰ
2044 4196 2121 4273 τῷ
2159 4196 2402 4275 αἰγιαλῷ.
2432 4195 2723 4253 Lucianus
2753 4195 2925 4252 etiam
2962 4194 3022 4252 in
3050 4194 3220 4253 initio
3261 4197 3406 4255 Hal-

1871 4283 2101 4356 cyonis‚
2131 4281 2235 4341 ἅπὸ
2262 4285 2366 4341 τῶν
2382 4284 2657 4360 αἰγιαλῶν,
2677 4294 2735 4341 et
2767 4282 3033 4361 plerique
3058 4282 3155 4341 alii
3180 4283 3404 4360 halcyo-

1869 4391 2001 4431 nem
2037 4372 2092 4429 ἐν
2117 4378 2221 4437 τοῖς
2250 4373 2502 4450 αἰγιαλοῖς
2534 4372 2800 4450 quiritari
2825 4371 3078 4430 tradunt.
3098 4374 3405 4429 Hense-sn-

1870 4482 2001 4519 nus.
2042 4459 2116 4519 ad
2146 4460 2382 4519 Lucian.
2409 4462 2685 4536 Halcyon.
2720 4479 2771 4517 c.
2799 4480 2842 4532 1,
2881 4479 2942 4536 p.
2987 4458 3113 4529 178.
3147 4459 3254 4516 Vir
3288 4459 3398 4518 do·-

1868 4560 1995 4605 ctus
2020 4567 2195 4626 penes
2222 4567 2393 4625 quem
2422 4548 2558 4605 olim
2592 4549 2702 4605 suit
2724 4547 3024 4624 exemplar
3053 4565 3246 4603 meum
3277 4548 3402 4606 edi-

1871 4636 2042 4694 tionis
2070 4635 2305 4695 Kustcri
2348 4635 2468 4693 haec
2492 4634 2799 4711 adscripsit
2823 4654 2836 4689 :
2866 4657 2892 4685 α
2915 4631 3119 4713 Σίλλῳ]
3145 4632 3402 4693 Endocia

1867 4739 1924 4797 p.
1971 4723 2044 4777 36
2085 4720 2181 4778 dat
2219 4718 2440 4802 τύμὸῳ,
2465 4720 2621 4797 quod
2646 4718 2821 4779 habet
2845 4729 2905 4775 et
2931 4720 3216 4794 Varinus,
3247 4720 3399 4781 unde

1866 4828 1970 4867 sua
1993 4809 2185 4867 hausit
2207 4808 2579 4890 ψιυδευδοκία,
2609 4827 2758 4884 quae,
2787 4808 2900 4866 nisi
2935 4827 3025 4865 me
3061 4807 3256 4869 omnia
3277 4806 3396 4871 fal-

1866 4895 2023 4973 lunt,
2051 4909 2137 4955 est
2161 4898 2285 4973 ipse
2311 4897 2581 4955 varinus,
2606 4899 2672 4952 V.
2698 4915 2792 4955 me
2816 4894 2890 4953 ad
2913 4894 3207 4953 Van-inum.
3230 4918 3256 4948 n
3287 4899 3397 4956 Re·

1866 4984 1995 5062 cepi
2035 4984 2455 5044 Heinsterhusii
2491 4983 2969 5043 emendationem.
3018 4981 3205 5064 τύμὸῳ
3252 5003 3395 5045 vero

3135 5091 3190 5139 31
