3859 5725
1410 249 1796 313 SCHOLIA
1848 237 1944 311 ΙΝ
1993 249 2300 313 NUBES.

198 371 211 384 ’
249 388 346 451 καὶ
363 386 498 450 οὓτω
519 384 641 470 περὶ
667 381 860 453 {mue
891 382 1230 458 ἐσπούδακεν,
1263 381 1398 443 ὥστε
1432 383 1526 443 καὶ
1555 380 1821 443 καθεύδων

248 477 493 560 ὀνείρατα
516 475 641 557 περὶ
670 472 849 532 ἵππων
870 475 1019 553 ὁρᾶν.
1042 470 1105 531 τὸ
1125 472 1471 553 ὀνειροπολεῖν
1495 470 1552 530 δὲ
1578 471 1669 531 καὶ
1688 472 1822 530 ὀνει-

250 564 465 647 ράη-τειν
495 562 664 644 ταύτῃ
689 560 1006 642 διενήνοχεν,
1033 558 1114 619 ὅτι
1143 559 1206 619 τὸ
1229 558 1324 637 μὲν
1362 560 1708 641 ὀνειροπολεῖν
1732 557 1821 619 ἐπὶ

246 657 355 713 τῶν
384 651 620 712 ἐνύπνιον
655 649 916 732 δρώντων,
954 647 1016 708 τὸ
1042 646 1099 707 δὲ
1129 645 1451 730 ὀνειρώττειν
1479 647 1569 706 ἐπὶ
1600 650 1704 706 τῶν
1733 645 1821 706 διὰ

194 768 225 811 ι
249 742 428 810 νυκτὸς
449 739 759 817 αὐτομάτως
781 735 1034 819 ἀφιέντων
1056 735 1219 814 γόνον·
1252 734 1538 819 (ὅπερτοῖς
1560 738 1613 794 ἐν
1637 737 1821 794 ἐπιθυ-

248 829 349 911 μία
369 829 509 897 τινὸς
533 821 650 888 οἶσι
677 825 957 904 συμ6αίνει
981 824 1242 904 γίνεσθαι,
1266 822 1538 893 δοξάζουσι
1563 826 1674 890 τοῖς
1692 845 1821 880 παι-

246 919 407 985 δικοῖς
437 916 711 993 συνεῖναι).
742 949 822 960 -
847 913 1167 994 ὀνειροπολεῖ
1205 931 1221 973 :
1256 907 1460 990 Ἧγουν
1497 913 1550 969 ἐν
1590 909 1822 992 ὀνείροισι

244 1004 581 1089 φαντάζεται.
604 1006 679 1065 Θ.
707 1013 869 1062 et·Br·
1486 995 1493 1002 ’

328 1096 450 1174 [17].
494 1095 629 1174 δρῶν
650 1090 877 1170 ἄγουσαν
904 1087 1000 1161 τὴν
1029 1087 1256 1161 σελήνην
1281 1087 1493 1155 εἰκάδας
1518 1107 1534 1148 :
1557 1084 1718 1148 Ἤτοι
1740 1085 1821 1145 ὅτι

173 1215 224 1258 1⁰
249 1182 389 1263 μετὰ
409 1180 511 1254 τὴν
549 1177 736 1239 εἰκάδα
764 1182 793 1237 6
829 1175 934 1255 μὴν
966 1175 1296 1259 προσεγγίζει
1335 1181 1404 1258 τῇ
1441 1173 1687 1257 τριακάδι
1727 1174 1820 1234 καὶ

242 1275 349 1332 τῶν
389 1268 607 1330 δανείων
635 1270 684 1326 οἱ
708 1264 855 1325 τόκοι
894 1263 1221 1334 αὖξάνονται·
1268 1263 1321 1344 (ἢ
1347 1263 1431 1323 ὅτι
1468 1266 1525 1323 αἱ
1563 1261 1820 1342 μυστικαὶ

248 1358 483 1420 δαπάναι
515 1359 776 1437 ὓῆρχον.
800 1356 849 1412 οῖ
881 1352 1104 1413 Ἀττικοὶ
1136 1351 1192 1412 δὲ
1221 1351 1317 1420 τὰς
1345 1351 1557 1420 εἰκάδας
1580 1352 1816 1423 πληθυν-

245 1451 409 1515 τικῶς
443 1445 704 1522 λέγωσιν.
785 1440 1006 1510 Ἄλλως.
1040 1440 1158 1500 ἐπεὶ
1201 1443 1237 1511 ἡ
1268 1438 1464 1512 σελήνη
1504 1440 1557 1497 ἐν
1596 1436 1821 1519 ἡμέραις

248 1531 570 1595 εἰκοσιεννέα
591 1531 850 1602 τελεῖται,
885 1527 955 1589 τὰ
991 1528 1047 1588 δὲ
1083 1529 1133 1588 κ’
1164 1531 1268 1587 τῶν
1290 1522 1604 1586 εἷκοσιεννέα
1641 1522 1820 1604 ἐγγὺς,

173 1651 223 1693 ιι
249 1623 485 1683 ἐδίδοντο
505 1619 560 1680 δὲ
584 1618 639 1679 ἐν
656 1622 736 1702 τῷ
770 1616 909 1678 τέλει
925 1620 1019 1689 τῆς
1047 1616 1271 1689 σελήνης
1292 1617 1341 1675 οἳ
1368 1612 1542 1687 τόκοι,
1564 1610 1653 1672 διὰ
1667 1616 1822 1671 τοῦτο

247 1709 469 1777 εἰκάδας
493 1700 655 1769 εἶπεν.
678 1706 715 1779 ἢ
741 1706 802 1767 τὸ
821 1703 1033 1773 εἰκάδας
1063 1701 1140 1783 μὴ
1163 1702 1271 1762 νόει
1290 1699 1380 1761 διὰ
1417 1699 1554 1780 μόνα
1577 1699 1646 1758 τὰ
1675 1697 1819 1758 εἴκο-

253 1822 358 1872 σιν,
389 1795 531 1857 ἀλλὰ
556 1793 650 1856 καὶ
668 1794 755 1854 διὰ
776 1791 846 1853 τὰ
868 1790 1066 1876 ἐφεξῆς.
1090 1790 1276 1851 τούτου
1297 1789 1402 1871 γὰρ
1427 1788 1582 1849 ἕνεκα
1598 1789 1823 1859 πληθυν·

245 1889 411 1954 τικῶς
437 1885 679 1968 εἴρηται.)
700 1918 783 1931 —-
807 1882 966 1962 ἤγουν
987 1879 1093 1952 ἤδη
1117 1881 1190 1946 εἰς
1207 1876 1353 1945 τέλος
1373 1879 1574 1937 ἰοῦσαν.
1599 1877 1673 1936 Θ.

327 1994 405 2035 18.
448 1971 586 2032 ἅπτε
606 1972 711 2030 παῖ
726 1970 919 2050 λύχνον
950 1987 967 2030 2
1000 1971 1210 2047 (Ταῦτα
1240 1965 1416 2025 πάντα
1446 1959 1824 2046 παρεγκυκλή-

168 2087 224 2127 2⁰
248 2059 403 2141 ματᾶ
438 2063 542 2120 εἶσι
575 2059 669 2120 καὶ
707 2053 1144 2140 παρεπιγραφαί.)
1176 2055 1255 2112 δεῖ
1275 2052 1378 2134 γὰρ
1405 2052 1496 2112 τὸν
1526 2049 1734 2123 οἰκέτην
1761 2047 1823 2107 τὸ

243 2146 588 2233 προσταχθὲν
613 2151 861 2220 ποιῆσαι,
892 2143 986 2204 καὶ
1017 2142 1151 2225 ἅψαι
1180 2140 1271 2200 τὸν
1297 2139 1505 2221 λύχνον,
1532 2137 1624 2199 καὶ
1647 2141 1824 2198 δοῦναι

242 2239 305 2299 τὸ
328 2237 564 2320 βιὸλίον,
582 2235 766 2295 ἔπειτα
783 2234 875 2293 καὶ
898 2237 1026 2316 δρᾶν
1047 2233 1120 2299 εἰς
1143 2229 1206 2290 τὸ
1227 2228 1429 2311 βιὸλίον
1455 2227 1547 2287 καὶ
1576 2224 1714 2286 οὕτω
1733 2224 1822 2284 λε’-

243 2349 358 2406 γειν
387 2324 513 2392 τοὺς
539 2320 829 2390 δανειστάς.

323 2434 405 2475 ιο.
446 2411 744 2491 λογίσωμαι
767 2428 784 2471 :
814 2406 1077 2491 Ψηφίσω.
1107 2417 1166 2466 R.
1191 2402 1595 2487 λογαριάσωμαι
1612 2446 1630 2480 ,
1654 2402 1819 2480 λογα-

170 2540 223 2580 „
247 2501 448 2585 ριάσω.
471 2503 546 2562 Θ.
576 2511 666 2558 Br.

328 2592 458 2676 [21].
501 2585 704 2647 δώδεκα
746 2593 877 2663 μνᾶς
915 2582 1142 2665 Πασίαε
1180 2585 1382 2643 Τοῦτον
1408 2582 1478 2647 ὣς
1503 2575 1823 2659 ἱπποτρόφον

248 2677 346 2739 καὶ
368 2674 799 2758 διαπορθήσαντα
816 2671 912 2744 τὴν
932 2670 1109 2731 οὐσίαν
1130 2667 1510 2750 παρεισήγαγε.
1537 2665 1826 2748 χαριέντως

248 2766 309 2826 δὲ
334 2765 529 2825 τούτου
556 2768 645 2822 νῦν
675 2760 1019 2841 μνημονεύει,
1042 2758 1157 2819 ἐπεὶ
1179 2758 1271 2817 καὶ
1299 2756 1452 2824 αὐτὸς
1474 2755 1539 2815 δι’
1565 2758 1825 2836 ἱπποτρο-

249 2854 381 2937 φίαν
405 2854 548 2913 δοκεῖ
566 2852 861 2931 δυστυχεῖν.

174 2976 231 3019 ³0
333 2962 411 3001 n.
457 2942 567 3019 (τοῦ
602 2937 807 2999 δώδεκα
842 2945 976 3016 μνᾶς
1007 2955 1023 2997 :
1064 2933 1176 2997 Καὶ
1209 2938 1363 2994 τοῦτο
1399 2930 1744 3013 παρεγκύκλη
1792 2954 1826 2989 α

250 3028 552 3110 ἐφίστησιν.
590 3029 661 3093 ὡς
696 3026 959 3104 διαπορῶν
994 3027 1087 3083 τοῦ
1121 3020 1323 3081 δανείου
1349 3018 1444 3091 τὴν
1477 3017 1675 3095 αἰτίαν,
1714 2954 1827 3077 aga

252 3114 609 3195 ἀναμνησθεὶς
630 3113 699 3173 τὰ
720 3112 836 3185 ἑξῆς
862 3110 1088 3191 ἐπάγει.)
1114 3109 1235 3192 [τοῦ
1265 3108 1467 3169 δώδεκα
1494 3127 1508 3168 :
1534 3106 1633 3180 Μὴ
1661 3104 1832 3186 λάὸῃς

254 3206 335 3271 εἷς
356 3202 421 3262 τὸ
446 3206 538 3264 τοῦ
562 3200 746 3271 ἔξωθεν
773 3200 835 3260 τὸ
859 3197 1040 3273 ἕνεκα,
1061 3202 1132 3266 ὣς
1158 3196 1354 3258 οἴονταί
1375 3218 1524 3264 τινες·
1550 3194 1666 3254 ἀλλ’
1691 3193 1829 3254 ἔστιν

253 3296 294 3364 ἡ
318 3287 737 3369 τοιαύτηγενικὴ
757 3285 970 3369 πρὸςτὸ
1006 3285 1189 3368 μνᾶς]
1217 3284 1335 3344 ἀντὶ
1359 3289 1483 3359 τοῦ,
1521 3286 1581 3343 ἐκ
1607 3287 1700 3342 τοῦ
1736 3282 1830 3342 δα-

175 3411 232 3452 25
256 3379 401 3441 νείου
423 3376 620 3439 ἐκείνου
645 3375 699 3436 τί
720 3375 990 3457 ἠγόρασα;
1018 3376 1078 3441 R.
1110 3379 1202 3433 τοῦ
1229 3395 1245 3435 :
1268 3371 1492 3435 Ἕνεκεν
1518 3371 1660 3439 τίνος
1685 3369 1828 3453 πρά-

254 3489 482 3549 γματος.
509 3464 565 3526 τί
590 3468 608 3526 '2
634 3464 728 3532 Ἐς
752 3463 836 3543 τίς
864 3462 1003 3524 κατὰ
1025 3461 1107 3537 τίς
1129 3472 1226 3523 Br-

341 3576 417 3617 π.
459 3554 550 3613 τὸν
569 3550 869 3614 κοππατίαν
894 3571 911 3614 2
936 3549 1257 3618 Κοππατίας
1276 3547 1471 3617 ἵππους
1493 3547 1732 3621 ἐκάλουν,
1759 3539 1834 3616 οἷς

260 3642 659 3724 ἐγκεχάρακται
677 3639 739 3700 τὸ
765 3663 801 3699 κ
827 3642 1112 3719 στοιχεῖον,
1141 3641 1212 3705 ὣς
1240 3635 1514 3719 σαμφόρας
1540 3634 1657 3704 τοὺς
1683 3638 1831 3716 ἐγκε-

258 3728 631 3814 χαραγμένους
643 3728 707 3788 τὸ
726 3750 778 3788 σ.
799 3726 877 3806 (τὸ
892 3725 996 3810 γὰρ
1016 3750 1050 3787 σ
1069 3724 1162 3786 καὶ
1182 3724 1246 3785 τὸ
1265 3748 1300 3785 κ
1296 3723 1713 3871 ,ἔαρασσόμενον
1736 3724 1834 3785 σὰν

181 3848 239 3888 ω
261 3819 443 3899 ἔλεγον
466 3816 558 3877 καὶ
582 3815 786 3877 κόππα.
817 3818 873 3875 αἱ
904 3812 959 3873 δὲ
985 3811 1231 3894 χαράξεις
1263 3835 1298 3870 α
1332 3836 1421 3871 ται
1440 3810 1533 3871 καὶ
1555 3810 1716 3893 μέχρι
1740 3818 1834 3872 τοῦ

261 3913 355 3966 νῦν
386 3904 641 3975 σώζονται
667 3903 757 3962 ἐπὶ
791 3903 899 3970 τοῖς
928 3901 1125 3969 ἵπποις.
1164 3899 1578 3978 συζευγνυμένου
1604 3898 1708 3982 γὰρ
1742 3905 1833 3960 τοῦ

262 4019 300 4055 κ
328 3994 425 4054 καὶ
453 4015 487 4053 σ
524 3991 588 4051 τὸ
620 3996 809 4072 σχῆμα
834 3995 923 4050 τοῦ
946 4013 981 4059 ς
1003 3992 1226 4073 ἀριθμοῦ
1250 3985 1468 4047 δύναται
1495 3993 1748 4060 νοεῖσθαι,
1774 3980 1834 4047 οὗ

263 4081 577 4164 προηγεῖται
593 4079 655 4139 τὸ
677 4077 877 4140 κόππα.
901 4078 994 4138 καὶ
1005 4075 1153 4159 παρὰ
1170 4084 1277 4144 τοῖς
1293 4079 1679 4155 γραμματικοῖς
1699 4074 1836 4135 οὕτω

267 4168 601 4240 διδάσκεται,
636 4164 730 4225 καὶ
763 4167 1003 4225 καλεῖται
1036 4159 1233 4224 κόππα
1257 4160 1585 4234 ἐνενήκοντα.
1614 4162 1749 4232 τινὲς
1780 4162 1835 4223 δὲ

188 4292 245 4333 ⁴5
268 4255 569 4317 κοππατίαν
598 4252 919 4333 ἐξηγήσαντο
953 4252 1042 4312 τὸν
1083 4250 1343 4311 κόπτοντα
1377 4250 1469 4309 καὶ
1509 4250 1835 4311 κοιλαίνοντα

161 4344 175 4355 ’
268 4353 385 4412 ταῖς
416 4345 607 4411 ὁπλαῖς
631 4342 694 4401 τὸ
721 4340 936 4425 ἔδαφος,
965 4342 1024 4401 οὗ
1058 4339 1277 4407 δεόντως
1311 4338 1689 4417 ὑποτιθέμενοι.
1719 4338 1836 4400 οὐδὲ

268 4432 371 4517 γὰρ
384 4429 720 4513 βουκεφάλας
733 4431 997 4507 καλοῦμεν
1012 4427 1099 4488 διὰ
1113 4427 1175 4487 τὸ
1192 4424 1397 4508 μορφὴν
1413 4424 1662 4501 τοιαύτην
1677 4425 1835 4508 ἔχειν,

270 4519 407 4580 ἀλλὰ
436 4518 525 4578 διὰ
549 4518 613 4577 τὸ
640 4515 779 4576 οὕτω
805 4516 1138 4598 κεχαράχθαι
1153 4560 1169 4589 ,
1199 4505 1337 4592 οἶος,
1374 4504 1553 4592 οἶμαι,
1578 4515 1670 4574 καὶ
1694 4521 1722 4575 6
1747 4521 1836 4575 τοῦ

268 4607 607 4689 Ἀλεξάνδρου
639 4611 731 4665 τοῦ
748 4603 1060 4671 Μακεδόνος
1089 4602 1250 4670 ἵππος
1273 4593 1359 4676 ἦν,
1393 4593 1438 4684 ᾧ
1468 4602 1839 4676 τελευτήσαντι

191 4730 249 4771 50
270 4695 364 4768 τὴν
390 4694 783 4777 Βουκεφάλειαν
809 4691 1142 4773 Ἀλέξανδρος
1170 4689 1389 4764 ἔκτισεν,
1420 4691 1658 4773 ἐντάφιον
1695 4695 1839 4774 αὐτῷ

268 4788 362 4857 τῆς
384 4787 574 4865 ἀρετῆς
598 4780 939 4863 χαριζόμενος
963 4779 1154 4857 πόλιν.)

348 4891 421 4932 24.
466 4869 560 4930 εἴθ’
600 4868 853 4940 ἐξεκόπην
891 4891 906 4929 :
945 4866 1171 4937 Ἐπαιξε
1208 4866 1269 4927 τὸ
1307 4865 1557 4939 ἐξεκόπην
1593 4868 1740 4949 παρὰ
1779 4869 1840 4929 τὸ

271 4958 592 5020 κοππατίαν.
615 4957 759 5039 φησὶ,
774 4956 857 5030 δὲ,
890 4956 1089 5039 ὤφελον
1113 4955 1237 5037 πρὶν
1256 4956 1510 5038 πρίασθαι
1540 4955 1629 5015 τὸν
1655 4954 1838 5031 ἵππον,

272 5047 360 5108 τὸν
393 5046 662 5130 ὀφθαλμὸν
700 5043 1010 5126 ἐκκεκόφθαι
1040 5045 1345 5126 (παταχθεὶς
1379 5043 1558 5126 αὐτὸν)
1587 5042 1733 5126 λίθῳ.
1762 5078 1841 5090 --

432 5160 594 5204 acuon.
626 5159 870 5198 Amsrom.

3394 266 3463 319 81

1906 381 2155 463 &sagda-rav
2182 405 2200 446 τ
2224 382 2532 454 Ἕξέὸαλον.
2551 381 2680 467 λίθῳ
2704 404 2719 447 2
2745 384 2848 446 Διὰ
2861 385 3032 446 λίθου.
3068 395 3188 448 Cod.
3212 399 3270 447 in
3300 399 3472 450 catal.

1905 479 2053 530 codd.
2075 483 2311 533 Nanian.
2329 497 2382 548 p.
2411 492 2513 535 ⁴78.

1986 578 2060 620 25.
2104 559 2316 639 Φίλων,
2352 562 2582 630 ἀδικεῖςε
2617 559 2688 622 Ὃ
2723 562 3079 638 Φειδιππίδης
3110 563 3373 626 καθεύδων
3404 570 3475 636 ὡς

1906 648 2250 728 ὀνειροπολῶν
2275 648 2420 729 λέγει
2446 649 2576 732 πρὸς
2596 648 2686 709 τὸν
2710 653 2914 731 ἑταῖρον
2943 654 3120 712 αὐτοῦ.
3145 656 3203 703 R·
3239 656 3286 733 (6
3303 654 3475 714 νεανί-

1906 757 2030 803 σκος
2066 736 2423 809 Φειδιππίδης
2460 743 2630 797 ταῦτα
2657 737 2923 797 καθεύδων
2959 739 3369 821 ὑποφθέγγεται,
3400 739 3471 810 ὥς
3499 773 3524 811 ⁶

1904 846 2023 882 τινα
2039 830 2443 905 συνηνιοχοῦντα
2465 825 2822 908 μεμφόμενος,
2835 825 2916 886 ὅτι
2939 826 3053 886 δέον
3073 827 3227 887 αὐτὸν
3242 830 3475 889 ἐλαύνειν

1906 910 1982 988 μὴ
2008 911 2412 982 ὑποσκελίζοντα
2435 914 2560 992 μηδ’
2574 912 2860 974 ὑποθέοντα
2879 913 2974 982 τὰς
2993 918 3094 974 τῶν
3113 913 3291 976 ἵππων
3307 916 3474 992 ὁδοὺς,

1903 1002 1974 1065 ὣς
2014 999 2412 1068 ἀνεπικωλύτως
2448 1001 2638 1076 θέοιεν,
2674 1005 2703 1061 6
2750 1001 2795 1061 δ’
2836 1003 3042 1062 ὖποθέει
3078 1004 3171 1063 καὶ
3206 1004 3476 1084 ἐμποδίζει

1902 1087 2405 1169 προλαμὸανόμενος
2430 1092 2535 1149 τῶν
2567 1088 2744 1149 ἵππων
2772 1094 2875 1149 τῶν
2913 1090 3111 1151 ἐκείνου
3139 1091 3228 1150 τὸν
3262 1092 3472 1175 δρόμον.

1905 1175 2095 1254 δεῖγμα
2136 1174 2194 1235 δὲ
2240 1181 2335 1250 τῆς
2368 1175 2491 1259 περὶ
2535 1175 2631 1250 τὴν
2669 1177 2890 1250 ἱππικὴν
2934 1182 3092 1239 αὐτοῦ
3139 1182 3368 1253 σπουδῆς
3412 1182 3473 1241 τὸ
3507 1208 3559 1247 ιο

1905 1264 2188 1344 φροντίζειν
2222 1264 2316 1324 καὶ
2355 1263 2670 1325 καθεύδοντα
2702 1265 3058 1348 περὶτούτων.
3101 1267 3162 1327 τὸ
3199 1268 3254 1327 δὲ
3291 1268 3477 1331 Φίλων

1904 1354 1954 1410 οἱ
1996 1351 2092 1429 μέν
2131 1375 2289 1433 φασιν
2338 1352 2680 1436 ἀναρμόστως
2742 1355 2857 1414 καθ’
2897 1355 3057 1414 ὕπνον
3090 1354 3354 1437 εἰρηκέναι
3388 1355 3477 1416 τὸν

1905 1438 2173 1500 νεανίσκον
2197 1439 2312 1500 ἀντὶ
2338 1447 2459 1514 τοῦ,
2487 1432 2532 1502 ὦ
2557 1441 2705 1524 φίλε,
2729 1446 2776 1503 οἱ
2800 1442 2855 1502 δὲ
2883 1442 3060 1526 κύριον
3086 1444 3345 1525 ἡνιόχου.)

1990 1547 2060 1587 28.
2101 1526 2296 1597 πόσους
2317 1528 2537 1610 δρόμους
2559 1550 2574 1590 t
2595 1530 2983 1612 [Ὀνειράνι-των
3006 1522 3123 1591 ἐἷπε
3144 1536 3339 1601 πόσους
3359 1533 3479 1615 δρό-

1910 1635 2061 1691 μους.
2090 1606 2162 1685 εἶς
2185 1618 2231 1676 δ’
2263 1617 2405 1677 ἐστὶν
2440 1616 2543 1677 ὑπὸ
2576 1622 2672 1691 τῆς
2703 1619 2988 1701 ἀφετηρίας
3017 1620 3176 1702 μέχρι
3206 1626 3300 1680 τοῦ
3330 1644 3473 1699 καμ-
3508 1651 3557 1691 n,

1903 1707 2014 1775 πτῆ
2108 1750 2122 1765 .
2163 1706 2212 1764 οῖ
2249 1704 2294 1764 δ’
2332 1705 2539 1787 ἡνίοχοι
2579 1705 3007 1785 καθωπλισμένοι
3042 1708 3286 1780 ἤλαυνον.
3323 1705 3480 1770 τοῦτο

1907 1788 1964 1849 δὲ
1997 1815 2022 1850 ε
2058 1815 2144 1873 ρεν
2169 1796 2197 1852 6
2219 1792 2477 1876 Θησεύς]
2509 1792 2702 1862 πόσους
2729 1794 3006 1873 καμπτοῦς
3028 1796 3345 1873 πεποίηκας;
3365 1797 3480 1860 ἐστὶ

1906 1877 1964 1939 δὲ
1982 1878 2189 1961 εὕρημα
2209 1887 2362 1942 τοῦτο
2391 1887 2484 1941 τοῦ
2507 1881 2747 1955 Θησέως.
2772 1894 2831 1942 R.

1988 1967 2439 2050 [πολεμιστήρια;
2475 1969 2586 2030 Καὶ
2622 1976 2778 2030 τοῦτο
2816 1971 2933 2031 καθ’
2975 1968 3169 2041 ὕπνους
3203 1974 3365 2054 λέγει.
3410 1974 3479 2036 τὰ

1908 2053 2267 2138 ἇμιλλητήρια
2290 2055 2505 2136 ἅρματα
2519 2055 2737 2138 ὤφειλεν
2752 2059 2934 2117 εἰπεῖν·
2956 2061 2984 2117 6
3002 2058 3058 2117 δὲ
3078 2058 3182 2118 ὑπὸ
3199 2064 3292 2120 τοῦ
3315 2058 3477 2122 ὕπνου
3506 2100 3563 2141 20

1905 2140 2087 2225 ὥσπερ
2112 2150 2202 2203 τοῦ
2226 2146 2376 2226 ὀρθάἶ
2401 2143 2671 2204 ἐκπίπτων
2697 2143 2765 2204 τὰ
2791 2145 3179 2229 πολεμιστήριά
3201 2171 3349 2230 φησι.
3382 2174 3480 2210 πο-

1902 2229 2223 2312 λεμιστήρια
2262 2230 2366 2315 γὰρ
2413 2231 2630 2315 ἅρματα
2675 2231 2920 2313 λέγονται
2962 2233 3033 2293 τὰ
3078 2238 3187 2303 τοῖς
3231 2236 3481 2315 πολέμοις

1906 2317 2156 2402 ἁρμόδια,
2175 2319 2535 2401 ἅμιλλητήρια
2554 2319 2622 2379 τὰ
2641 2323 2694 2379 ἐν
2710 2323 2823 2389 ταῖς
2836 2320 3084 2399 ἁμίλλαις
3107 2328 3486 2404 συνεργοῦντα,

1908 2406 2263 2489 ἅγωνιστήρια
2286 2406 2423 2467 δὲτὰ
2442 2411 2496 2467 ἐν
2510 2409 2615 2476 τοῖς
2633 2411 2821 2489 ἀγῶσι.
2832 2413 2905 2472 Θ.
2919 2444 2997 2454 --
3016 2409 3153 2469 κατά
3167 2434 3313 2478 τινας
3334 2411 3480 2490 ἀγὼν

1908 2495 2184 2568 Ἀθήνησιν
2206 2500 2421 2557 ἱππικοῦ
2451 2497 2664 2580 δρόμου.
2701 2498 2793 2556 ἕνα
2817 2496 2872 2557 δὲ
2901 2496 3095 2579 δρόμον
3123 2501 3236 2558 ἐκεῖ
3257 2499 3476 2582 τρέχου·
3506 2535 3561 2575 25

1907 2605 2008 2657 σιν,
2031 2582 2167 2643 ὥστε
2198 2582 2268 2643 τὰ
2305 2583 2664 2665 ἇμιλλητήρια
2704 2585 3061 2656 πληθυντικῶς
3101 2576 3244 2644 εἶπεν
3279 2589 3309 2645 6
3340 2585 3479 2660 νέος,

1908 2670 2267 2753 σφαλλόμενος
2287 2673 2348 2731 ἐκ
2365 2677 2455 2731 τοῦ
2474 2672 2837 2753 ὀνειροπολεῖν.
2857 2671 3244 2753 πολεμιστήρια
3264 2674 3483 2733 καλοῦν·

1906 2781 1997 2817 ται
2019 2758 2111 2818 καὶ
2133 2758 2201 2818 τὰ
2224 2757 2488 2837 πολεμικὰ
2512 2758 2754 2840 ἅρματα,
2773 2758 2852 2840 ἐφ’
2881 2749 2955 2817 ὧν
2980 2758 3196 2832 ὁπλίτης
3223 2760 3479 2833 ἐπιὸέὸη·

1909 2870 1997 2907 κεν
2028 2846 2143 2925 ἅμα
2181 2850 2257 2929 τῷ
2296 2845 2606 2928 παραὸάτῃ.
2647 2851 2814 2907 ταῦτα
2853 2846 2907 2907 δὲ
2944 2845 3145 2929 ἐξεῦρεν
3182 2851 3211 2907 6
3250 2849 3477 2922 Θησεύς.

1910 2934 2272 3017 ἇμιλλητήρια
2288 2930 2426 2995 δὲτὰ
2440 2935 2804 3015 ἀγωνίσματα.
2923 2933 3146 3004 Ἄλλως.
3168 2936 3281 2996 δέον
3297 2941 3479 3013 εἰπεῖν,
3510 2977 3564 3017 80

1909 3021 2103 3090 πόσους
2129 3022 2348 3104 δρόμους
2374 3023 2579 3082 ἐλαύνει
2606 3021 2674 3083 τὰ
2700 3022 3080 3102 ἇμιλλητήρια·
3110 3022 3229 3082 ἀντὶ
3257 3031 3350 3085 τοῦ
3378 3025 3483 3085 πό-

1913 3134 1996 3171 σοι
2032 3110 2216 3192 δρόμοι
2253 3110 2354 3172 εἶσὶ
2384 3116 2477 3184 τῆς
2510 3110 2754 3190 ἁμίλλης·
2791 3114 2820 3169 6
2854 3109 2910 3169 δὲ
2940 3109 3122 3185 ἐπειδὴ
3150 3112 3267 3172 καθ’
3295 3110 3484 3184 ὕπνους

1913 3202 2053 3259 τοῦτ’
2083 3197 2231 3277 ἔλεγε
2246 3243 2265 3277 ,
2287 3197 2676 3280 πολεμιστήρια
2700 3188 2864 3258 εἶπεν.
2885 3186 2926 3256 δ’
2936 3195 3043 3281 γὰρ
3066 3204 3180 3268 νὸῦς
3201 3202 3306 3260 τῶν
3332 3202 3487 3284 ὀργά·

1912 3309 2016 3345 νων
2044 3285 2339 3369 ἀργούντων
2365 3291 2442 3368 τῷ
2466 3285 2611 3371 ὕπνῳ
2634 3287 2750 3358 εἰκῆ
2770 3283 3035 3369 φέρεται]
3305 3348 3311 3355 ,

1994 3395 2065 3435 29.
2094 3372 2324 3442 ἐλαύνεις
2345 3393 2360 3434 2
2383 3372 2595 3441 Πολλὰς
2620 3371 2847 3456 στροφὰς
2869 3372 3150 3456 φροντίδων
3175 3374 3488 3459 στρέφεσθαί
3503 3399 3554 3439 :35

1917 3487 1985 3543 με
2020 3463 2185 3532 ποιεῖς
2220 3461 2308 3521 διὰ
2342 3460 2412 3522 τὰ
2449 3462 2519 3521 σὰ
2546 3462 2702 3545 χρέα.
2735 3467 2808 3526 Θ.
2847 3462 3160 3544 στρέφεσθαί
3194 3488 3262 3542 με
3294 3468 3485 3541 ποιεῖς,

1913 3552 2075 3632 ἤγουν
2093 3550 2293 3619 πολλὰς
2320 3549 2548 3634 στροφὰς
2570 3550 2853 3634 φροντίδων
2884 3551 3166 3633 διεγείρεις.
3192 3565 3285 3613 Br.

1995 3659 2067 3702 30.
2110 3637 2276 3721 [ἀτὰρ
2292 3638 2349 3697 τί
2366 3658 2382 3699 :
2402 3638 2476 3700 Τί
2499 3638 2562 3711 δὴ
2587 3637 2722 3717 μετὰ
2744 3644 2911 3698 ταῦτα
2933 3637 3151 3721 ὄφλημά
3173 3663 3240 3718 με
3260 3639 3489 3701 κατέλα-

1918 3727 2027 3788 6εν.
2041 3725 2342 3809 Εὐριπίδης·
2356 3755 2380 3779 α
2392 3725 2441 3785 τί
2451 3725 2604 3807 χρέος
2614 3726 2713 3786 ἔὸα
2728 3728 2898 3805 δῶμα.
2909 3724 2965 3808 »]
2978 3763 3049 3772 —-
3058 3725 3210 3808 χρέος
3222 3747 3236 3788 :
3249 3727 3485 3810 ὄφλημα.

1926 3825 1981 3875 V.
2012 3813 2110 3874 ἔὸα
2139 3837 2207 3891 με
2234 3833 2250 3874 t
2283 3811 2582 3874 Κατέλαὸε.
2612 3822 2705 3870 Br-
2736 3804 2890 3887 ἦλθε,
2919 3812 3201 3876 κατέλαὸε.
3228 3820 3300 3879 Θ.
3519 3834 3573 3875 40

1997 3923 2071 3965 ³1.
2112 3910 2251 3984 τρεῖς
2274 3909 2401 3980 μναῖ
2419 3900 2687 3984 διφρίσκου
2705 3920 2720 3960 :
2745 3900 3029 3984 Διφρίσκου
3047 3904 3200 3962 καλεῖ
3218 3901 3280 3962 τὸ
3307 3911 3489 3977 σκεῦος

1918 3992 1974 4049 ἐν
2009 3982 2054 4071 ᾧ
2082 3993 2130 4049 οἱ
2167 3988 2372 4069 ἡνίοχοι
2403 3991 2692 4070 ἐφεστῶτες
2722 3988 3047 4052 ἐλαύνουσιν.
3082 3991 3490 4072 ὑποκοριστικῶς

1920 4074 1995 4156 (δέ
2023 4067 2137 4136 εἷπε
2158 4074 2276 4143 τοὺς
2297 4075 2593 4157 διφρίσκους
2609 4121 2624 4148 ,
2649 4074 2736 4134 διὰ
2762 4074 2823 4134 τὸ
2853 4075 3069 4159 μικροὺς
3097 4068 3339 4138 εἶναικαὶ
3363 4081 3485 4141 κού-

1918 4188 2041 4248 φους
2066 4168 2175 4233 τοῖς
2197 4163 2590 4244 ἀγωνιζομένοις
2609 4161 2737 4246 πρὸς
2757 4161 2874 4232 τοὺς
2903 4163 3310 4245 ἀγωνιστικούς).

1999 4252 2243 4331 Ἀμυνίας
2276 4256 2381 4311 τῶν
2416 4251 2537 4332 περὶ
2572 4249 2765 4319 ἵππους
2801 4250 3144 4313 ἐπταικότων.
3180 4254 3198 4331 (
3222 4251 3488 4331 μέμνηται
3502 4278 3556 4317 45

1920 4338 1978 4401 δὲ
2006 4342 2164 4400 αὐτοῦ
2197 4340 2292 4400 καὶ
2326 4342 2380 4399 ἐν
2406 4348 2512 4407 τοῖς
2540 4338 2715 4421 Σφηξί
2752 4340 2919 4419 [1267]
2956 4345 3046 4398 νῦν
3075 4338 3132 4399 δὲ
3165 4342 3259 4400 οὐκ
3293 4338 3490 4400 ἐκείνου

1920 4426 2259 4507 καθάψασθαι
2301 4425 2612 4506 βουλόμενος
2649 4424 2965 4505 μνημονεύει
3002 4429 3192 4502 αὐτοῦ,
3234 4426 3373 4486 ἀλλὰ
3399 4427 3488 4486 τὸν

1921 4516 2037 4576 τότε
2059 4515 2290 4597 ἄρχοντα
2314 4513 2577 4596 διασύρειν
2601 4537 2739 4594 προα
2823 4506 3008 4594 ύμενος
3025 4518 3091 4594 τῇ
3111 4513 3307 4574 ἐκείνου
3329 4537 3491 4596 προσ-

2742 4538 2760 4575 ,ι

1919 4603 2110 4686 ηγορία
2145 4602 2428 4684 ἐχρήσατο.
2459 4600 2578 4661 τότε
2611 4601 2714 4684 γὰρ
2743 4537 2905 4684 ἦρὲχεν
2934 4601 3196 4681 Ἀμεινίας
3228 4609 3315 4662 τοῦ
3346 4605 3491 4685 Προ-

1921 4693 2115 4760 νάπους
2137 4691 2259 4760 υἱός.
2288 4690 2405 4750 ἐπεὶ
2426 4682 2515 4751 οῦν
2538 4688 2655 4757 τοὺς
2679 4689 2978 4763 Ἀθηναίους
3003 4689 3252 4773 πρότερον
3284 4713 3490 4773 κωμῳ-
3521 4727 3576 4764 60

1922 4782 2028 4839 δεῖν
2056 4779 2143 4839 τὸν
2177 4778 2406 4860 ἄρχοντα
2437 4783 2465 4837 6
2492 4776 2647 4856 νόμος
2685 4777 2928 4849 ἐκώλυεν,
2960 4776 3231 4858 ἀφαιρέσει
3265 4774 3359 4854 μὲν
3396 4784 3490 4838 τοῦ

1925 4892 1974 4945 ι,
1999 4861 2368 4948 προστεθέντος
2393 4867 2447 4925 δὲ
2470 4871 2564 4925 τοῦ
2592 4890 2623 4923 υ
2638 4909 2654 4937 ,
2678 4862 3018 4945 παρατρέψας
3040 4864 3213 4941 ὀλίγον
3244 4864 3491 4942 Ἀμυνίαν

1924 4956 2080 5016 αὐτὸν
2102 4946 2245 5014 εἶπεν
2269 4953 2385 5013 ἀντὶ
2413 4959 2505 5014 τοῦ
2534 4951 2835 5033 Ἀμεινίαν.)
2865 4988 2943 4998 --
2963 4951 3273 5033 ὀφείλονται.
3295 4955 3369 5014 Θ.

2001 5064 2072 5105 82.
2116 5042 2289 5121 ἄπαγε
2315 5041 2407 5101 τὸν
2434 5040 2595 5101 ἵππον
2620 5039 2856 5110 ἐξαλίσας
2882 5061 2898 5101 t
2930 5038 3070 5121 [Καὶ
3095 5044 3248 5100 τοῦτο
3273 5044 3467 5122 ὀνειρο-

3303 5151 3330 5191 ο
