3859 5725
1676 225 2080 292 RANARUM.

3343 257 3459 312 623

307 350 558 431 Polyido
585 373 789 416 versus
813 356 970 434 apud
998 357 1175 416 schol.
1204 356 1439 415 Homeri
1461 357 1522 417 11.
1547 358 1594 416 Κ
1610 399 1628 431 ,
1650 357 1726 416 56
1758 359 1843 417 sic
1935 362 2319 425 ἀποσκώπτων.
2343 367 2435 427 Ad
2453 370 2566 437 415
2587 384 2743 431 certe
2771 372 3072 433 referenda
3085 393 3209 435 esse
3235 377 3458 437 monuit

313 441 593 519 scriptus,
639 442 815 520 μάτην
852 441 955 524 γὰρ
1001 443 1130 526 οἴκῳ
1174 445 1266 504 σὸν
1311 443 1421 504 τόδ’
1461 443 1648 516 ἐκδαίη
1680 443 1843 513 τέλος.
1933 451 2210 511 Fritzsch.
2241 453 2278 511 l.
2304 476 2354 513 c.
2379 475 2437 533 p.
2468 456 2565 517 83.
2585 496 2650 509 -
2692 480 2761 518 10
2788 458 2962 538 νόμος.
2997 463 3157 521 Ficta
3184 461 3260 523 ab
3290 464 3457 523 scho-

313 530 462 589 vide
482 532 920 591 Valckenarium
953 534 1014 590 in
1045 533 1231 591 Diatr.
1261 553 1318 609 p.
1343 552 1475 594 202.
1508 530 1676 591 Unde
1711 552 1843 591 cor·
1932 537 2098 598 liasta
2133 542 2244 602 lex.
2289 547 2518 604 Monuit
2549 548 2962 607 Schoemannus
2992 554 3080 609 De
3121 551 3369 611 comitiis
3398 571 3456 629 p.

314 619 439 677 rexi
485 620 830 699 scripturam
877 620 1143 679 codicum
1184 621 1398 700 (etiam
1443 618 1627 699 Reg.)
1667 619 1843 699 μάτην

312 704 548 765 εἰκοστὸν
574 706 703 766 τόδ’.
729 713 916 766 Dum.

395 797 531 869 372,
561 816 652 854 22.
674 795 1032 876 Ἀρίσταρχος.
1050 797 1214 856 Cous.
1234 796 1415 854 schol.
1434 815 1493 855 v.
1526 795 1661 863 354.
1683 830 1746 845 --
1766 795 1839 852 23

310 880 435 943 ὅλου
460 887 554 943 τοῦ
576 889 644 944 R.
669 882 767 943 ὅλα
794 891 885 944 τοῦ
913 885 1044 947 Ald.
1079 883 1294 944 ἔλαττον
1324 890 1394 944 V.
1420 928 1485 939 -.-
1508 885 1581 941 25
1617 881 1740 965 περὶ
1768 885 1840 945 Θ.

311 978 387 1030 Μ.
421 970 568 1052 παρὰ
608 979 679 1032 V.
721 973 855 1033 Ald.
889 981 1024 1035 Post
1056 971 1212 1055 χορόν
1238 973 1400 1032 addit
1436 977 1506 1032 V.
1542 970 1667 1032 ἔτιδ
1687 970 1843 1053 χορὸς

309 1057 372 1118 τὸ
396 1058 525 1119 ἄλλο
544 1058 679 1137 μετὰ
702 1066 795 1120 τοῦ
817 1067 979 1143 χοροῦ
1006 1065 1112 1121 τῶν
1138 1060 1253 1120 καθ’
1278 1060 1423 1142 ᾅδου·
1442 1073 1528 1133 et,
1553 1063 1602 1119 οἱ
1619 1065 1712 1119 τοῦ
1738 1082 1843 1140 χο-

312 1152 401 1225 ροῦ
426 1145 625 1224 μύσται
646 1147 905 1220 ἀλλήλους
939 1144 1406 1231 παρακελεύονται.
1437 1153 1576 1209 Haec
1605 1168 1717 1206 om.
1746 1153 1839 1215 6.,

309 1235 412 1311 qui
438 1255 552 1293 om.
581 1237 749 1294 etiam
780 1237 1000 1295 scholia
1031 1239 1166 1309 374,
1191 1238 1326 1308 376.
1343 1272 1409 1287 -
1442 1257 1517 1313 29
1543 1235 1605 1295 τὸ
1627 1256 1741 1295 om.
1767 1240 1838 1292 V.

393 1326 508 1396 378
528 1366 546 1395 ,
583 1327 654 1384 23
682 1322 905 1406 ὖψώσεις
924 1322 1023 1395 τὴν
1061 1322 1315 1406 σώτειραν
1360 1333 1467 1391 τοῖς
1498 1330 1569 1383 V.
1587 1363 1651 1375 —
1676 1322 1748 1382 33
1777 1319 1839 1379 l-

308 1410 691 1473 στιν-θύουσιν
722 1432 837 1472 0111.
869 1419 938 1472 G.
963 1410 1076 1472 Ιστι
1102 1408 1204 1493 γὰρ
1230 1418 1301 1472 V.
1325 1414 1453 1474 Ald.
1476 1410 1572 1485 τὴν
1599 1414 1653 1471 ἐν
1678 1409 1836 1482 Ἀθή-

306 1519 419 1564 ναις
449 1496 662 1570 Ἀθηνᾶν
691 1498 829 1561 dicit
853 1506 932 1559 Μ.

390 1586 526 1659 384,
575 1594 650 1662 49
678 1584 777 1653 ἕως
814 1593 908 1647 τοῦ
942 1587 1027 1667 (τὸ
1067 1584 1419 1669 ν.)-φρένας
1452 1606 1570 1645 0111.
1604 1588 1674 1645 G.
1708 1582 1837 1643 ἄλλο

307 1669 404 1739 ἔως
448 1678 514 1732 V.
566 1676 857 1752 Significat
902 1677 992 1735 his
1033 1675 1225 1736 verbis
1268 1675 1536 1735 librarius
1571 1671 1836 1732 scholion

281 1759 600 1837 ‚quoddam
620 1782 744 1821 esse
771 1762 1215 1824 describendum
1249 1784 1430 1840 usque
1453 1763 1526 1823 ad
1552 1760 1732 1821 verba
1756 1758 1835 1827 τίς

304 1845 402 1916 σὰς
437 1847 718 1931 παρήειρεν
749 1850 970 1932 φρένας,
1016 1853 1118 1931 qui
1150 1851 1485 1912 Archilochi
1515 1869 1718 1910 versus
1746 1860 1835 1907 est

301 1936 461 2014 apud
484 1939 873 2015 Hephaestion.
896 1960 954 2018 p.
989 1960 1121 2016 129.
1158 1944 1339 1999 Dum.

387 2026 522 2101 395,
548 2028 581 2084 3
603 2048 745 2105 φαιν.
761 2025 1031 2108 ἐπίκαιρον
1051 2026 1302 2087 Διόνυσον
1325 2032 1397 2087 R.
1414 2032 1555 2104 Reg.
1577 2049 1591 2084 ε
1611 2024 1832 2106 Ὦραῖον

302 2111 416 2171 θεὸν
437 2113 580 2192 λέγει
599 2112 687 2173 τὸν
712 2118 801 2188 Δ.,
822 2113 1002 2187 ἐπειδὴ
1028 2115 1166 2175 κατὰ
1190 2115 1279 2174 τὸν
1298 2114 1479 2196 καιρὸν
1505 2127 1564 2173 et
1590 2135 1714 2192 quae
1734 2135 1831 2173 se-

299 2214 562 2276 quuntur
580 2202 617 2261 l.
647 2200 706 2275 4,
728 2203 784 2261 5.
807 2239 870 2253 --
892 2204 928 2260 6
946 2203 1251 2282 legendum
1274 2224 1347 2263 ex
1365 2209 1509 2281 Reg.
1534 2204 1620 2261 ὅτε
1638 2199 1830 2263 ὥδευον

299 2286 777 2364 ἀπὸ-Ἐλευσῖνα,
800 2312 894 2371 πρ.

383 2379 497 2454 398
527 2399 642 2438 0111.
680 2380 856 2438 etiam
879 2379 952 2440 Θ.
989 2384 1097 2449 Μ.,
1129 2380 1421 2457 iidemque
1449 2381 1602 2438 infra
1639 2379 1677 2438 l.
1716 2399 1822 2438 21-

301 2467 399 2542 25,
422 2467 526 2527 1ὼί
546 2468 722 2528 πάντα
738 2468 784 2528 δ’
799 2470 994 2541 εὐπετῆ
1003 2473 1133 2536 θεοῖς
1148 2491 1222 2529 ex
1235 2469 1533 2550 Euripidis
1556 2468 1826 2531 Phoeniss.

297 2576 353 2616 v.
383 2576 488 2629 701
520 2557 743 2617 confert
774 2559 1128 2618 Dindorfius.

379 2654 515 2719 401,
548 2647 623 2703 28
653 2645 834 2714 ἄστεος
854 2653 950 2721 V.,
987 2662 1047 2705 et
1074 2667 1213 2707 mox
1243 2652 1398 2707 Β...
1432 2648 1506 2705 36
1526 2646 1614 2707 ἐπὶ
1630 2649 1732 2728 γὰρ
1760 2652 1826 2706 V.

300 2731 477 2792 altero
500 2735 630 2792 loco
657 2757 671 2792 :
702 2755 833 2794 nam
863 2734 954 2793 bis
980 2736 1091 2795 hoc
1117 2736 1379 2796 scholion
1407 2735 1565 2814 (inde
1588 2735 1662 2794 ab
1689 2734 1827 2794 ἔοικε

298 2822 381 2900 π.)
407 2822 583 2883 habet
597 2869 614 2898 ,
637 2822 731 2884 hic
752 2836 810 2884 et
832 2824 980 2885 infra
998 2836 1134 2902 post
1150 2824 1411 2884 scholion
1430 2844 1485 2884 v.
1513 2826 1649 2901 439.
1680 2823 1824 2884 Καλ-

296 2909 439 2971 λίνου
462 2916 549 2984 V.,
578 2933 697 2970 nou
716 2916 785 2971 G.
814 2910 1050 2970 Καλλίου
1075 2910 1438 2993 Ἀριστοτέλης
1463 2910 1621 2993 φησὶν
1647 2914 1713 2969 V.
1740 2912 1825 2970 al-

303 3010 420 3058 tero
446 3000 597 3059 loco.
627 2997 1004 3081 Ἀριστοτέλης.
1031 3023 1056 3049 α
1081 3004 1148 3059 111
1168 2999 1513 3058 didascaliis.
1531 3027 1556 3051 a»
1579 3004 1820 3058 CASAUB.

292 3087 365 3147 ad
387 3089 649 3147 Athenaei
669 3092 725 3163 6,
753 3109 811 3168 p.
832 3087 969 3161 235,
995 3093 1062 3146 Ε.
1082 3124 1145 3136 -
1174 3090 1244 3159 37
1274 3085 1354 3146 ὅτι
1380 3086 1527 3145 δυσὶν
1546 3092 1616 3144 V.
1639 3086 1822 3145 altero

292 3176 438 3234 loco.
465 3213 530 3226 —
552 3176 627 3236 38
652 3174 777 3243 ίσως
823 3175 1082 3235 additum
1112 3195 1186 3234 ex
1217 3180 1288 3234 V.
1320 3176 1447 3242 ἴσως
1474 3172 1564 3233 καὶ
1590 3172 1709 3256 περὶ
1733 3173 1821 3234 τὸν

289 3266 358 3322 Λ.
385 3265 471 3342 ἀγ.
490 3253 557 3335 ἦν
581 3286 662 3330 τις
688 3270 752 3323 V.
773 3263 956 3322 altero
982 3264 1112 3321 loco
1137 3284 1151 3320 ε
1174 3262 1328 3322 unde
1349 3262 1647 3340 vulgatum
1675 3264 1821 3345 παρὰ

289 3355 545 3411 correxit
576 3352 843 3413 Dindorf.
884 3342 952 3424 ἦν
996 3374 1075 3419 τις
1112 3364 1246 3430 post
1279 3354 1460 3430 ἀγῶνα
1490 3350 1658 3429 ponit
1686 3356 1822 3409 G.—

291 3442 369 3517 39
387 3442 566 3519 ἆγῶνα
585 3443 720 3501 add.
743 3447 814 3500 G.
837 3453 895 3500 et
918 3440 1101 3500 altero
1130 3441 1261 3499 loco
1286 3441 1355 3500 V.
1388 3436 1607 3509 εὗστολὴ
1649 3443 1717 3497 V.
1760 3441 1818 3498 οὐ

289 3528 457 3608 σχολὴ
485 3535 556 3590 G.
593 3545 651 3590 et
678 3532 860 3590 altero
894 3530 1026 3588 loco
1063 3533 1130 3588 V.
1171 3528 1397 3588 Deinde
1438 3528 1736 3606 sequentia
1770 3527 1818 3586 δ’

285 3617 496 3699 ὕστερον
520 3620 592 3678 ad
614 3621 784 3679 finem
803 3641 919 3679 om.
937 3625 1011 3679 V.
1044 3618 1175 3676 loco
1202 3618 1418 3696 priore,
1442 3614 1544 3675 ubi
1564 3620 1632 3674 G.
1655 3615 1817 3674 addit

285 3704 342 3764 δὲ
353 3705 856 3791 ὕστερον-περιεῖλε
874 3706 1149 3778 Κινησίας.
1162 3705 1251 3764 lb.
1266 3703 1461 3787 χρόνῳ.
1476 3703 1542 3764 δι’
1554 3693 1614 3762 οἶ
1628 3702 1814 3763 πολλοὶ

284 3792 499 3873 ὕστερον
516 3796 752 3876 καθάπερ
771 3795 864 3863 τὰς
881 3793 1134 3877 χορηγίας
1150 3795 1379 3876 περιεῖλε
1407 3790 1664 3864 Κινησίας
1682 3791 1813 3850 Ald.

283 3884 583 3959 sequentia
617 3886 910 3945 omittens.
958 3905 1047 3964 χρ.
1072 3884 1129 3944 δὲ
1164 3880 1378 3964 ὕστερον
1406 3882 1466 3939 οὗ
1502 3878 1687 3939 πολλοὶ
1720 3878 1812 3938 καὶ

281 3969 523 4038 καθάπαξ
544 3969 637 4037 τὰς
659 3974 913 4052 χορηγίας
932 3974 1160 4052 περιεῖλε
1177 3970 1417 4041 κινησίας
1438 3972 1509 4026 G.
1540 3969 1669 4026 loco
1689 3969 1809 4045 pri-

282 4077 385 4117 ore
407 4080 425 4118 ε
449 4078 579 4116 nam
602 4060 783 4117 altero
808 4060 1096 4118 consentit
1113 4077 1244 4116 cum
1275 4061 1476 4124 V...-l01
1511 4057 1610 4134 ἐφῆ
1640 4057 1809 4126 σκηνῆ

280 4145 398 4226 μὲν.
427 4148 767 4226 Requiritur
792 4145 1058 4225 μέμνηται
1085 4147 1173 4205 vel
1202 4146 1386 4204 simile
1424 4144 1587 4222 quid.
1626 4148 1807 4204 Dum.

363 4247 476 4313 407
500 4235 745 4308 συνήθεια
770 4228 835 4310 ἦν
868 4234 929 4294 τὸ
960 4237 1047 4296 ἐπ.
1079 4233 1237 4296 ὁπότε
1263 4234 1564 4311 ὁμολογοῖεν
1596 4229 1632 4303 ἢ
1653 4254 1809 4291 συνο-

279 4325 615 4404 μολογοῖεν-
635 4329 716 4383 Μ.
740 4322 1064 4383 Referenda
1088 4322 1212 4381 haec
1236 4321 1310 4380 ad
1332 4341 1388 4380 ν.
1411 4320 1546 4392 508,
1566 4319 1806 4380 κάλλιστ’

276 4416 493 4474 ἐπαινῶ.
526 4418 710 4473 Dum.
736 4417 872 4490 Reg.
893 4411 965 4471 nd
990 4412 1143 4470 hunc
1164 4429 1431 4470 versum:
1467 4405 1673 4491 βαρέως
1687 4414 1808 4468 τοῦ-

273 4526 337 4564 το
375 4503 555 4585 φησίν·
581 4499 756 4561 οὐκέτι
795 4502 1007 4578 τολμῶν
1040 4499 1370 4577 κωμῳδῆσαι
1412 4499 1483 4564 εἷς
1515 4497 1808 4579 τούμφανὲς

275 4590 511 4673 Ἀρχῖνον
535 4589 625 4650 καὶ
646 4589 930 4672 Ἀγύρριον,
951 4587 1002 4647 οἳ
1018 4585 1426 4668 κωμῳδηθέντες
1453 4582 1570 4652 τοὺς
1589 4583 1806 4662 μισθοὺς

273 4678 472 4739 τούτων
494 4677 826 4752 ἠλάττωσαν.

359 4768 494 4842 415,
525 4771 558 4828 3
586 4763 1016 4848 παρεμὸαλόντος
1048 4765 1179 4824 Ald.
1208 4778 1268 4824 et
1295 4767 1365 4823 G.
1390 4760 1801 4843 παρεμὸαλλόν-

247 4879 360 4924 ,τος
382 4856 512 4935 [sic]
534 4861 606 4915 V.

356 4946 470 5013 416
501 4964 616 5005 0111.
647 4945 820 5004 etiam
847 4945 919 5006 Θ.
945 4949 1109 5002 Μ.-
1128 4964 1243 5021 7-9
1277 4942 1338 5003 τὸ
1364 4940 1643 5024 δὲ-φησὶν
1686 4947 1801 5002 Re-

1940 632 2068 692 106.
2086 669 2154 683 -
2177 654 2199 691 1
2220 653 2238 688 ι
2273 652 2361 711 sq.
2392 632 2446 702 ἐξ
2474 636 2594 693 ἀλλ.
2624 637 2678 694 ἐν
2719 634 2957 708 Ἀθήναις
2987 637 3318 710 κατοικήσειν
3338 638 3459 698 ἰθέ-

1929 717 2114 786 λοντας
2130 763 2146 790 ,
2185 720 2579 791 διαὸιὸάζοντας
2608 724 2705 782 οὒκ
2745 725 2918 803 ὀλίγον
2968 728 3192 787 ἐνταῦθα
3229 726 3418 808 χρόνον
3438 773 3456 803 ,

1929 794 2043 865 εἶτα
2075 811 2151 875 εἷς·
2192 809 2412 876 πολίτας
2451 810 2837 893 ἐγγράφεσθαι,
2870 816 2937 872 13
2958 817 2987 872 ὁ
3013 813 3183 896 Ἆρχ.,
3230 824 3295 884 14
3337 814 3460 883 τοὺς

1930 887 2260 965 συμπολίτας
2286 894 2430 967 neg.

2012 978 2146 1049 418,
2170 997 2243 1034 20
2263 966 2379 1036 εἷπε
2404 977 2666 1059 φράτορας
2693 979 2958 1039 additum
2989 1001 3067 1040 ex
3093 982 3166 1043 Θ.
3202 979 3460 1062 φράτορας

1929 1065 2090 1134 εἰπεῖν
2118 1070 2189 1127 V.
2221 1063 2575 1125 διαὸάλλωσιν
2601 1068 2672 1128 Θ.
2692 1104 2757 1117 -
2781 1088 2847 1126 21
2894 1072 2928 1139 ἡ
2966 1067 3024 1127 δὲ
3049 1069 3310 1150 παροιμία
3334 1090 3453 1133 om.

1927 1153 2026 1225 Θ.,
2055 1155 2157 1231 qui
2175 1154 2270 1214 οὐκ
2299 1153 2497 1236 ἔφερεν.
2517 1194 2581 1206 -
2604 1175 2678 1213 22
2704 1176 2790 1233 sq.
2830 1154 3141 1228 ὀδόντας-ἡ
3177 1156 3381 1216 Suidas
3409 1178 3456 1216 s.

1928 1243 2273 1323 Φραστῆρας.
2307 1240 2521 1309 ὀδόντας
2554 1251 2822 1322 συγγενεῖς
2864 1243 2885 1319 (
2908 1253 3175 1323 συγγενεῖς
3215 1266 3330 1304 om.
3352 1246 3458 1319 Θ.,

1926 1329 2027 1387 sed
2058 1329 2236 1389 habet
2261 1342 2326 1387 ut
2353 1329 2455 1410 gl.)
2479 1320 2640 1391 εἶπεν.
2659 1335 2693 1402 ἡ
2716 1331 2954 1396 libri.-
2983 1335 3055 1392 23
3081 1332 3284 1393 παίδων
3304 1335 3377 1395 R.
3403 1347 3462 1394 et

1923 1416 2151 1476 SuidaS.
2182 1416 2406 1476 παιδίων
2441 1419 2636 1476 ceteri.
2662 1418 2864 1478 παίδων
2911 1415 3037 1481 τῶν’
3065 1419 3299 1502 φυόντων
3341 1419 3461 1489 τοὺς

1924 1502 2136 1571 ὀδόντας
2158 1507 2253 1575 τῆς
2276 1505 2554 1572 ἑπταετίας
2592 1506 2997 1580 καταλαὸούσης
3023 1515 3168 1588 Reg.
3194 1553 3255 1564 -
3273 1512 3348 1569 25
3369 1532 3456 1592 χρ.

1922 1600 2049 1659 παῖς
2091 1592 2327 1665 Ἀθήναις
2352 1592 2488 1652 Ald.
2532 1595 2629 1653 οὔκ
2659 1593 2876 1674 ἴσχυσεν
2915 1600 2997 1656 Μ.
3022 1633 3086 1645 -
3110 1599 3186 1657 26
3218 1588 3367 1666 οὗτος
3402 1599 3459 1660 δὲ

1922 1679 2061 1740 libri
2089 1693 2300 1760 praeter
2335 1685 2426 1754 R„
2457 1682 2558 1759 qui
2587 1672 2982 1762 οὗτος-χθονός
3020 1685 3244 1744 scholio
3272 1686 3450 1765 priori

1920 1769 2238 1846 anteponit.
2258 1804 2325 1817 -
2346 1787 2417 1839 27
2461 1788 2546 1845 sq.
2592 1766 2649 1826 δὲ
2677 1769 2789 1829 ἐστὶ
2818 1766 2854 1841 ἢ
2881 1768 3030 1841 ξένης
3071 1777 3141 1832 R.
3174 1770 3232 1832 δέ
3257 1773 3452 1847 &mimi

1921 1851 2069 1927 ξένης
2101 1856 2150 1932 (ὁ
2179 1853 2317 1925 ξένος
2343 1857 2436 1933 G.)
2463 1861 2530 1914 V.
2560 1853 2617 1914 &t
2641 1854 2840 1930 ἢξένης
2866 1859 2937 1919 Θ.
2969 1857 3026 1917 δέ
3053 1860 3168 1919 ἔστι
3189 1859 3280 1919 καὶ
3309 1862 3444 1923 Ald.

2004 1952 2143 2016 420,
2168 1946 2236 2002 31
2274 1944 2521 2002 alterum
2555 1941 2652 2015 τὴν
2688 1965 2803 2006 om.
2837 1948 2907 2003 V.
2937 1947 3011 2007 Θ.
3054 1951 3133 2006 Μ.
3159 1952 3335 2008 Recte
3361 1954 3456 2007 τοῦ

1920 2030 2008 2089 vel
2035 2033 2140 2089 τῶν
2163 2032 2513 2091 Fritzschius
2531 2031 2569 2094 l.
2600 2052 2651 2090 c.
2679 2053 2740 2111 p.
2770 2035 3008 2110 9¹·-32
3034 2037 3229 2117 νεκρῶν
3262 2039 3456 2114 potius

1918 2118 2056 2197 legit
2074 2120 2434 2196 Apollonius.
2461 2120 2695 2178 Monuit
2718 2125 3022 2180 Kusterus.
3042 2158 3106 2171 —
3134 2123 3207 2180 33
3232 2124 3357 2183 ἀλλ’
3373 2122 3455 2184 ὅτι

1913 2203 2123 2283 -λέγει
2143 2206 2279 2265 libri
2304 2219 2513 2285 praeter
2533 2212 2602 2267 R.
2617 2244 2680 2258 -
2704 2206 2778 2265 35
2803 2207 3189 2288 κατετρίὸημεν
3222 2211 3293 2271 Θ.
3316 2213 3456 2272 Μ.-

1920 2296 1994 2352 36
2029 2315 2157 2375 sqq.
2180 2314 2297 2356 om.
2329 2297 2504 2354 etiam
2530 2296 2602 2356 Θ.
2619 2332 2684 2346 -
2705 2303 2777 2366 44
2795 2291 2883 2354 ἵνα
2905 2300 2978 2359 G.
3007 2295 3122 2355 ἐπεὶ
3142 2299 3192 2355 οἱ
3218 2319 3302 2366 νες
3326 2299 3453 2380 [sic]

1915 2378 1998 2441 ὅτι
2025 2385 2073 2440 οἱ
2098 2378 2338 2460 λέγοντες
2359 2377 2446 2441 ἵνα
2471 2386 2537 2440 V.

1997 2478 2137 2548 421,
2167 2477 2240 2544 47
2286 2459 2402 2528 εἶπε
2442 2469 2573 2551 παρ’
2601 2468 2881 2542 ὑπόνοιαν,
2921 2466 3120 2536 δεικνὺς
3151 2467 3234 2530 ὅτι
3272 2482 3451 2532 πᾶσαν

1913 2559 2173 2641 πονηρίαν
2213 2557 2512 2640 εἰργάζοντο
2542 2563 2682 2636 Reg.
2709 2595 2771 2607 —
2796 2557 2870 2626 48
2906 2571 3042 2636 post
3076 2560 3246 2618 αὐτῶν
3291 2561 3452 2621 addit

1911 2653 1985 2707 V.
2002 2649 2097 2717 τῆς
2114 2648 2218 2705 τῶν
2236 2645 2524 2717 Ἀθηναίων
2549 2645 2838 2715 πολιτείας.
2868 2646 3158 2728 χαριέντως
3176 2646 3230 2716 ἓξ
3252 2648 3447 2728 (scrib.

1912 2733 2028 2793 ἀντὶ
2056 2736 2178 2814 τοῦ)
2200 2732 2467 2801 πολιτείας
2488 2735 2650 2793 εἰπεῖν
2670 2722 2784 2793 εἶπε
2802 2733 3092 2816 μοχθηρίας
3112 2732 3200 2795 διὰ
3217 2734 3287 2795 τὰ
3309 2736 3451 2797 κακὰ

1911 2824 2114 2898 αὐτῶν,
2149 2843 2278 2902 quae
2301 2842 2420 2882 om.
2452 2828 2521 2882 G.

1991 2912 2108 2970 422
2130 2955 2149 2986 ,
2180 2912 2254 2970 52
2286 2909 2376 2969 τὸν
2412 2908 2654 2970 Καλλίαν
2677 2932 2692 2947 ·
2736 2906 3081 2977 Κλεισθένους
3106 2906 3208 2991 γὰρ
3238 2900 3305 2983 ἦν
3342 2910 3448 2980 υἱός

1912 3002 2002 3056 Μ.
2032 3031 2112 3044 -
2147 3021 2171 3056 1
2198 2996 2299 3078 γὰρ
2326 3018 2442 3055 om.
2472 3003 2539 3056 V.
2569 3002 2736 3075 Regu,
2763 2997 2865 3077 qui
2892 2997 3048 3075 apud
3079 3010 3313 3077 poetam
3345 3000 3447 3059 ha-

1909 3086 2011 3145 bet
2051 3085 2139 3146 τὸν
2170 3084 2513 3152 Κλεισθένους
2548 3106 2681 3144 cum
2717 3087 2792 3160 gl.
2833 3083 2942 3144 υἱόν
2971 3106 2987 3142 2
3015 3085 3126 3146 Τὸν
3158 3087 3445 3161 Κλεισθένη

1907 3179 2093 3234 τοῦτον
2113 3218 2130 3247 ,
2158 3163 2203 3254 ᾧ
2221 3171 2329 3238 υἱὸς
2348 3162 2412 3243 ἧν
2440 3170 2617 3251 ὅμοιος
2643 3171 2764 3239 τοὺς
2785 3169 3010 3254 τρόπους
3024 3217 3042 3247 ,
3066 3171 3301 3253 διασύρει
3320 3178 3446 3235 κᾶν-

1907 3266 2076 3322 ταῦθα
2098 3265 2170 3329 ὡς
2189 3260 2472 3344 φαυλόὸιον
2487 3305 2503 3335 ,
2523 3260 2614 3320 καὶ
2640 3259 2702 3320 τὸ
2727 3259 2923 3338 γένειον
2940 3263 3079 3320 λεῖον
3099 3261 3190 3321 καὶ
3211 3260 3445 3343 ξυρῶντα

1910 3352 2008 3432 (ex
2031 3371 2181 3410 corr.
2206 3348 2478 3432 ξυροῦντα)
2513 3346 2604 3417 τὰς
2629 3347 2815 3430 τρίχας
2846 3347 2936 3408 καὶ
2965 3346 3052 3408 ἐπὶ
3086 3349 3176 3409 τὸν
3225 3351 3441 3411 Σεὸῖνον

1905 3436 2302 3519 πορνευόμενον.
2327 3436 2410 3514 διὸ
2436 3435 2527 3495 καὶ
2551 3437 2956 3496 δεινοπαθοῦντα
2976 3441 3159 3496 τοῦτον
3188 3437 3330 3517 λέγει
3352 3441 3441 3501 ἐπὶ

1903 3531 1972 3608 τῇ
1996 3529 2211 3606 τελευτῇ
2246 3524 2483 3586 Σεὸίνου.
3333 3587 3339 3593 ‚

1987 3618 2125 3688 423,
2148 3616 2184 3673 6
2210 3611 2546 3697 προετίθεσαν
2571 3617 2778 3690 R.-9
2802 3612 2915 3691 ἅμα
2942 3612 3032 3673 καὶ
3056 3615 3127 3675 Θ.
3144 3618 3286 3693 Reg.
3308 3640 3321 3674 ε
3340 3615 3435 3678 Ἐν

1900 3711 2017 3770 ταῖς
2039 3710 2230 3785 ταφαῖς
2256 3700 2375 3772 ἤτοι
2400 3702 2455 3759 ἐν
2479 3703 2557 3782 τῷ
2587 3699 2822 3778 μνήματι
2842 3705 2935 3759 τοῦ
2961 3698 3183 3761 Σεὸίνου
3196 3746 3213 3775 ,
3242 3701 3436 3763 τίλλειν

1898 3791 1988 3852 τὸν
2017 3790 2258 3871 πρωκτὸν
2286 3793 2501 3864 ἑαυτοῦ,
2524 3790 2650 3869 παρ’
2674 3788 2922 3850 ὑπόνοιαν
2947 3787 3066 3847 ἀντὶ
3083 3793 3176 3846 τοῦ
3199 3791 3293 3858 τὰς
3317 3792 3437 3873 τρί-

1900 3903 2000 3962 χας
2026 3884 2120 3951 τῆς
2152 3881 2399 3959 κεφαλῆς.

1981 3969 2120 4041 427,
2158 3990 2179 4024 1
2198 3989 2219 4024 1
2255 3969 2711 4045 ὀνοματοποιεῖται
2739 3969 2808 4024 V.
2835 3965 2905 4025 Θ.
2937 3969 3020 4022 Μ.
3046 3997 3121 4007 -
3150 3984 3219 4021 12
3247 3969 3431 4025 τοῦτον

1895 4063 1976 4117 Μ.
1995 4088 2076 4103 -
2104 4059 2168 4114 13
2199 4052 2255 4114 δὲ
2283 4075 2397 4113 om.
2425 4060 2497 4115 R.
2527 4053 2771 4136 ἕμφαίνει
2801 4043 2981 4126 οἶτος,
3006 4045 3075 4120 14
3107 4051 3434 4132 περαινόμε-

1894 4168 1979 4211 νος
2007 4150 2080 4202 V.
2101 4145 2172 4202 Θ.
2197 4139 2357 4221 μόνον
2385 4147 2455 4202 R.
2487 4141 2650 4220 μόνου
2688 4140 2885 4200 ceteri.
2920 4140 3063 4220 αὐτῷ
3091 4158 3205 4198 om.
3242 4140 3314 4200 Θ.
3338 4147 3425 4200 Μ.

1894 4237 1922 4292 ὁ
1944 4252 2063 4292 om.
2095 4231 2273 4290 iidem
2305 4243 2364 4289 et
2390 4236 2440 4287 V
2520 4263 2566 4276 -
2584 4233 2652 4289 15
2677 4220 2825 4294 οὗτος
2848 4225 2939 4288 καὶ
2958 4231 3029 4286 R.
3064 4232 3134 4287 V.
3163 4231 3192 4287 ὁ
3217 4247 3331 4286 0111.
3357 4233 3431 4289 V.

1894 4322 1969 4382 Θ.
2000 4325 2178 4380 Μ.-
2216 4321 2285 4379 16
2319 4314 2572 4396 μαλάσειν
2597 4322 2674 4380 R.
2693 4316 2824 4377 Ald.
2845 4349 2926 4367 -
2959 4316 3027 4373 18
3053 4313 3253 4386 πόστης
3278 4321 3427 4395 Reg.

1891 4444 1968 4454 --
2000 4429 2070 4482 19
2101 4410 2296 4484 ποιητῇ
2333 4427 2450 4464 0111.
2493 4411 2576 4464 Μ.
2600 4439 2676 4451 -
2708 4425 2783 4463 20
2807 4401 3035 4470 Ἀττικὸς
3070 4404 3142 4464 Θ.
3166 4402 3427 4483 Ἀνάφλυ-

1890 4519 2012 4566 στος
2039 4497 2403 4558 Fritzschius.
2426 4493 2686 4572 Sequens
2713 4493 2976 4552 scholion
3001 4511 3115 4550 om.
3148 4496 3320 4551 etiam
3340 4500 3428 4553 M.

1973 4594 2109 4663 429,
2140 4605 2214 4644 22
2245 4583 2333 4643 τὸν
2360 4580 2522 4641 ἵππον
2547 4584 2652 4654 εἷς,
2674 4584 2748 4640 23
2772 4577 3428 4659 πολλαχῆ-λαμὸάνεται

1888 4676 1959 4736 Θ.
2000 4671 2311 4755 ἱππόπορνε.
2354 4672 2642 4749 Diogenes
2674 4669 2885 4728 Athen.
2945 4689 2964 4724 1
2980 4670 3012 4726 3
3033 4711 3051 4741 ,
3096 4687 3155 4745 p.
3195 4668 3331 4741 565,
3359 4674 3423 4730 C.

1887 4762 2035 4822 Vide
2054 4760 2392 4837 Alciphron.
2425 4780 2475 4829 1,
2499 4760 2572 4817 38
2598 4769 2657 4816 et
2701 4757 2953 4835 Bergler.
2986 4758 3044 4828 3,
3067 4756 3163 4829 33,
3190 4776 3248 4834 p.
3286 4759 3419 4826 346.

1886 4855 2188 4909 Dominus.
2224 4881 2303 4892 -—
2325 4858 2399 4918 24
2435 4852 2464 4906 ὁ
2504 4844 2741 4912 Καλλίας
2788 4850 3059 4924 πανταχοῦ
3099 4846 3171 4910 ὡς
3214 4844 3414 4906 Suidas

1885 4959 1929 4998 s.
1962 4934 2296 5017 Ἱππόπορνε.
2313 4934 2558 5015 κωμῳδεῖ
2576 4933 2760 4992 τούσδε
2786 4937 2815 4992 ὁ
2832 4930 3068 4998 Καλλίας
3088 4930 3159 4991 Θ.
3190 4930 3283 4990 καὶ
3302 4952 3415 4996 0111.

263 5038 400 5116 gius
429 5032 604 5092 habet
641 5033 714 5091 nd
751 5053 807 5091 v.
831 5047 966 5107 410,
994 5037 1084 5091 νῦν
1111 5031 1179 5106 δὴ
1204 5032 1462 5092 κατεῖδον.
1494 5029 1549 5090 δὲ
1587 5051 1725 5103 0111.,
1759 5031 1794 5088 8
1884 5033 1982 5101 V.,
2008 5026 2107 5104 qui
2137 5024 2336 5097 πείθων,
2374 5029 2443 5082 6.
2477 5018 2757 5104 φαγὼν.-
2789 5023 2865 5080 26
2895 5015 2926 5089 ᾖ
2958 5024 3052 5080 τοῦ
3092 5017 3417 5093 κτηνοὸάτου
