3859 5725
449 248 564 302 ⁸⁴2

529 375 680 430 Ano.
722 372 826 429 111.
868 386 937 425 ιο
978 388 1058 434 τις
1102 386 1216 425 om.
1247 371 1405 426 V..-
1434 367 1501 424 13
1546 363 1858 447 ἀναθρέψει,
1914 371 1982 431 ι4

449 465 562 524 τοῖς
583 454 822 537 τρόποις,
850 476 872 510 1
889 453 922 511 5
951 454 1146 535 φαῦλος
1171 458 1242 510 V.
1270 489 1333 502 —
1360 453 1430 509 18
1458 450 1731 524 ὡσαύτως,
1763 452 1825 510 id
1856 462 1945 511 est
1963 495 1982 522 ,

451 535 516 603 ut
538 552 594 601 ἱπ
623 555 954 621 argumento
979 548 1274 618 superiore.

530 638 681 693 Ano.
723 636 817 691 IV.
868 651 938 688 αι
966 628 1222 712 Ἀλκαίῳ,
1253 649 1327 689 aa
1363 626 1569 696 διδάξαι
1588 632 1661 686 V.

584 740 683 780 no.
727 724 796 777 V.
826 723 962 778 Haec
1001 729 1365 776 accesserunt
1392 717 1455 776 in
1496 715 1588 775 ed.
1641 715 1880 775 Juntina
1922 735 1977 775 a.

451 806 625 866 1525.
666 805 918 882 Margini
962 804 1186 864 Aldinae
1232 804 1539 882 adscripsit
1581 802 1876 862 Victorius
1919 804 1980 860 in

449 892 763 971 exemplari
791 907 941 951 meo.
965 893 1144 950 Dum.
1169 896 1320 951 Sunt
1344 892 1406 950 in
1429 892 1770 970 Regia-26
1794 887 1851 950 82
1869 910 1987 950 om.

450 983 603 1040 vict.
624 1017 689 1031 -—
711 1001 788 1056 ²9
819 978 907 1038 τὸν
929 977 1318 1061 χρεωφειλέτην
1337 979 1487 1037 vict.
1505 1014 1570 1029 -
1589 980 1658 1037 31
1686 976 1988 1056 legebatur

1606 230 2061 296 ADNOTATIO
2101 231 2185 293 m
2226 232 2492 294 SCHOL.

2079 361 2316 441 quidam
2350 374 2645 441 statusque
2666 364 2750 422 rei
2777 376 2971 425 certus
2996 385 3103 445 per
3137 372 3617 450 praepositionem

2078 451 2321 511 aliamve
2338 451 2619 511 orationis
2637 464 2858 531 partem
2880 474 3188 533 expressus
3210 478 3225 515 ε
3254 460 3434 519 veluti
3464 460 3619 542 παρὰ

2085 537 2301 597 dicitur
2345 538 2620 619 σημαίνειν
2666 538 2762 613 τὴν
2791 539 2938 607 ἐκτὸς
2979 555 3081 602 aut
3111 542 3208 617 τὴν
3245 543 3347 615 ἔξω
3388 547 3617 628 σχέσιν,

2080 626 2238 704 quod
2261 640 2572 706 utrumque
2602 627 2777 687 habet
2805 631 3055 706 Etymol.
3078 651 3137 709 p.
3163 632 3270 691 651
3290 677 3306 705 ,
3328 636 3438 710 3⁰3
3469 636 3616 714 652,

2082 722 2178 787 44,
2206 715 2441 792 quando
2469 717 2588 775 vim
2610 717 2765 775 illam
2783 722 2875 776 τοῦ
2903 716 3004 786 ἕξω
3027 720 3149 778 sive
3168 719 3313 788 ἐκτὸς
3333 724 3427 781 vel
3456 723 3519 781 in
3549 743 3617 783 se

2079 804 2361 877 continet,
2388 805 2485 863 vel
2512 802 2822 879 vocabulo,
2853 806 2946 863 cui
2976 807 3383 885 agglutinatur,
3408 814 3619 871 conci-

2080 891 2201 949 liat.
2236 892 2606 972 Παραφρονεῖν
2653 891 2831 968 igitur
2878 892 3034 953 hunc
3076 894 3141 953 in
3185 897 3422 956 modum
3463 900 3613 973 erit,

2078 993 2251 1040 extra
2278 1000 2482 1038 sanam
2512 993 2751 1037 mentem
2776 1001 2896 1039 esse
2907 1003 2932 1051 ,-
2960 980 3291 1063 παρανόμος,
3327 1001 3498 1045 extra
3527 993 3619 1045 Ie-

453 1068 574 1148 ἄτῃ.
602 1066 869 1127 Correxit
887 1065 1450 1127 Hemsterhusiusex
1475 1069 1646 1125 Hom.
1673 1066 1738 1124 ll.
1770 1068 1817 1139 1,
1849 1066 1984 1138 373.
2074 1089 2197 1145 gem
2232 1076 2461 1145 posim.
2503 1068 2766 1128 Eustath.
2810 1070 2883 1127 ad
2922 1071 2987 1128 Il.
3029 1076 3093 1144 B,
3135 1091 3195 1150 p.
3241 1092 3377 1148 ²¹7,
3419 1094 3520 1148 αι,
3550 1076 3619 1134 id

532 1165 675 1216 Ano.
716 1159 801 1214 vl
831 1168 920 1214 est
949 1155 1122 1213 etiam
1166 1154 1227 1213 in
1265 1154 1465 1233 Regio,
1513 1155 1751 1232 praefixo
1785 1152 1987 1226 ἄλλως,

452 1244 577 1304 sine
615 1243 1020 1320 Aristophanis
1047 1243 1299 1302 nomine.
1316 1278 1382 1292 —
1402 1245 1436 1301 3
1465 1242 1792 1316 ἀκολουθεῖν,
1823 1250 1855 1310 4
1884 1264 1991 1301 πε·-

453 1329 829 1479 muts
1083 1419 1575 1484 mm..
1625 1330 1981 1390 ‘⁶

696 1442 723 1476 ν
791 1442 830 1479 Ι.
1024 1463 1040 1478 0
1576 1461 1590 1477 α

455 1507 616 1586 quod
644 1441 959 1585 legepbatur.
993 1510 1199 1585 Neque
1223 1506 1403 1566 habet
1444 1511 1581 1585 Reg.
1597 1550 1617 1579 ,
1650 1507 1751 1584 qui
1794 1459 1991 1565 solutd

455 1615 632 1654 versu
672 1593 959 1654 ὀπτάνεται
1005 1591 1173 1676 τούτῳ
1208 1598 1238 1654 ὁ
1270 1596 1509 1660 Πλοῦτος
1529 1594 1722 1677 τυφλὸς
1751 1592 1845 1654 ὤν.
1864 1631 1929 1644 -
1955 1595 1988 1653 b

453 1682 652 1763 ἤγαγεν
677 1687 816 1762 Reg.
838 1681 969 1745 Ald.
989 1719 1052 1733 —
1070 1703 1102 1756 7
1133 1680 1406 1762 ἀπήγαγον
1427 1684 1680 1762 Scaliger
1706 1695 1766 1742 et
1798 1682 1993 1741 codex

454 1772 693 1849 Regius.
724 1769 1052 1847 Legebatur
1094 1772 1400 1848 ἀπῆγον.-
1427 1772 1464 1829 8
1505 1789 1706 1829 versus
1745 1790 1866 1829 non
1902 1772 1994 1829 in·-

457 1871 635 1937 teger.
666 1858 807 1917 Post
830 1862 866 1930 ἡ
906 1857 952 1915 δ’
989 1858 1206 1917 excidit
1245 1859 1488 1917 fortasse
1526 1859 1848 1939 ἀναφανεῖσ’.
1884 1859 1991 1917 διε-

455 1945 690 2006 κώλυσεν
726 1959 922 2005 autem
966 1947 1016 2005 si
1051 1946 1111 2004 in
1156 1947 1269 2005 fine
1308 1965 1513 2005 versus
1562 1947 1815 2025 positum
1861 1946 1992 2016 fuit,

457 2033 735 2094 διεκώλυεν
764 2033 1155 2093 scribendum.
1177 2040 1357 2092 Dum.
1382 2040 1527 2113 Reg.
1552 2031 1652 2094 κᾶν
1672 2038 1708 2106 ἡ
1739 2036 1812 2094 11.
1840 2038 1996 2094 τοῦτο

458 2121 754 2183 διεκώλυεν.
790 2154 870 2167 -
898 2143 936 2200 9
967 2118 1130 2188 οὕτως
1182 2121 1540 2182 Dindorfius.
1598 2122 1763 2181 Libri
1827 2119 1996 2201 ὅμως,

456 2210 618 2290 quod
641 2210 984 2271 servandum
1010 2211 1184 2270 fuisse
1207 2211 1454 2271 videtur.

1051 2448 1400 2513 SCHOLIA.

549 2597 601 2649 1,
631 2596 692 2634 ιι
717 2576 813 2645 τῆς
833 2576 925 2632 τοῦ
965 2571 1251 2631 codex.-
1279 2569 1470 2629 23-26
1509 2581 1646 2646 post
1672 2568 1820 2652 ἀνδρὶ
1850 2571 1888 2631 l.
1920 2573 1997 2630 28

461 2665 631 2745 ponit
658 2662 784 2721 Ald.
808 2665 935 2719 Hoc
959 2659 1091 2717 loco
1113 2678 1147 2716 a
1175 2678 1347 2717 manu
1375 2677 1491 2717 rec.
1521 2656 1698 2715 habet
1719 2662 1788 2723 V„
1820 2659 2000 2721 Scho-

461 2753 539 2812 lia
575 2750 648 2810 ad
699 2769 754 2808 v.
790 2767 956 2806 1-10.
981 2766 1096 2806 om.
1135 2747 1226 2818 8.,
1256 2746 1430 2805 habet
1457 2746 1897 2824 glossemata.-
1921 2753 1996 2810 23

463 2838 727 2917 θαύματος
765 2836 890 2895 Ald.
916 2873 976 2885 —
997 2835 1073 2894 26
1112 2831 1280 2915 τύχην
1323 2836 1591 2895 Pauwius
1635 2835 1735 2913 [et
1754 2838 1836 2896 sic
1867 2838 1997 2919 V.].

463 2929 790 3005 Legebatin·
854 2923 1057 3003 μάχην.
1096 2923 1283 3004 Τύχην
1342 2927 1703 2983 conditionem
1717 2967 1739 2997 ,
1796 2940 1998 2986 sortem

454 3015 719 3076 servilem
736 3024 904 3071 vocat
925 3025 1016 3071 :ut
1041 3010 1114 3071 ad
1134 3033 1193 3073 v.
1232 3033 1330 3087 αι,
1352 3010 1468 3071 οὐδὲ
1495 3008 1601 3089 μὴν
1627 3010 1825 3080 δούλοις
1853 3016 1997 3074 ὀνει-

463 3102 676 3170 δίζουσα
703 3099 766 3160 τὸ
791 3104 885 3171 τῆς
919 3098 1085 3180 τύχης
1129 3097 1358 3166 tomenta
1393 3097 1576 3180 Τύχαι
1610 3100 1738 3182 παρ’
1784 3099 1999 3175 Ἕλλη-

465 3212 577 3265 σιν,
600 3191 787 3268 inquit
812 3190 994 3249 schol.
1028 3194 1164 3248 Eur.
1190 3193 1327 3250 Hec.
1364 3190 1502 3264 865,
1527 3190 1619 3249 καὶ
1657 3192 1711 3249 αἱ
1751 3189 1997 3251 ταπειναὶ

462 3277 634 3348 τάξεις
673 3280 779 3337 τῶν
824 3275 1112 3358 ἀνθρώπων
1162 3276 1254 3336 καὶ
1307 3275 1727 3355 ὑποτεταγμέναι
1743 3324 1760 3353 ,
1802 3278 1896 3338 καὶ
1942 3282 1999 3337 αἱ

464 3366 664 3450 δψηλαὶ
707 3365 806 3451 καὶ,
835 3368 1242 3446 ἐπικρατοῦσαν
1288 3364 1420 3437 ubi,
1467 3384 1612 3443 quas
1642 3366 1860 3426 dudum
1888 3388 1998 3446 pro

463 3454 679 3539 πράξεις
704 3474 1095 3534 reposuerant),
1120 3452 1291 3522 τάξεις
1313 3453 1490 3514 habet
1512 3455 1641 3512 cod.
1667 3460 1851 3515 Dorv.
1880 3458 1932 3516 T
1933 3454 2001 3513 ύ-

464 3568 571 3626 χην
595 3546 748 3604 inter
789 3544 900 3601 alia
939 3543 1144 3601 Suidas
1182 3543 1601 3619 interpretatur
1648 3543 1993 3624 ἐπιτήδευμα.

465 3638 764 3693 Ηιιιετ.-
788 3634 864 3689 28
895 3644 1029 3708 post
1072 3628 1220 3712 ἀνδρί
1252 3630 1336 3688 sic
1384 3632 1578 3709 pergit
1617 3637 1688 3690 G.
1743 3631 1999 3714 ἀργαλέον

467 3718 525 3781 δὲ
557 3718 674 3779 ἀντὶ
701 3724 793 3778 τοῦ
817 3716 1068 3797 χαλεπόν.
1100 3714 1307 3797 εἴρηται
1329 3715 1385 3775 δὲ
1421 3717 1528 3777 ἀπὸ
1544 3723 1638 3777 τοῦ
1672 3718 1864 3796 ἄλγους
1894 3725 1997 3782 ἀλ-

464 3807 657 3888 γαλίον
697 3807 790 3866 καὶ
843 3804 1119 3888 ἀργαλέον.
1159 3808 1396 3886 χαλεποῦ
1441 3806 1498 3866 δὲ
1539 3807 1999 3893 ὄντος-ὖπηρετῇ

471 3902 547 3978 (ν.
585 3898 764 3957 schol.
788 3895 862 3955 ad
881 3917 939 3954 v.
969 3895 1045 3971 α).
1073 3892 1136 3953 τὸ
1168 3893 1224 3954 δὲ
1255 3896 1326 3962 ὡς
1352 3894 1640 3962 ἐπιτάσεως
1666 3896 2001 3976 λαμόάνουσι

469 3983 762 4059 δηλωτικὸν
796 3982 913 4043 ἀντὶ
940 3987 1032 4042 τοῦ
1064 3981 1216 4055 λίαν,
1242 3979 1330 4041 ἵνα
1365 3976 1400 4063 ᾖ
1428 3983 1491 4043 τὸ
1513 3985 1708 4061 κομιδῆ
1726 4030 1743 4058 ,
1780 3984 1999 4067 σφόδρα.

472 4075 660 4140 ἄλλως.
679 4069 941 4153 ἀργαλέον
959 4068 1021 4129 τὸ
1046 4068 1291 4152 δυσχερὲς
1310 4070 1400 4130 καὶ
1420 4068 1692 4132 δύσκολον.
1716 4073 2003 4148 πεποίηται

467 4161 530 4221 δὲ
551 4160 680 4244 πρὸς
699 4158 762 4218 τὸ
784 4157 952 4240 ἔργον.
971 4160 1008 4229 ἡ
1028 4157 1231 4217 διάνοια
1248 4156 1449 4242 πλεκτὴ
1481 4157 1543 4218 ἔκ
1569 4182 1627 4219 τε
1645 4162 2001 4240 σχετλιασμοῧ

468 4248 565 4309 καὶ
589 4249 922 4325 θαυμασμοῦ.
952 4244 1014 4303 τὸ
1048 4244 1149 4326 γὰρ
1174 4247 1246 4312 ὥς
1266 4247 1655 4327 ἐπαμφοτερεῑ,
1686 4247 1720 4319 ἢ
1762 4248 2001 4309 ἐπίτασιν

473 4339 643 4410 δηλοῖ.
665 4333 877 4414 ἀπαυδᾷ
903 4331 958 4392 δὲ
980 4333 1040 4392 οὔ
1059 4333 1190 4415 πρὸς
1213 4332 1276 4392 τὸ
1296 4336 1390 4405 τῆς
1417 4336 1591 4415 ψυχῆς
1615 4334 1792 4414 (corr.
1814 4335 2003 4416 τύχης)

473 4420 735 4505 σκληρὸν,
767 4419 905 4478 ἀλλὰ
926 4419 1054 4501 πρὸς
1076 4420 1137 4480 τὸ
1177 4426 1268 4480 τοῦ
1297 4422 1551 4481 δεσποτοῧ
1585 4421 1825 4500 ἐπαχθές.
1860 4429 2004 4483 Bre-

475 4513 607 4571 vius
631 4516 705 4569 R.
735 4507 902 4589 ἀνδρί.
925 4507 1181 4588 ἀργαλέον
1219 4507 1276 4567 δὲ
1302 4509 1418 4569 ἀντὶ
1453 4509 1513 4569 τὸ
1536 4510 1709 4589 (corr.
1744 4511 1867 4590 τοῦ)
1891 4535 2004 4592 χα-

474 4597 656 4663 λεπόν.
687 4595 892 4678 εἴρηται
917 4593 972 4654 δὲ
997 4595 1103 4656 ἀπὸ
1130 4601 1220 4656 τοῦ
1245 4596 1403 4676 ἄλγος
1446 4598 1703 4678 ἀλγαλίον
1743 4598 1833 4658 καὶ
1866 4623 1919 4662 κ.
1953 4626 2003 4662 τ.

473 4694 569 4749 τοῦ
594 4688 629 4746 λ
653 4686 724 4752 εἰς
750 4706 779 4765 ρ
802 4682 1075 4765 ἀργαλέον.
1100 4686 1334 4764 χαλεποῦ
1363 4686 1420 4746 δὲ
1442 4686 1588 4755 ὄντος
1609 4693 1700 4746 τοῦ
1724 4687 2004 4765 δουλεύειν,

474 4771 919 4858 χαλεπώτερον-
933 4773 1185 4855 ὓπηρετῇ.
1225 4775 1310 4835 lb.
1347 4773 1602 4858 ἀργαλέον
1640 4776 1901 4836 additum
1934 4799 2006 4837 ex

479 4871 549 4924 R.
578 4869 670 4933 (ἒν,
700 4880 816 4919 om.
858 4859 984 4919 Ald.
1008 4875 1067 4920 et
1091 4863 1293 4923 Suidas
1331 4885 1379 4924 s.
1429 4884 1482 4924 v.
1524 4862 1902 4946 Ἀργαλίον.-
1930 4869 2002 4936 43

478 4946 946 5025 νηυσὶ-πέλασσε
970 4970 1087 5012 om.
1119 4956 1186 5010 R.

561 5059 620 5113 ιι,
656 5057 748 5097 12.
783 5034 977 5117 Σχέσις
1011 5031 1166 5119 apud
1205 5041 1610 5120 grammaticos
1648 5053 1733 5100 est
1771 5039 2008 5101 habitus

2078 1175 2283 1234 agens,
2322 1168 2389 1216 ut
2431 1176 2727 1233 nunquam
2778 1176 2815 1215 a
2856 1171 3030 1237 poeta
3071 1164 3512 1239 praepositiones
3552 1165 3619 1223 in

2080 1244 2274 1304 verbis
2304 1243 2718 1324 componendis
2749 1244 2963 1305 frustra
2999 1249 3284 1308 cumulari
3310 1252 3617 1322 ostendat,

2080 1334 2412 1412 exemplum
2438 1332 2621 1392 'affert
2656 1352 2732 1391 ex
2769 1333 2886 1393 Od.
2916 1338 2981 1405 Z,
3018 1339 3118 1409 88,
3147 1338 3617 1420 ὑπεκπροέλυσαν

2080 1421 2187 1479 ἐκεῖ
2215 1419 2345 1502 γὰρ,
2374 1421 2591 1498 inquit,
2618 1425 2654 1493 ἡ
2680 1419 2775 1498 μὲν
2800 1420 2904 1481 ὑπό
2924 1420 3166 1505 πρόθεσις
3191 1423 3287 1498 τὴν
3314 1425 3467 1486 κάτω
3489 1427 3621 1508 qi-

2080 1530 2164 1568 σιν
2195 1510 2376 1584 δηλοῖ,
2409 1512 2445 1580 ἡ
2488 1504 2545 1568 δᾶ
2579 1506 2633 1577 ἐξ
2667 1508 2765 1582 τὴν
2808 1508 3056 1585 ἐκτὸς,.ἣ
3083 1509 3138 1571 δὲ
3165 1512 3271 1595 πρό
3296 1513 3392 1586 τὴν
3430 1515 3522 1574 ἐπὶ
3546 1517 3621 1576 τὰ

2080 1595 2390 1679 ἔμπροσθεν.
2416 1596 2585 1675 Apud
2612 1599 2863 1673 Etymol.
2898 1599 2961 1656 in
3009 1599 3347 1681 Μετάφρενον
3371 1623 3387 1659 =
3410 1605 3448 1673 ἡ
3477 1602 3621 1680 μετά

2080 1683 2327 1762 σημαίνει
2348 1683 2439 1743 καὶ
2457 1681 2552 1755 τὴν
2566 1681 2674 1744 ἀνω
2691 1681 2894 1764 σχίσιν,
2912 1687 2984 1752 ὥς
2997 1684 3058 1745 τὸ
3084 1685 3349 1765 μέτωπον·
3363 1712 3623 1770 quomo-

2082 1773 2190 1842 do,
2221 1785 2493 1831 monente
2507 1769 2857 1848 Thomasrigv
2885 1772 3017 1856 ὑπέρ
3037 1775 3281 1856 πρόθεσιν
3309 1776 3405 1851 τὴν
3434 1781 3624 1842 ἐπάνω

2082 1858 2266 1939 σχέσιν
2297 1860 2558 1932 δηλοῦσαν
2588 1861 2847 1938 genitivo
2866 1862 3345 1940 jungunt.Attici.
3373 1870 3625 1947 Apollo-

2083 1948 2242 2007 nium
2266 1949 2593 2007 scholiastes
2618 1948 2990 2026 reprehendit
3009 1951 3082 2009 ad
3102 1957 3237 2031 Arg.
3264 1974 3316 2028 1,
3347 1963 3488 2029 242,
3516 1961 3624 2035 qni

2083 2039 2144 2097 in
2163 2036 2289 2096 πόθι
2310 2037 2788 2116 significationem
2826 2048 3018 2096 motus
3044 2042 3348 2116 posuerit:
3380 2043 3497 2102 ἔστι
3516 2045 3624 2129 γὰρ

2082 2127 2177 2195 τῆς
2205 2126 2259 2184 ἐν
2282 2122 2432 2205 τόπῳ
2456 2123 2687 2202 σχέσεως
2711 2122 3001 2196 δηλωτικόν
3019 2149 3033 2163 ·
3060 2147 3189 2205 quae
3214 2128 3408 2201 τοπικὴ
3433 2131 3626 2210 σχέσις

2084 2214 2415 2293 appellatur
2436 2211 2802 2292 abApollon.
2822 2212 2982 2273 Alex.
3008 2219 3101 2275 De
3126 2230 3278 2294 synt.
3304 2226 3362 2291 4,
3380 2239 3444 2298 p.
3478 2223 3622 2300 329,

2087 2304 2216 2362 330.
2252 2307 2482 2362 Ηιιεετ.

2166 2391 2222 2464 5,
2254 2392 2323 2449 31
2366 2388 2572 2468 ἀνάγκη
2600 2386 2839 2468 μετέχειν
2865 2388 2928 2449 τὸ
2953 2390 3248 2466 ποιητικὸν,
3281 2395 3355 2454 33
3379 2394 3487 2476 γὰρ
3520 2402 3623 2471 τῆς

2083 2485 2156 2538 V.
2192 2475 2466 2537 ἀποτίεται
2493 2481 2561 2536 R.
2590 2473 2821 2558 εὐρύοπα
2849 2477 2981 2543 Ζεὺς
3020 2498 3137 2537 om.
3179 2484 3335 2539 V.-
3354 2484 3428 2553 34
3466 2476 3622 2569 ἦμαρ

2086 2564 2247 2645 ἄγησι
2266 2571 2412 2625 R..-
2440 2566 2513 2624 35
2542 2565 2688 2644 αὐτῷ
2722 2562 3129 2645 διαπράττοντος
3157 2565 3213 2625 ἀν
3256 2571 3336 2628 τῶ
3369 2575 3523 2629 V.-
3543 2575 3623 2632 36

2085 2629 2636 2802 ἕῗέύναώῧῗωῖἔ
2664 2656 2884 2798 Ηεξιιεὲ.
2911 2660 3082 2799 mot-egit
3115 2651 3283 2822 ἄρὲὸῖὖ
3305 2628 3520 2770 ’λέγεται
3548 2666 3623 2721 V.

2240 2761 2355 2801 om.
2493 2775 2580 2799 .-
2638 2760 2804 2817 9τοις
2869 2762 2958 2798 πει
3051 2762 3171 2800 σιιτ
3277 2747 3623 2813 muggam.

2083 2856 2176 2901 τας
2201 2836 2360 2895 sunt.
2381 2826 2463 2915 [et
2489 2828 2664 2908 Reg]
2678 2827 3030 2908 eapiendum
3050 2830 3215 2910 quasi
3241 2833 3618 2913 scriberetur,

2083 2925 2189 2982 τῶν
2215 2923 2434 3000 πληγῶν
2451 2963 2470 2993 ,
2489 2919 2549 2980 αἲ
2575 2916 2875 3003 ὀφειλονται
2900 2926 3009 2991 τοῖς
3032 2918 3233 2989 δούλοις
3246 2967 3265 2999 ,
3292 2920 3446 3007 οἵπερ
3468 2929 3617 2987 ἀπεῖ-

2084 3019 2230 3074 θοῦσι
2253 3022 2358 3080 τοῖς
2382 3011 2677 3081 δεσπόταις.
2703 3012 2997 3090 Significat
3018 3012 3371 3088 scholiastes,
3391 3015 3463 3077 τὰ
3480 3016 3618 3079 aa&

2086 3122 2257 3182 posse
2280 3101 2588 3180 dupliciter
2609 3101 2851 3177 intelligi
2866 3144 2885 3177 ,
2905 3100 2997 3159 vel
3026 3101 3295 3161 stultitias
3318 3104 3614 3180 herorum,

2085 3203 2177 3264 et,
2210 3210 2334 3267 quat
2361 3188 2498 3247 inde
2538 3189 2920 3266 proveniunt,
2950 3187 3322 3264 calamitates,
3354 3193 3446 3251 vel
3485 3215 3616 3254 ver-

2084 3278 2229 3338 bera
2246 3292 2305 3337 et
2333 3278 2546 3356 plagas,
2576 3295 2705 3352 quae
2732 3277 2915 3336 servis
2928 3276 3311 3354 immorigeris
3334 3279 3618 3344 debentur

2086 3380 2145 3427 et
2179 3367 2559 3425 intentantur.
2599 3364 2914 3442 Sequentia
2945 3364 3081 3441 jure
3105 3364 3404 3444 improbat
3436 3374 3617 3433 HSte-

2088 3454 2313 3533 phanus
2341 3457 2496 3531 App.
2526 3450 2601 3509 de
2627 3454 2699 3510 D.
2728 3459 2792 3510 Δ.
2826 3470 2885 3528 p.
2913 3452 3023 3530 833
3068 3471 3203 3511 nam
3243 3454 3293 3513 si
3339 3454 3436 3515 his
3483 3460 3617 3519 locis

2085 3541 2333 3603 adhibiti
2365 3560 2483 3599 non
2521 3551 2711 3599 essent
2755 3538 3012 3613 articuli,
3052 3539 3248 3618 potius
3269 3539 3504 3625 ἔλλειψις
3527 3568 3621 3605 eo-

2086 3652 2217 3691 rum
2285 3630 2487 3687 luisset
2552 3625 2812 3685 dicenda.
2880 3628 3031 3686 Tum
3091 3625 3394 3689 observari
3453 3632 3622 3709 jubet

2085 3717 2386 3785 πλεονάζειν
2450 3715 2641 3774 active
2708 3727 3051 3793 usurpatum
3104 3735 3246 3793 pro,
3316 3725 3403 3776 uti
3448 3727 3621 3782 colem

2087 3810 2441 3865 articulorum
2463 3808 2786 3882 pleonasmo
2799 3843 2818 3871 ,
2861 3802 3122 3860 adhibere
3158 3809 3341 3863 solent
3362 3816 3626 3870 articulos

2087 3913 2449 3971 supervacuos
2469 3913 2488 3946 .·
2512 3890 2668 3968 quod
2698 3904 2884 3950 tamen
2909 3891 3172 3969 pluribus
3196 3898 3488 3974 exemplis
3508 3920 3621 3959 non

2088 3994 2263 4041 caret.
2295 3985 2519 4039 Hansr.

2171 4072 2207 4128 6
2235 4068 2324 4129 τὸν
2351 4073 2443 4128 τοῦ
2479 4064 2727 4145 σώματος
2769 4064 2948 4148 κύριον
2981 4088 2996 4124 :
3035 4072 3189 4129 τοῦτο
3217 4069 3336 4130 ἀντὶ
3373 4078 3471 4132 τοῦ
3509 4073 3629 4134 τινὰ

2089 4156 2330 4218 ἕκαστον.
2373 4154 2594 4236 ἔγγιστα
2635 4153 2737 4236 γὰρ
2780 4147 2930 4220 οὗτος
2979 4155 3184 4235 κυρίως.
3232 4155 3268 4229 ἢ
3306 4160 3497 4220 ἑαυτοῦ
3538 4162 3626 4222 τὸν

2090 4248 2272 4307 δοῦλον
2302 4248 2397 4305 οὐκ
2421 4247 2703 4326 ἰᾷκρατεῑν
2718 4245 2754 4313 ἡ
2769 4240 2925 4321 τύχη.
2953 4242 3061 4319 (Ad
3076 4264 3132 4303 v.
3149 4244 3207 4323 7)
3223 4245 3337 4305 ἀντὶ
3369 4252 3462 4307 τοῦ
3480 4250 3626 4323 dm]-

2090 4334 2339 4411 σάμενον.
2369 4323 2473 4391 οἷον
2498 4330 2652 4391 αὐτὸν
2675 4333 2863 4388 ἑαυτοῦ
2891 4328 2980 4388 τὸν
3002 4329 3181 4389 δοῦλον
3200 4332 3294 4390 οὐκ
3322 4333 3386 4413 ἐᾷ
3412 4343 3627 4415 κρατεῖν

2090 4427 2125 4494 ἡ
2157 4418 2317 4500 τύχη.
2351 4419 2538 4487 ἄλλως.
2569 4417 2685 4477 ἀντὶ
2708 4421 2802 4477 τοῦ
2831 4414 2921 4475 τὸν
2950 4430 3057 4474 etc.
3091 4422 3161 4475 G.

2175 4529 2229 4582 7,
2268 4528 2290 4563 1
2318 4527 2403 4584 sq.
2435 4506 2518 4565 sic
2545 4511 2615 4564 G.
2650 4519 2707 4564 et
2728 4504 2937 4567 Suidas
2963 4524 3008 4562 s.
3035 4501 3388 4582 Ἐωνημίνοι.
3412 4504 3628 4585 λέγουσι

2090 4595 2193 4677 γὰρ
2229 4593 2316 4653 διὰ
2342 4599 2438 4667 τῆς
2467 4595 2631 4665 αὐτῆς
2674 4595 2851 4675 φωνῆς
2896 4590 2989 4656 τὰς
3034 4595 3126 4649 τοῦ
3154 4590 3388 4672 ῥήματος
3429 4593 3628 4663 κλίσεις

2091 4693 2163 4747 V.
2194 4687 2321 4744 Ald.
2342 4724 2405 4736 -
2425 4705 2460 4743 a
2485 4683 2547 4744 τὸ
2572 4693 2678 4744 πᾶν
2706 4685 2803 4744 οὐκ
2831 4690 2903 4743 G.
2928 4688 3202 4743 Perverse
3225 4696 3424 4743 autem
3453 4686 3627 4745 scho-

2092 4777 2256 4835 liasta
2288 4775 2362 4833 de
2403 4775 2714 4853 participio
2756 4773 2968 4851 plurali
2994 4771 3328 4849 ὠνησάμενοι
3358 4776 3625 4854 praecipit

2093 4864 2250 4942 quod
2279 4864 2341 4922 in
2377 4864 2711 4923 uuiversum
2739 4862 2811 4921 de
2839 4861 3058 4920 aoristo
3086 4860 3323 4940 praecipi
3353 4860 3623 4924 debebat.

2094 4959 2233 5013 Nam
2275 4951 2527 5034 πρίασθαι
2570 4965 2792 5011 veteres
2852 4952 3030 5011 Attici
3089 4950 3281 5010 dicere
3331 4952 3625 5025 solebant,

2093 5061 2209 5100 non
2243 5039 2563 5113 ὠνήσασθαι.
2592 5045 2661 5100 V.
2687 5038 2934 5099 Lobeck.
2965 5040 3035 5097 ad
3070 5039 3284 5116 Phryn.
3313 5062 3375 5120 p.
3420 5047 3555 5121 138,
3574 5059 3630 5104 et
