<?xml version="1.0" encoding="UTF-8"?>
<!DOCTYPE html PUBLIC "-//W3C//DTD XHTML 1.0 Transitional//EN"
    "http://www.w3.org/TR/xhtml1/DTD/xhtml1-transitional.dtd">
<html xmlns="http://www.w3.org/1999/xhtml" xml:lang="en" lang="en">
 <head>
  <title>
</title>
<meta http-equiv="Content-Type" content="text/html;charset=utf-8" />
  <meta name='ocr-system' content='tesseract 3.04.00' />
  <meta name='ocr-capabilities' content='ocr_page ocr_carea ocr_par ocr_line ocrx_word'/>
</head>
<body>
  <div class='ocr_page' id='page_1' title='image "./scholiagraecain02dbgoog_0122.png"; bbox 0 0 3859 5725; ppageno 0'>
   <div class='ocr_carea' id='block_1_1' title="bbox 309 163 3524 439">
    <p class='ocr_par' dir='ltr' id='par_1_1' title="bbox 309 163 3524 439">
     <span class='ocr_line' id='line_1_1' title="bbox 309 163 2340 272; baseline 0.001 -7"><span class='ocrx_word' id='word_1_1' title='bbox 309 215 389 266; x_wconf 76' lang='lat' dir='ltr'>so.</span> <span class='ocrx_word' id='word_1_2' title='bbox 606 179 621 190; x_wconf 73' lang='grc'><em>“</em></span> <span class='ocrx_word' id='word_1_3' title='bbox 1467 203 1847 266; x_wconf 71' lang='grc' dir='ltr'>εοιιοιιΑ</span> <span class='ocrx_word' id='word_1_4' title='bbox 1902 204 1990 265; x_wconf 77' lang='lat' dir='ltr'>m</span> <span class='ocrx_word' id='word_1_5' title='bbox 2040 163 2340 272; x_wconf 67' lang='lat' dir='ltr'><strong>NiJBEs.</strong></span> 
     </span>
     <span class='ocr_line' id='line_1_2' title="bbox 381 309 3524 439; baseline 0.005 -45"><span class='ocrx_word' id='word_1_6' title='bbox 381 352 427 396; x_wconf 75' lang='grc' dir='ltr'>ε.</span> <span class='ocrx_word' id='word_1_7' title='bbox 468 309 853 414; x_wconf 46' lang='grc' dir='ltr'>ἀλεκτρύονος“;</span> <span class='ocrx_word' id='word_1_8' title='bbox 886 332 1090 395; x_wconf 81' lang='grc' dir='ltr'>Τούτου</span> <span class='ocrx_word' id='word_1_9' title='bbox 1114 332 1218 416; x_wconf 78' lang='grc' dir='ltr'>γὰρ</span> <span class='ocrx_word' id='word_1_10' title='bbox 1247 338 1283 406; x_wconf 80' lang='grc' dir='ltr'><strong>ἡ</strong></span> <span class='ocrx_word' id='word_1_11' title='bbox 1311 333 1457 415; x_wconf 72' lang='grc' dir='ltr'>φωνὴ</span> <span class='ocrx_word' id='word_1_12' title='bbox 1482 334 1706 415; x_wconf 75' lang='grc' dir='ltr'>ἔμφασιν</span> <span class='ocrx_word' id='word_1_13' title='bbox 1733 330 1869 412; x_wconf 77' lang='grc' dir='ltr'>ἡμέ-</span> <span class='ocrx_word' id='word_1_14' title='bbox 1961 333 2128 396; x_wconf 83' lang='grc' dir='ltr'>ἰστέον</span> <span class='ocrx_word' id='word_1_15' title='bbox 2148 337 2203 397; x_wconf 75' lang='grc' dir='ltr'>δὲ</span> <span class='ocrx_word' id='word_1_16' title='bbox 2230 338 2309 398; x_wconf 75' lang='grc' dir='ltr'>ὅτι</span> <span class='ocrx_word' id='word_1_17' title='bbox 2330 340 2578 420; x_wconf 82' lang='grc' dir='ltr'>λήγοντος</span> <span class='ocrx_word' id='word_1_18' title='bbox 2605 344 2701 422; x_wconf 67' lang='grc' dir='ltr'>μὲν</span> <span class='ocrx_word' id='word_1_19' title='bbox 2720 351 2810 406; x_wconf 89' lang='grc' dir='ltr'>τοῦ</span> <span class='ocrx_word' id='word_1_20' title='bbox 2831 352 3439 439; x_wconf 60' lang='grc' dir='ltr'>χειμῶνος.ἀρχομίνω</span> <span class='ocrx_word' id='word_1_21' title='bbox 3465 365 3524 426; x_wconf 55' lang='grc' dir='ltr'>δὲ</span> 
     </span>
    </p>
   </div>
   <div class='ocr_carea' id='block_1_2' title="bbox 303 419 852 503">
    <p class='ocr_par' dir='ltr' id='par_1_2' title="bbox 303 419 852 503">
     <span class='ocr_line' id='line_1_3' title="bbox 303 419 852 503; baseline 0.004 -22"><span class='ocrx_word' id='word_1_22' title='bbox 303 445 397 503; x_wconf 86' lang='grc' dir='ltr'>ρας</span> <span class='ocrx_word' id='word_1_23' title='bbox 417 419 754 503; x_wconf 72' lang='grc' dir='ltr'>παρίστησιν.</span> <span class='ocrx_word' id='word_1_24' title='bbox 778 424 852 483; x_wconf 94' lang='grc' dir='ltr'>Θ.</span> 
     </span>
    </p>
   </div>
   <div class='ocr_carea' id='block_1_3' title="bbox 1834 420 3525 533">
    <p class='ocr_par' dir='ltr' id='par_1_3' title="bbox 1834 420 3525 533">
     <span class='ocr_line' id='line_1_4' title="bbox 1834 420 3525 533; baseline 0.013 -54"><span class='ocrx_word' id='word_1_25' title='bbox 1834 430 1867 450; x_wconf 75' lang='grc'>’“</span> <span class='ocrx_word' id='word_1_26' title='bbox 1959 420 2111 505; x_wconf 79' lang='grc' dir='ltr'>ἔαρος</span> <span class='ocrx_word' id='word_1_27' title='bbox 2135 425 2319 505; x_wconf 78' lang='grc' dir='ltr'>ἄγεται</span> <span class='ocrx_word' id='word_1_28' title='bbox 2344 427 2413 486; x_wconf 79' lang='grc' dir='ltr'>τὰ</span> <span class='ocrx_word' id='word_1_29' title='bbox 2442 430 2724 513; x_wconf 67' lang='grc' dir='ltr'>Διονύσια,</span> <span class='ocrx_word' id='word_1_30' title='bbox 2741 433 2880 495; x_wconf 78' lang='grc' dir='ltr'>ὥστε</span> <span class='ocrx_word' id='word_1_31' title='bbox 2917 438 3004 497; x_wconf 79' lang='grc' dir='ltr'>διὰ</span> <span class='ocrx_word' id='word_1_32' title='bbox 3032 441 3094 500; x_wconf 78' lang='grc' dir='ltr'>τὸ</span> <span class='ocrx_word' id='word_1_33' title='bbox 3120 443 3276 525; x_wconf 80' lang='grc' dir='ltr'>κρύος</span> <span class='ocrx_word' id='word_1_34' title='bbox 3302 449 3396 511; x_wconf 73' lang='grc' dir='ltr'>καὶ</span> <span class='ocrx_word' id='word_1_35' title='bbox 3420 455 3525 533; x_wconf 72' lang='grc' dir='ltr'>ψῦ-</span> 
     </span>
    </p>
   </div>
   <div class='ocr_carea' id='block_1_4' title="bbox 376 506 3525 617">
    <p class='ocr_par' dir='ltr' id='par_1_4' title="bbox 376 506 3525 617">
     <span class='ocr_line' id='line_1_5' title="bbox 376 506 3525 617; baseline 0.005 -38"><span class='ocrx_word' id='word_1_36' title='bbox 376 538 421 580; x_wconf 75' lang='grc' dir='ltr'>ε.</span> <span class='ocrx_word' id='word_1_37' title='bbox 463 521 513 579; x_wconf 78' lang='grc' dir='ltr'>οἱ</span> <span class='ocrx_word' id='word_1_38' title='bbox 545 518 591 578; x_wconf 78' lang='grc' dir='ltr'>δ’</span> <span class='ocrx_word' id='word_1_39' title='bbox 615 518 814 578; x_wconf 80' lang='grc' dir='ltr'>οἰκέται</span> <span class='ocrx_word' id='word_1_40' title='bbox 838 518 1103 601; x_wconf 75' lang='grc' dir='ltr'>ῥέγκουσιν</span> <span class='ocrx_word' id='word_1_41' title='bbox 1135 539 1150 579; x_wconf 88' lang='lat'><strong>:</strong></span> <span class='ocrx_word' id='word_1_42' title='bbox 1176 516 1391 600; x_wconf 77' lang='grc' dir='ltr'>[Οὕτως</span> <span class='ocrx_word' id='word_1_43' title='bbox 1418 517 1638 579; x_wconf 74' lang='grc' dir='ltr'>Ἀττικοὶ</span> <span class='ocrx_word' id='word_1_44' title='bbox 1662 515 1750 577; x_wconf 76' lang='grc' dir='ltr'>διὰ</span> <span class='ocrx_word' id='word_1_45' title='bbox 1774 523 1868 577; x_wconf 74' lang='grc' dir='ltr'>τοῦ</span> <span class='ocrx_word' id='word_1_46' title='bbox 1956 530 2049 588; x_wconf 79' lang='grc' dir='ltr'>χος</span> <span class='ocrx_word' id='word_1_47' title='bbox 2076 511 2212 580; x_wconf 76' lang='grc' dir='ltr'>εἰκὸς</span> <span class='ocrx_word' id='word_1_48' title='bbox 2239 506 2466 588; x_wconf 75' lang='grc' dir='ltr'>ἦν,οὔτω</span> <span class='ocrx_word' id='word_1_49' title='bbox 2493 519 2760 581; x_wconf 77' lang='grc' dir='ltr'>καθεύδειν</span> <span class='ocrx_word' id='word_1_50' title='bbox 2795 524 2982 593; x_wconf 77' lang='grc' dir='ltr'>αὐτοὺς</span> <span class='ocrx_word' id='word_1_51' title='bbox 3019 529 3258 616; x_wconf 80' lang='grc' dir='ltr'>(τοιούτῳ</span> <span class='ocrx_word' id='word_1_52' title='bbox 3284 538 3525 617; x_wconf 65' lang='grc' dir='ltr'>σχήματι</span> 
     </span>
    </p>
   </div>
   <div class='ocr_carea' id='block_1_5' title="bbox 199 603 1867 4021">
    <p class='ocr_par' dir='ltr' id='par_1_5' title="bbox 199 603 1867 4021">
     <span class='ocr_line' id='line_1_6' title="bbox 296 603 1867 688; baseline -0.003 -21"><span class='ocrx_word' id='word_1_53' title='bbox 296 605 378 688; x_wconf 87' lang='grc' dir='ltr'>κ.]</span> <span class='ocrx_word' id='word_1_54' title='bbox 413 611 504 666; x_wconf 90' lang='grc' dir='ltr'>νῦν</span> <span class='ocrx_word' id='word_1_55' title='bbox 544 604 750 674; x_wconf 92' lang='grc' dir='ltr'>οἰκέτας</span> <span class='ocrx_word' id='word_1_56' title='bbox 775 608 835 665; x_wconf 84' lang='grc' dir='ltr'>οὗ</span> <span class='ocrx_word' id='word_1_57' title='bbox 861 606 979 673; x_wconf 78' lang='grc' dir='ltr'>τοὺς</span> <span class='ocrx_word' id='word_1_58' title='bbox 1000 604 1319 688; x_wconf 84' lang='grc' dir='ltr'>θεράποντας</span> <span class='ocrx_word' id='word_1_59' title='bbox 1345 605 1500 685; x_wconf 91' lang='grc' dir='ltr'>μόνον</span> <span class='ocrx_word' id='word_1_60' title='bbox 1527 604 1695 685; x_wconf 80' lang='grc' dir='ltr'>λέγει,</span> <span class='ocrx_word' id='word_1_61' title='bbox 1729 603 1867 664; x_wconf 78' lang='grc' dir='ltr'>ἀλλὰ</span> 
     </span>
     <span class='ocr_line' id='line_1_7' title="bbox 242 694 1862 777; baseline -0.001 -21"><span class='ocrx_word' id='word_1_62' title='bbox 242 717 269 756; x_wconf 74' lang='grc' dir='ltr'>ο</span> <span class='ocrx_word' id='word_1_63' title='bbox 297 696 499 764; x_wconf 80' lang='grc' dir='ltr'>πάντας</span> <span class='ocrx_word' id='word_1_64' title='bbox 520 695 638 765; x_wconf 76' lang='grc' dir='ltr'>τοὺς</span> <span class='ocrx_word' id='word_1_65' title='bbox 677 694 817 756; x_wconf 77' lang='grc' dir='ltr'>κατὰ</span> <span class='ocrx_word' id='word_1_66' title='bbox 838 695 936 768; x_wconf 79' lang='grc' dir='ltr'>τὴν</span> <span class='ocrx_word' id='word_1_67' title='bbox 965 696 1155 757; x_wconf 81' lang='grc' dir='ltr'>οἰκίαν.</span> <span class='ocrx_word' id='word_1_68' title='bbox 1188 695 1497 756; x_wconf 76' lang='grc' dir='ltr'>καθεύδουσι</span> <span class='ocrx_word' id='word_1_69' title='bbox 1531 702 1637 769; x_wconf 90' lang='grc' dir='ltr'>νῦν,</span> <span class='ocrx_word' id='word_1_70' title='bbox 1680 694 1862 777; x_wconf 76' lang='grc' dir='ltr'>φησὶν,</span> 
     </span>
     <span class='ocr_line' id='line_1_8' title="bbox 295 782 1866 865; baseline -0.001 -22"><span class='ocrx_word' id='word_1_71' title='bbox 295 787 373 852; x_wconf 79' lang='grc' dir='ltr'>ὣς</span> <span class='ocrx_word' id='word_1_72' title='bbox 388 788 493 843; x_wconf 77' lang='grc' dir='ltr'>τῶν</span> <span class='ocrx_word' id='word_1_73' title='bbox 517 783 689 843; x_wconf 80' lang='grc' dir='ltr'>ἄλλων</span> <span class='ocrx_word' id='word_1_74' title='bbox 713 782 808 861; x_wconf 83' lang='grc' dir='ltr'>μὲν</span> <span class='ocrx_word' id='word_1_75' title='bbox 836 784 1287 865; x_wconf 86' lang='grc' dir='ltr'>ἀμεριμνούντων,</span> <span class='ocrx_word' id='word_1_76' title='bbox 1310 785 1469 842; x_wconf 85' lang='grc' dir='ltr'>αὗτοῦ</span> <span class='ocrx_word' id='word_1_77' title='bbox 1491 782 1546 842; x_wconf 74' lang='grc' dir='ltr'>δὲ</span> <span class='ocrx_word' id='word_1_78' title='bbox 1570 783 1866 864; x_wconf 82' lang='grc' dir='ltr'>φροντίζον-</span> 
     </span>
     <span class='ocr_line' id='line_1_9' title="bbox 294 862 1864 952; baseline -0.001 -21"><span class='ocrx_word' id='word_1_79' title='bbox 294 895 397 938; x_wconf 87' lang='grc' dir='ltr'>τος.</span> <span class='ocrx_word' id='word_1_80' title='bbox 428 871 514 931; x_wconf 78' lang='grc' dir='ltr'>διὰ</span> <span class='ocrx_word' id='word_1_81' title='bbox 540 876 694 930; x_wconf 87' lang='grc' dir='ltr'>τοῦτο</span> <span class='ocrx_word' id='word_1_82' title='bbox 720 870 778 928; x_wconf 78' lang='grc' dir='ltr'>δὲ</span> <span class='ocrx_word' id='word_1_83' title='bbox 801 870 1070 952; x_wconf 81' lang='grc' dir='ltr'>ῥέγκουσιν</span> <span class='ocrx_word' id='word_1_84' title='bbox 1112 862 1276 945; x_wconf 70' lang='grc' dir='ltr'>εἶπεν,</span> <span class='ocrx_word' id='word_1_85' title='bbox 1305 870 1393 931; x_wconf 77' lang='grc' dir='ltr'>ἵνα</span> <span class='ocrx_word' id='word_1_86' title='bbox 1438 873 1638 949; x_wconf 69' lang='grc' dir='ltr'>μᾶλλον</span> <span class='ocrx_word' id='word_1_87' title='bbox 1677 871 1864 939; x_wconf 75' lang='grc' dir='ltr'>αὖτοὺς</span> 
     </span>
     <span class='ocr_line' id='line_1_10' title="bbox 295 957 1861 1041; baseline -0.001 -22"><span class='ocrx_word' id='word_1_88' title='bbox 295 959 436 1039; x_wconf 83' lang='grc' dir='ltr'><strong>δείξῃ</strong></span> <span class='ocrx_word' id='word_1_89' title='bbox 460 959 636 1030; x_wconf 84' lang='grc' dir='ltr'>πάσης</span> <span class='ocrx_word' id='word_1_90' title='bbox 662 958 814 1025; x_wconf 81' lang='grc' dir='ltr'>ὄντας</span> <span class='ocrx_word' id='word_1_91' title='bbox 836 958 935 1028; x_wconf 78' lang='grc' dir='ltr'>ἔξω</span> <span class='ocrx_word' id='word_1_92' title='bbox 951 959 1236 1041; x_wconf 77' lang='grc' dir='ltr'>φροντίδος.</span> <span class='ocrx_word' id='word_1_93' title='bbox 1265 962 1371 1018; x_wconf 76' lang='grc' dir='ltr'>τῶν</span> <span class='ocrx_word' id='word_1_94' title='bbox 1398 959 1502 1040; x_wconf 69' lang='grc' dir='ltr'>γὰρ</span> <span class='ocrx_word' id='word_1_95' title='bbox 1532 957 1730 1040; x_wconf 86' lang='grc' dir='ltr'>βαθέως</span> <span class='ocrx_word' id='word_1_96' title='bbox 1756 982 1861 1018; x_wconf 85' lang='grc' dir='ltr'>κα·-</span> 
     </span>
     <span class='ocr_line' id='line_1_11' title="bbox 295 1045 1860 1131; baseline 0 -24"><span class='ocrx_word' id='word_1_97' title='bbox 295 1047 575 1108; x_wconf 87' lang='grc' dir='ltr'>θευδόντων</span> <span class='ocrx_word' id='word_1_98' title='bbox 599 1047 730 1106; x_wconf 79' lang='grc' dir='ltr'>ἴδιον</span> <span class='ocrx_word' id='word_1_99' title='bbox 756 1045 818 1107; x_wconf 74' lang='grc' dir='ltr'>τὸ</span> <span class='ocrx_word' id='word_1_100' title='bbox 848 1046 1069 1129; x_wconf 86' lang='grc' dir='ltr'>ῥέγκειν,</span> <span class='ocrx_word' id='word_1_101' title='bbox 1092 1051 1197 1107; x_wconf 83' lang='grc' dir='ltr'>τῶν</span> <span class='ocrx_word' id='word_1_102' title='bbox 1219 1045 1277 1106; x_wconf 66' lang='grc' dir='ltr'>δὲ</span> <span class='ocrx_word' id='word_1_103' title='bbox 1302 1046 1465 1125; x_wconf 77' lang='grc' dir='ltr'>μηδὲν</span> <span class='ocrx_word' id='word_1_104' title='bbox 1488 1046 1860 1131; x_wconf 77' lang='grc' dir='ltr'>φροντιζόντων</span> 
     </span>
     <span class='ocr_line' id='line_1_12' title="bbox 218 1134 1858 1216; baseline 0.001 -21"><span class='ocrx_word' id='word_1_105' title='bbox 218 1161 268 1202; x_wconf 87' lang='lat'>10</span> <span class='ocrx_word' id='word_1_106' title='bbox 293 1134 354 1195; x_wconf 83' lang='grc' dir='ltr'>τὸ</span> <span class='ocrx_word' id='word_1_107' title='bbox 386 1136 586 1216; x_wconf 86' lang='grc' dir='ltr'>βαθέως</span> <span class='ocrx_word' id='word_1_108' title='bbox 620 1139 927 1213; x_wconf 71' lang='grc' dir='ltr'>κοιμᾶσθαι.</span> <span class='ocrx_word' id='word_1_109' title='bbox 950 1169 1032 1181; x_wconf 89' lang='grc'>--</span> <span class='ocrx_word' id='word_1_110' title='bbox 1055 1134 1297 1216; x_wconf 86' lang='grc' dir='ltr'>ῥέγκουσι</span> <span class='ocrx_word' id='word_1_111' title='bbox 1328 1156 1344 1195; x_wconf 88' lang='lat'>:</span> <span class='ocrx_word' id='word_1_112' title='bbox 1377 1135 1488 1195; x_wconf 75' lang='grc' dir='ltr'>ἐστι</span> <span class='ocrx_word' id='word_1_113' title='bbox 1516 1135 1573 1195; x_wconf 72' lang='grc' dir='ltr'>δὲ</span> <span class='ocrx_word' id='word_1_114' title='bbox 1608 1135 1858 1196; x_wconf 76' lang='grc' dir='ltr'>Ἀττικόν.</span> 
     </span>
     <span class='ocr_line' id='line_1_13' title="bbox 294 1220 1859 1304; baseline 0.002 -23"><span class='ocrx_word' id='word_1_115' title='bbox 294 1223 411 1282; x_wconf 75' lang='grc' dir='ltr'>ἐπεὶ</span> <span class='ocrx_word' id='word_1_116' title='bbox 430 1222 522 1281; x_wconf 79' lang='grc' dir='ltr'>καὶ</span> <span class='ocrx_word' id='word_1_117' title='bbox 550 1221 796 1304; x_wconf 82' lang='grc' dir='ltr'>ῥέγχουσι</span> <span class='ocrx_word' id='word_1_118' title='bbox 816 1245 902 1302; x_wconf 92' lang='grc' dir='ltr'>γρ.</span> <span class='ocrx_word' id='word_1_119' title='bbox 934 1221 997 1281; x_wconf 81' lang='grc' dir='ltr'>τὸ</span> <span class='ocrx_word' id='word_1_120' title='bbox 1019 1220 1076 1281; x_wconf 76' lang='grc' dir='ltr'>δὲ</span> <span class='ocrx_word' id='word_1_121' title='bbox 1103 1221 1374 1304; x_wconf 75' lang='grc' dir='ltr'>ῥέγκουσιν</span> <span class='ocrx_word' id='word_1_122' title='bbox 1403 1223 1508 1283; x_wconf 84' lang='grc' dir='ltr'>ἀπὸ</span> <span class='ocrx_word' id='word_1_123' title='bbox 1532 1225 1637 1281; x_wconf 77' lang='grc' dir='ltr'>τῶν</span> <span class='ocrx_word' id='word_1_124' title='bbox 1668 1221 1859 1284; x_wconf 85' lang='grc' dir='ltr'>Ἰώνων</span> 
     </span>
     <span class='ocr_line' id='line_1_14' title="bbox 300 1306 1857 1393; baseline 0.001 -24"><span class='ocrx_word' id='word_1_125' title='bbox 300 1308 515 1387; x_wconf 81' lang='grc' dir='ltr'>λέγουσι</span> <span class='ocrx_word' id='word_1_126' title='bbox 536 1308 813 1381; x_wconf 77' lang='grc' dir='ltr'>λαὸόντες,</span> <span class='ocrx_word' id='word_1_127' title='bbox 835 1306 1019 1376; x_wconf 81' lang='grc' dir='ltr'>οἵτινες</span> <span class='ocrx_word' id='word_1_128' title='bbox 1053 1309 1137 1368; x_wconf 74' lang='grc' dir='ltr'>ἀεὶ</span> <span class='ocrx_word' id='word_1_129' title='bbox 1159 1307 1230 1368; x_wconf 83' lang='grc' dir='ltr'>τὰ</span> <span class='ocrx_word' id='word_1_130' title='bbox 1271 1308 1436 1369; x_wconf 86' lang='grc' dir='ltr'>δασέα</span> <span class='ocrx_word' id='word_1_131' title='bbox 1476 1313 1549 1378; x_wconf 86' lang='grc' dir='ltr'>εἰς</span> <span class='ocrx_word' id='word_1_132' title='bbox 1582 1308 1715 1393; x_wconf 76' lang='grc' dir='ltr'>ψιλὰ</span> <span class='ocrx_word' id='word_1_133' title='bbox 1738 1309 1857 1393; x_wconf 45' lang='grc' dir='ltr'>τρέε</span> 
     </span>
     <span class='ocr_line' id='line_1_15' title="bbox 300 1394 1858 1481; baseline 0.001 -24"><span class='ocrx_word' id='word_1_134' title='bbox 300 1420 473 1458; x_wconf 89' lang='grc' dir='ltr'>πουσι.</span> <span class='ocrx_word' id='word_1_135' title='bbox 501 1407 637 1458; x_wconf 76' lang='lat' dir='ltr'><strong>Harl.</strong></span> <span class='ocrx_word' id='word_1_136' title='bbox 661 1418 709 1457; x_wconf 76' lang='lat'>5.</span> <span class='ocrx_word' id='word_1_137' title='bbox 749 1395 947 1478; x_wconf 87' lang='grc' dir='ltr'>βαθέως</span> <span class='ocrx_word' id='word_1_138' title='bbox 972 1394 1297 1456; x_wconf 78' lang='grc' dir='ltr'>ὖπνώττουσι</span> <span class='ocrx_word' id='word_1_139' title='bbox 1308 1397 1402 1457; x_wconf 82' lang='grc' dir='ltr'>καὶ</span> <span class='ocrx_word' id='word_1_140' title='bbox 1425 1396 1461 1456; x_wconf 80' lang='grc'><strong><em>8</em></strong></span> <span class='ocrx_word' id='word_1_141' title='bbox 1476 1419 1634 1481; x_wconf 86' lang='grc' dir='ltr'>φασιν</span> <span class='ocrx_word' id='word_1_142' title='bbox 1662 1400 1858 1459; x_wconf 84' lang='grc' dir='ltr'>ἰδιωτι·</span> 
     </span>
     <span class='ocr_line' id='line_1_16' title="bbox 298 1484 1705 1566; baseline 0.004 -22"><span class='ocrx_word' id='word_1_143' title='bbox 298 1487 404 1552; x_wconf 82' lang='grc' dir='ltr'>κῶς</span> <span class='ocrx_word' id='word_1_144' title='bbox 426 1484 774 1566; x_wconf 82' lang='grc' dir='ltr'>ῥοχαλίζουσι.</span> <span class='ocrx_word' id='word_1_145' title='bbox 800 1486 874 1545; x_wconf 95' lang='grc' dir='ltr'>Θ.</span> <span class='ocrx_word' id='word_1_146' title='bbox 1698 1501 1705 1506; x_wconf 92' lang='grc'><em>“</em></span> 
     </span>
     <span class='ocr_line' id='line_1_17' title="bbox 218 1571 1857 1661; baseline 0.003 -29"><span class='ocrx_word' id='word_1_147' title='bbox 218 1594 267 1635; x_wconf 73' lang='grc' dir='ltr'>ιε</span> <span class='ocrx_word' id='word_1_148' title='bbox 380 1573 517 1652; x_wconf 81' lang='grc' dir='ltr'>(ἀλλ’</span> <span class='ocrx_word' id='word_1_149' title='bbox 546 1575 641 1634; x_wconf 77' lang='grc' dir='ltr'>οὔκ</span> <span class='ocrx_word' id='word_1_150' title='bbox 667 1571 732 1631; x_wconf 75' lang='grc' dir='ltr'>ἂν</span> <span class='ocrx_word' id='word_1_151' title='bbox 755 1576 948 1653; x_wconf 81' lang='grc' dir='ltr'>προτοῦ</span> <span class='ocrx_word' id='word_1_152' title='bbox 977 1593 992 1632; x_wconf 90' lang='lat'><strong>:</strong></span> <span class='ocrx_word' id='word_1_153' title='bbox 1020 1572 1159 1632; x_wconf 78' lang='grc' dir='ltr'>Ἀλλ’</span> <span class='ocrx_word' id='word_1_154' title='bbox 1179 1574 1275 1632; x_wconf 78' lang='grc' dir='ltr'>οὐκ</span> <span class='ocrx_word' id='word_1_155' title='bbox 1297 1572 1362 1632; x_wconf 75' lang='grc' dir='ltr'>ἂν</span> <span class='ocrx_word' id='word_1_156' title='bbox 1384 1573 1655 1656; x_wconf 87' lang='grc' dir='ltr'>πρότερον.</span> <span class='ocrx_word' id='word_1_157' title='bbox 1677 1579 1731 1636; x_wconf 84' lang='grc' dir='ltr'>ἐν</span> <span class='ocrx_word' id='word_1_158' title='bbox 1754 1576 1857 1661; x_wconf 77' lang='grc' dir='ltr'>γὰρ</span> 
     </span>
     <span class='ocr_line' id='line_1_18' title="bbox 288 1659 1858 1744; baseline 0.004 -25"><span class='ocrx_word' id='word_1_159' title='bbox 288 1666 356 1743; x_wconf 86' lang='grc' dir='ltr'>τῇ</span> <span class='ocrx_word' id='word_1_160' title='bbox 383 1661 590 1743; x_wconf 82' lang='grc' dir='ltr'>εἰρήνῃ,</span> <span class='ocrx_word' id='word_1_161' title='bbox 617 1659 795 1742; x_wconf 78' lang='grc' dir='ltr'>φησὶν,</span> <span class='ocrx_word' id='word_1_162' title='bbox 830 1659 1117 1738; x_wconf 77' lang='grc' dir='ltr'>ἐξέπεμπον</span> <span class='ocrx_word' id='word_1_163' title='bbox 1159 1659 1345 1729; x_wconf 74' lang='grc' dir='ltr'>αὐτοὺς</span> <span class='ocrx_word' id='word_1_164' title='bbox 1378 1663 1755 1744; x_wconf 80' lang='grc' dir='ltr'>ἐργασομένους</span> <span class='ocrx_word' id='word_1_165' title='bbox 1785 1671 1858 1735; x_wconf 85' lang='grc' dir='ltr'>εἰς</span> 
     </span>
     <span class='ocr_line' id='line_1_19' title="bbox 288 1745 1856 1833; baseline 0.003 -26"><span class='ocrx_word' id='word_1_166' title='bbox 288 1747 407 1816; x_wconf 76' lang='grc' dir='ltr'>τοὺς</span> <span class='ocrx_word' id='word_1_167' title='bbox 433 1745 647 1827; x_wconf 70' lang='grc' dir='ltr'>ἀγροὺς,</span> <span class='ocrx_word' id='word_1_168' title='bbox 674 1750 746 1814; x_wconf 78' lang='grc' dir='ltr'>ὣς</span> <span class='ocrx_word' id='word_1_169' title='bbox 771 1745 874 1806; x_wconf 77' lang='grc' dir='ltr'>ὑπὸ</span> <span class='ocrx_word' id='word_1_170' title='bbox 895 1751 989 1819; x_wconf 90' lang='grc' dir='ltr'>τῆς</span> <span class='ocrx_word' id='word_1_171' title='bbox 1012 1747 1133 1829; x_wconf 77' lang='grc' dir='ltr'>περὶ</span> <span class='ocrx_word' id='word_1_172' title='bbox 1159 1747 1254 1820; x_wconf 75' lang='grc' dir='ltr'>τὴν</span> <span class='ocrx_word' id='word_1_173' title='bbox 1283 1749 1575 1829; x_wconf 87' lang='grc' dir='ltr'>γεωπονίαν</span> <span class='ocrx_word' id='word_1_174' title='bbox 1604 1753 1856 1833; x_wconf 77' lang='grc' dir='ltr'>ἀσχολίας</span> 
     </span>
     <span class='ocr_line' id='line_1_20' title="bbox 292 1832 1754 1918; baseline 0.003 -25"><span class='ocrx_word' id='word_1_175' title='bbox 292 1834 367 1914; x_wconf 73' lang='grc' dir='ltr'>μὴ</span> <span class='ocrx_word' id='word_1_176' title='bbox 398 1834 593 1901; x_wconf 84' lang='grc' dir='ltr'>ἀνέτως</span> <span class='ocrx_word' id='word_1_177' title='bbox 619 1832 757 1911; x_wconf 82' lang='grc' dir='ltr'>μηδὲ</span> <span class='ocrx_word' id='word_1_178' title='bbox 784 1832 919 1894; x_wconf 74' lang='grc' dir='ltr'>οὕτω</span> <span class='ocrx_word' id='word_1_179' title='bbox 945 1834 1142 1916; x_wconf 85' lang='grc' dir='ltr'>βαθέως</span> <span class='ocrx_word' id='word_1_180' title='bbox 1166 1835 1417 1897; x_wconf 90' lang='grc' dir='ltr'>δύνασθαι</span> <span class='ocrx_word' id='word_1_181' title='bbox 1442 1837 1754 1918; x_wconf 81' lang='grc' dir='ltr'>καθεύδειν.)</span> 
     </span>
     <span class='ocr_line' id='line_1_21' title="bbox 370 1912 1853 2003; baseline 0.005 -22"><span class='ocrx_word' id='word_1_182' title='bbox 370 1943 415 1985; x_wconf 81' lang='grc' dir='ltr'>ε.</span> <span class='ocrx_word' id='word_1_183' title='bbox 437 1922 657 1982; x_wconf 78' lang='grc' dir='ltr'>ἀπόλοιο</span> <span class='ocrx_word' id='word_1_184' title='bbox 683 1922 814 1996; x_wconf 88' lang='grc' dir='ltr'>δῆτ’,</span> <span class='ocrx_word' id='word_1_185' title='bbox 835 1912 880 1981; x_wconf 68' lang='grc' dir='ltr'>ὦ</span> <span class='ocrx_word' id='word_1_186' title='bbox 902 1921 1101 2001; x_wconf 87' lang='grc' dir='ltr'>πόλεμε</span> <span class='ocrx_word' id='word_1_187' title='bbox 1123 1944 1138 1984; x_wconf 87' lang='lat'>:</span> <span class='ocrx_word' id='word_1_188' title='bbox 1170 1925 1414 2003; x_wconf 84' lang='grc' dir='ltr'>Πόλεμος</span> <span class='ocrx_word' id='word_1_189' title='bbox 1438 1917 1501 1998; x_wconf 72' lang='grc' dir='ltr'>ἦν</span> <span class='ocrx_word' id='word_1_190' title='bbox 1538 1929 1657 1986; x_wconf 89' lang='grc' dir='ltr'>κατ’</span> <span class='ocrx_word' id='word_1_191' title='bbox 1688 1930 1853 1988; x_wconf 80' lang='grc' dir='ltr'>ἐκεῖνο</span> 
     </span>
     <span class='ocr_line' id='line_1_22' title="bbox 209 2009 1850 2094; baseline 0.007 -29"><span class='ocrx_word' id='word_1_192' title='bbox 209 2027 267 2068; x_wconf 83' lang='lat'>20</span> <span class='ocrx_word' id='word_1_193' title='bbox 295 2016 477 2093; x_wconf 91' lang='grc' dir='ltr'>καιροῦ</span> <span class='ocrx_word' id='word_1_194' title='bbox 501 2009 594 2070; x_wconf 77' lang='grc' dir='ltr'>καὶ</span> <span class='ocrx_word' id='word_1_195' title='bbox 615 2014 860 2070; x_wconf 89' lang='grc' dir='ltr'>τοσοῦτον</span> <span class='ocrx_word' id='word_1_196' title='bbox 888 2009 1246 2091; x_wconf 81' lang='grc' dir='ltr'>ἐδυστύχησαν</span> <span class='ocrx_word' id='word_1_197' title='bbox 1272 2013 1532 2086; x_wconf 80' lang='grc' dir='ltr'>Ἀθηναῖοι</span> <span class='ocrx_word' id='word_1_198' title='bbox 1554 2012 1691 2075; x_wconf 80' lang='grc' dir='ltr'>ὥστε</span> <span class='ocrx_word' id='word_1_199' title='bbox 1716 2015 1850 2094; x_wconf 74' lang='grc' dir='ltr'>μηδὲ</span> 
     </span>
     <span class='ocr_line' id='line_1_23' title="bbox 288 2094 1852 2181; baseline 0.004 -23"><span class='ocrx_word' id='word_1_200' title='bbox 288 2098 355 2158; x_wconf 74' lang='grc' dir='ltr'>τὰ</span> <span class='ocrx_word' id='word_1_201' title='bbox 375 2096 600 2177; x_wconf 83' lang='grc' dir='ltr'>σώματα</span> <span class='ocrx_word' id='word_1_202' title='bbox 620 2102 724 2156; x_wconf 83' lang='grc' dir='ltr'>τῶν</span> <span class='ocrx_word' id='word_1_203' title='bbox 753 2097 1115 2157; x_wconf 79' lang='grc' dir='ltr'>ἀποθανόντων</span> <span class='ocrx_word' id='word_1_204' title='bbox 1140 2105 1372 2181; x_wconf 88' lang='grc' dir='ltr'>ταφῆναι</span> <span class='ocrx_word' id='word_1_205' title='bbox 1399 2100 1498 2169; x_wconf 80' lang='grc' dir='ltr'>ἕως</span> <span class='ocrx_word' id='word_1_206' title='bbox 1524 2094 1584 2162; x_wconf 71' lang='grc' dir='ltr'>οὗ</span> <span class='ocrx_word' id='word_1_207' title='bbox 1602 2106 1651 2163; x_wconf 86' lang='grc' dir='ltr'>οῖ</span> <span class='ocrx_word' id='word_1_208' title='bbox 1679 2105 1852 2165; x_wconf 90' lang='grc' dir='ltr'>δοῦλοι</span> 
     </span>
     <span class='ocr_line' id='line_1_24' title="bbox 288 2183 1851 2272; baseline 0.006 -28"><span class='ocrx_word' id='word_1_209' title='bbox 288 2183 573 2254; x_wconf 73' lang='grc' dir='ltr'>ἐξελθόντες</span> <span class='ocrx_word' id='word_1_210' title='bbox 586 2184 832 2258; x_wconf 87' lang='grc' dir='ltr'>ἐνίκησαν</span> <span class='ocrx_word' id='word_1_211' title='bbox 845 2183 960 2252; x_wconf 76' lang='grc' dir='ltr'>τοὺς</span> <span class='ocrx_word' id='word_1_212' title='bbox 977 2186 1421 2264; x_wconf 88' lang='grc' dir='ltr'>Λακεδαιμονίους</span> <span class='ocrx_word' id='word_1_213' title='bbox 1437 2190 1558 2272; x_wconf 74' lang='grc' dir='ltr'>περὶ</span> <span class='ocrx_word' id='word_1_214' title='bbox 1583 2191 1851 2272; x_wconf 83' lang='grc' dir='ltr'>Ἀργενού-</span> 
     </span>
     <span class='ocr_line' id='line_1_25' title="bbox 289 2271 1849 2354; baseline 0.004 -22"><span class='ocrx_word' id='word_1_215' title='bbox 289 2296 385 2340; x_wconf 88' lang='grc' dir='ltr'>σας</span> <span class='ocrx_word' id='word_1_216' title='bbox 411 2271 587 2332; x_wconf 75' lang='grc' dir='ltr'>καὶτὰ</span> <span class='ocrx_word' id='word_1_217' title='bbox 607 2272 831 2351; x_wconf 82' lang='grc' dir='ltr'>σώματα</span> <span class='ocrx_word' id='word_1_218' title='bbox 856 2274 961 2331; x_wconf 79' lang='grc' dir='ltr'>τῶν</span> <span class='ocrx_word' id='word_1_219' title='bbox 990 2272 1354 2334; x_wconf 77' lang='grc' dir='ltr'>ἀποθανόντων</span> <span class='ocrx_word' id='word_1_220' title='bbox 1378 2276 1632 2354; x_wconf 85' lang='grc' dir='ltr'>ἐκόμισαν</span> <span class='ocrx_word' id='word_1_221' title='bbox 1650 2280 1743 2338; x_wconf 84' lang='grc' dir='ltr'>καὶ</span> <span class='ocrx_word' id='word_1_222' title='bbox 1763 2281 1849 2340; x_wconf 78' lang='grc' dir='ltr'>διὰ</span> 
     </span>
     <span class='ocr_line' id='line_1_26' title="bbox 286 2358 1851 2440; baseline 0.006 -21"><span class='ocrx_word' id='word_1_223' title='bbox 286 2366 440 2420; x_wconf 86' lang='grc' dir='ltr'>τοῦτο</span> <span class='ocrx_word' id='word_1_224' title='bbox 465 2358 896 2440; x_wconf 73' lang='grc' dir='ltr'>ἠλευθερώθησαν</span> <span class='ocrx_word' id='word_1_225' title='bbox 931 2360 1021 2419; x_wconf 76' lang='grc' dir='ltr'>καὶ</span> <span class='ocrx_word' id='word_1_226' title='bbox 1047 2363 1143 2420; x_wconf 86' lang='grc' dir='ltr'>οὗκ</span> <span class='ocrx_word' id='word_1_227' title='bbox 1164 2361 1280 2433; x_wconf 85' lang='grc' dir='ltr'>ἐξῆν</span> <span class='ocrx_word' id='word_1_228' title='bbox 1300 2364 1464 2424; x_wconf 75' lang='grc' dir='ltr'>οὐδενὶ</span> <span class='ocrx_word' id='word_1_229' title='bbox 1484 2364 1697 2426; x_wconf 79' lang='grc' dir='ltr'>τύπτειν</span> <span class='ocrx_word' id='word_1_230' title='bbox 1730 2371 1851 2427; x_wconf 86' lang='grc' dir='ltr'>δοῦ-</span> 
     </span>
     <span class='ocr_line' id='line_1_27' title="bbox 207 2446 1849 2534; baseline 0.005 -26"><span class='ocrx_word' id='word_1_231' title='bbox 207 2470 260 2511; x_wconf 72' lang='lat'>25</span> <span class='ocrx_word' id='word_1_232' title='bbox 283 2450 397 2509; x_wconf 85' lang='grc' dir='ltr'>λον.·</span> <span class='ocrx_word' id='word_1_233' title='bbox 414 2447 450 2521; x_wconf 82' lang='grc' dir='ltr'>ἢ</span> <span class='ocrx_word' id='word_1_234' title='bbox 473 2447 553 2507; x_wconf 70' lang='grc' dir='ltr'>ὅτι</span> <span class='ocrx_word' id='word_1_235' title='bbox 576 2451 631 2507; x_wconf 80' lang='grc' dir='ltr'>ἐν</span> <span class='ocrx_word' id='word_1_236' title='bbox 656 2447 833 2529; x_wconf 78' lang='grc' dir='ltr'>εἰρήνῃ</span> <span class='ocrx_word' id='word_1_237' title='bbox 858 2446 1147 2527; x_wconf 75' lang='grc' dir='ltr'>ἐξέπεμπον</span> <span class='ocrx_word' id='word_1_238' title='bbox 1167 2451 1351 2519; x_wconf 76' lang='grc' dir='ltr'>αὖτοὺς</span> <span class='ocrx_word' id='word_1_239' title='bbox 1367 2452 1745 2534; x_wconf 70' lang='grc' dir='ltr'>ἐργασομένους</span> <span class='ocrx_word' id='word_1_240' title='bbox 1778 2460 1849 2527; x_wconf 85' lang='grc' dir='ltr'>εἰς</span> 
     </span>
     <span class='ocr_line' id='line_1_28' title="bbox 287 2535 1845 2622; baseline 0.007 -30"><span class='ocrx_word' id='word_1_241' title='bbox 287 2536 375 2596; x_wconf 83' lang='grc' dir='ltr'>τὸν</span> <span class='ocrx_word' id='word_1_242' title='bbox 398 2535 583 2618; x_wconf 81' lang='grc' dir='ltr'>ἀγρὸν,</span> <span class='ocrx_word' id='word_1_243' title='bbox 609 2539 680 2603; x_wconf 81' lang='grc' dir='ltr'>ὣς</span> <span class='ocrx_word' id='word_1_244' title='bbox 707 2535 809 2594; x_wconf 75' lang='grc' dir='ltr'>ὑπὸ</span> <span class='ocrx_word' id='word_1_245' title='bbox 835 2539 930 2608; x_wconf 86' lang='grc' dir='ltr'>τῆς</span> <span class='ocrx_word' id='word_1_246' title='bbox 955 2536 1078 2618; x_wconf 77' lang='grc' dir='ltr'>περὶ</span> <span class='ocrx_word' id='word_1_247' title='bbox 1104 2536 1200 2610; x_wconf 76' lang='grc' dir='ltr'>τὴν</span> <span class='ocrx_word' id='word_1_248' title='bbox 1240 2539 1497 2620; x_wconf 81' lang='grc' dir='ltr'>γεωργίαν</span> <span class='ocrx_word' id='word_1_249' title='bbox 1533 2544 1731 2622; x_wconf 79' lang='grc' dir='ltr'>σχολῆς</span> <span class='ocrx_word' id='word_1_250' title='bbox 1769 2545 1845 2622; x_wconf 83' lang='grc' dir='ltr'>μὴ</span> 
     </span>
     <span class='ocr_line' id='line_1_29' title="bbox 287 2621 1847 2711; baseline 0.005 -28"><span class='ocrx_word' id='word_1_251' title='bbox 287 2623 538 2683; x_wconf 88' lang='grc' dir='ltr'>δύνασθαι</span> <span class='ocrx_word' id='word_1_252' title='bbox 577 2621 714 2682; x_wconf 72' lang='grc' dir='ltr'>οὕτω</span> <span class='ocrx_word' id='word_1_253' title='bbox 749 2622 986 2703; x_wconf 83' lang='grc' dir='ltr'>(βαθέως)</span> <span class='ocrx_word' id='word_1_254' title='bbox 1026 2623 1312 2685; x_wconf 78' lang='grc' dir='ltr'>καθεύδειν.</span> <span class='ocrx_word' id='word_1_255' title='bbox 1341 2638 1401 2685; x_wconf 83' lang='lat' dir='ltr'>R.</span> <span class='ocrx_word' id='word_1_256' title='bbox 1435 2640 1498 2686; x_wconf 77' lang='lat' dir='ltr'>V.</span> <span class='ocrx_word' id='word_1_257' title='bbox 1540 2629 1739 2711; x_wconf 74' lang='grc' dir='ltr'>[φασὶν</span> <span class='ocrx_word' id='word_1_258' title='bbox 1778 2639 1847 2701; x_wconf 84' lang='grc' dir='ltr'>ὡς</span> 
     </span>
     <span class='ocr_line' id='line_1_30' title="bbox 284 2709 1846 2799; baseline 0.009 -33"><span class='ocrx_word' id='word_1_259' title='bbox 284 2709 562 2782; x_wconf 83' lang='grc' dir='ltr'>Ἀθηναῖοι,</span> <span class='ocrx_word' id='word_1_260' title='bbox 582 2710 1012 2787; x_wconf 82' lang='grc' dir='ltr'>Λακεδαιμονίοις</span> <span class='ocrx_word' id='word_1_261' title='bbox 1035 2713 1089 2769; x_wconf 84' lang='grc' dir='ltr'>ἐν</span> <span class='ocrx_word' id='word_1_262' title='bbox 1114 2712 1464 2794; x_wconf 84' lang='grc' dir='ltr'>Ἀργινούσαις</span> <span class='ocrx_word' id='word_1_263' title='bbox 1485 2719 1846 2799; x_wconf 81' lang='grc' dir='ltr'>ναυμαχήσειν</span> 
     </span>
     <span class='ocr_line' id='line_1_31' title="bbox 286 2797 1847 2887; baseline 0.007 -30"><span class='ocrx_word' id='word_1_264' title='bbox 286 2797 587 2875; x_wconf 81' lang='grc' dir='ltr'>μέλλοντες,</span> <span class='ocrx_word' id='word_1_265' title='bbox 604 2806 856 2880; x_wconf 85' lang='grc' dir='ltr'>προεῖπον</span> <span class='ocrx_word' id='word_1_266' title='bbox 876 2806 982 2868; x_wconf 85' lang='grc' dir='ltr'>τοῖς</span> <span class='ocrx_word' id='word_1_267' title='bbox 1004 2797 1230 2874; x_wconf 88' lang='grc' dir='ltr'>δούλοις,</span> <span class='ocrx_word' id='word_1_268' title='bbox 1248 2804 1319 2870; x_wconf 81' lang='grc' dir='ltr'>ὣς</span> <span class='ocrx_word' id='word_1_269' title='bbox 1341 2801 1492 2872; x_wconf 75' lang='grc' dir='ltr'>εἴτις</span> <span class='ocrx_word' id='word_1_270' title='bbox 1513 2808 1685 2865; x_wconf 79' lang='grc' dir='ltr'>αὐτῶν</span> <span class='ocrx_word' id='word_1_271' title='bbox 1715 2832 1847 2887; x_wconf 85' lang='grc' dir='ltr'>συμ-</span> 
     </span>
     <span class='ocr_line' id='line_1_32' title="bbox 202 2885 1843 2999; baseline 0.007 -56"><span class='ocrx_word' id='word_1_272' title='bbox 202 2906 256 2947; x_wconf 76' lang='lat'>³0</span> <span class='ocrx_word' id='word_1_273' title='bbox 282 2885 641 2965; x_wconf 81' lang='grc' dir='ltr'>παρατάξεται</span> <span class='ocrx_word' id='word_1_274' title='bbox 663 2891 729 2965; x_wconf 88' lang='grc' dir='ltr'>τῇ</span> <span class='ocrx_word' id='word_1_275' title='bbox 752 2886 1048 2999; x_wconf 35' lang='grc' dir='ltr'>ναυμαςχία,</span> <span class='ocrx_word' id='word_1_276' title='bbox 1076 2892 1233 2965; x_wconf 86' lang='grc' dir='ltr'>τιμῆς</span> <span class='ocrx_word' id='word_1_277' title='bbox 1247 2891 1319 2956; x_wconf 89' lang='grc' dir='ltr'>εἰς</span> <span class='ocrx_word' id='word_1_278' title='bbox 1334 2889 1395 2949; x_wconf 78' lang='grc' dir='ltr'>τὸ</span> <span class='ocrx_word' id='word_1_279' title='bbox 1407 2891 1589 2952; x_wconf 87' lang='grc' dir='ltr'>λοιπὸν</span> <span class='ocrx_word' id='word_1_280' title='bbox 1605 2895 1843 2955; x_wconf 82' lang='grc' dir='ltr'>ἀπολαύ-</span> 
     </span>
     <span class='ocr_line' id='line_1_33' title="bbox 282 2974 1844 3059; baseline 0.007 -27"><span class='ocrx_word' id='word_1_281' title='bbox 282 2997 435 3033; x_wconf 88' lang='grc' dir='ltr'>σειεν.</span> <span class='ocrx_word' id='word_1_282' title='bbox 476 2974 847 3054; x_wconf 85' lang='grc' dir='ltr'>βοηθησάντων</span> <span class='ocrx_word' id='word_1_283' title='bbox 884 2997 974 3033; x_wconf 92' lang='grc' dir='ltr'>ουν</span> <span class='ocrx_word' id='word_1_284' title='bbox 1009 2979 1113 3035; x_wconf 85' lang='grc' dir='ltr'>τῶν</span> <span class='ocrx_word' id='word_1_285' title='bbox 1147 2975 1363 3052; x_wconf 89' lang='grc' dir='ltr'>δούλων,</span> <span class='ocrx_word' id='word_1_286' title='bbox 1395 2981 1844 3059; x_wconf 85' lang='grc' dir='ltr'>Λακεδαιμονίους</span> 
     </span>
     <span class='ocr_line' id='line_1_34' title="bbox 282 3058 1844 3145; baseline 0.008 -25"><span class='ocrx_word' id='word_1_287' title='bbox 282 3061 545 3135; x_wconf 81' lang='grc' dir='ltr'>ἐνίκησαν.</span> <span class='ocrx_word' id='word_1_288' title='bbox 579 3062 671 3121; x_wconf 83' lang='grc' dir='ltr'>καὶ</span> <span class='ocrx_word' id='word_1_289' title='bbox 703 3068 870 3121; x_wconf 87' lang='grc' dir='ltr'>ταῦτα</span> <span class='ocrx_word' id='word_1_290' title='bbox 906 3062 1002 3140; x_wconf 83' lang='grc' dir='ltr'>μέν</span> <span class='ocrx_word' id='word_1_291' title='bbox 1042 3088 1176 3132; x_wconf 89' lang='grc' dir='ltr'>τινες</span> <span class='ocrx_word' id='word_1_292' title='bbox 1198 3064 1475 3145; x_wconf 75' lang='grc' dir='ltr'>φάσκουσι.</span> <span class='ocrx_word' id='word_1_293' title='bbox 1498 3069 1561 3128; x_wconf 83' lang='grc' dir='ltr'>τὸ</span> <span class='ocrx_word' id='word_1_294' title='bbox 1580 3058 1630 3129; x_wconf 82' lang='grc' dir='ltr'>δ’</span> <span class='ocrx_word' id='word_1_295' title='bbox 1656 3071 1844 3145; x_wconf 74' lang='grc' dir='ltr'>ἀληθὲς</span> 
     </span>
     <span class='ocr_line' id='line_1_35' title="bbox 279 3147 1836 3236; baseline 0.006 -29"><span class='ocrx_word' id='word_1_296' title='bbox 279 3147 442 3215; x_wconf 69' lang='grc' dir='ltr'>οὕτως</span> <span class='ocrx_word' id='word_1_297' title='bbox 465 3148 593 3227; x_wconf 84' lang='grc' dir='ltr'>ἔχει.</span> <span class='ocrx_word' id='word_1_298' title='bbox 620 3149 908 3221; x_wconf 76' lang='grc' dir='ltr'>Ἀθηναίοις</span> <span class='ocrx_word' id='word_1_299' title='bbox 929 3150 1020 3209; x_wconf 80' lang='grc' dir='ltr'>καὶ</span> <span class='ocrx_word' id='word_1_300' title='bbox 1047 3153 1482 3232; x_wconf 84' lang='grc' dir='ltr'>Λακεδαιμονίοις</span> <span class='ocrx_word' id='word_1_301' title='bbox 1502 3155 1733 3236; x_wconf 89' lang='grc' dir='ltr'>πόλεμος</span> <span class='ocrx_word' id='word_1_302' title='bbox 1750 3150 1836 3232; x_wconf 73' lang='grc' dir='ltr'>ἦν.</span> 
     </span>
     <span class='ocr_line' id='line_1_36' title="bbox 280 3228 1842 3320; baseline 0.008 -26"><span class='ocrx_word' id='word_1_303' title='bbox 280 3238 373 3294; x_wconf 84' lang='grc' dir='ltr'>οὗκ</span> <span class='ocrx_word' id='word_1_304' title='bbox 408 3235 592 3307; x_wconf 81' lang='grc' dir='ltr'>ἤθελον</span> <span class='ocrx_word' id='word_1_305' title='bbox 616 3228 706 3295; x_wconf 69' lang='grc' dir='ltr'>οὖν</span> <span class='ocrx_word' id='word_1_306' title='bbox 737 3236 998 3309; x_wconf 78' lang='grc' dir='ltr'>Ἀθηναῖοι</span> <span class='ocrx_word' id='word_1_307' title='bbox 1019 3238 1140 3306; x_wconf 82' lang='grc' dir='ltr'>τοὺς</span> <span class='ocrx_word' id='word_1_308' title='bbox 1167 3239 1378 3309; x_wconf 85' lang='grc' dir='ltr'>δούλους</span> <span class='ocrx_word' id='word_1_309' title='bbox 1419 3243 1678 3320; x_wconf 86' lang='grc' dir='ltr'>κολάζειν,</span> <span class='ocrx_word' id='word_1_310' title='bbox 1706 3246 1757 3307; x_wconf 77' lang='grc' dir='ltr'>εἰ</span> <span class='ocrx_word' id='word_1_311' title='bbox 1790 3272 1842 3307; x_wconf 89' lang='grc' dir='ltr'>τι</span> 
     </span>
     <span class='ocr_line' id='line_1_37' title="bbox 199 3322 1845 3412; baseline 0.009 -31"><span class='ocrx_word' id='word_1_312' title='bbox 199 3340 252 3381; x_wconf 75' lang='lat'>85</span> <span class='ocrx_word' id='word_1_313' title='bbox 279 3322 581 3401; x_wconf 87' lang='grc' dir='ltr'>πταίσαιεν,</span> <span class='ocrx_word' id='word_1_314' title='bbox 611 3322 832 3391; x_wconf 84' lang='grc' dir='ltr'>δεδιότες</span> <span class='ocrx_word' id='word_1_315' title='bbox 845 3322 921 3403; x_wconf 81' lang='grc' dir='ltr'>μὴ</span> <span class='ocrx_word' id='word_1_316' title='bbox 944 3323 1073 3405; x_wconf 78' lang='grc' dir='ltr'>πρὸς</span> <span class='ocrx_word' id='word_1_317' title='bbox 1087 3328 1531 3405; x_wconf 88' lang='grc' dir='ltr'>Λακεδαιμονίους</span> <span class='ocrx_word' id='word_1_318' title='bbox 1550 3335 1845 3412; x_wconf 82' lang='grc' dir='ltr'>αὖτομολή·</span> 
     </span>
     <span class='ocr_line' id='line_1_38' title="bbox 226 3406 1838 3496; baseline 0.007 -27"><span class='ocrx_word' id='word_1_319' title='bbox 226 3406 231 3412; x_wconf 67' lang='grc'><strong><em>’</em></strong></span> <span class='ocrx_word' id='word_1_320' title='bbox 279 3434 430 3471; x_wconf 89' lang='grc' dir='ltr'>σωσι.</span> <span class='ocrx_word' id='word_1_321' title='bbox 459 3409 521 3470; x_wconf 80' lang='grc' dir='ltr'>τὸ</span> <span class='ocrx_word' id='word_1_322' title='bbox 544 3408 601 3469; x_wconf 69' lang='grc' dir='ltr'>δὲ</span> <span class='ocrx_word' id='word_1_323' title='bbox 626 3408 714 3469; x_wconf 80' lang='grc' dir='ltr'>ὅτε</span> <span class='ocrx_word' id='word_1_324' title='bbox 735 3409 863 3470; x_wconf 78' lang='grc' dir='ltr'>ποτὲ</span> <span class='ocrx_word' id='word_1_325' title='bbox 898 3410 992 3489; x_wconf 84' lang='grc' dir='ltr'>μὲν</span> <span class='ocrx_word' id='word_1_326' title='bbox 1023 3411 1177 3489; x_wconf 88' lang='grc' dir='ltr'>μόνον</span> <span class='ocrx_word' id='word_1_327' title='bbox 1201 3413 1387 3496; x_wconf 84' lang='grc' dir='ltr'>χρόνον</span> <span class='ocrx_word' id='word_1_328' title='bbox 1417 3419 1592 3493; x_wconf 85' lang='grc' dir='ltr'>δηλοῖ,</span> <span class='ocrx_word' id='word_1_329' title='bbox 1617 3421 1745 3483; x_wconf 80' lang='grc' dir='ltr'>ποτὲ</span> <span class='ocrx_word' id='word_1_330' title='bbox 1783 3423 1838 3486; x_wconf 68' lang='grc' dir='ltr'>δὲ</span> 
     </span>
     <span class='ocr_line' id='line_1_39' title="bbox 277 3496 1483 3587; baseline 0.005 -29"><span class='ocrx_word' id='word_1_331' title='bbox 277 3497 370 3558; x_wconf 73' lang='grc' dir='ltr'>καὶ</span> <span class='ocrx_word' id='word_1_332' title='bbox 391 3496 579 3579; x_wconf 84' lang='grc' dir='ltr'>χρόνον</span> <span class='ocrx_word' id='word_1_333' title='bbox 601 3496 694 3556; x_wconf 73' lang='grc' dir='ltr'>καὶ</span> <span class='ocrx_word' id='word_1_334' title='bbox 722 3497 915 3573; x_wconf 77' lang='grc' dir='ltr'>αἰτίαν,</span> <span class='ocrx_word' id='word_1_335' title='bbox 938 3497 1008 3567; x_wconf 77' lang='grc' dir='ltr'>ὥς</span> <span class='ocrx_word' id='word_1_336' title='bbox 1029 3501 1141 3559; x_wconf 83' lang='grc' dir='ltr'>ἐστι</span> <span class='ocrx_word' id='word_1_337' title='bbox 1163 3504 1483 3587; x_wconf 70' lang='grc' dir='ltr'>κάνταῦθα]</span> 
     </span>
     <span class='ocr_line' id='line_1_40' title="bbox 356 3583 865 3646; baseline 0 0"><span class='ocrx_word' id='word_1_338' title='bbox 356 3607 402 3646; x_wconf 87' lang='grc'>7.</span> <span class='ocrx_word' id='word_1_339' title='bbox 445 3583 521 3644; x_wconf 76' lang='grc' dir='ltr'>ὅτ’</span> <span class='ocrx_word' id='word_1_340' title='bbox 554 3584 766 3646; x_wconf 72' lang='grc' dir='ltr'>τἘπεί.</span> <span class='ocrx_word' id='word_1_341' title='bbox 793 3587 865 3646; x_wconf 86' lang='grc' dir='ltr'>Θ.</span> 
     </span>
     <span class='ocr_line' id='line_1_41' title="bbox 357 3672 1839 3755; baseline 0.011 -22"><span class='ocrx_word' id='word_1_342' title='bbox 357 3694 403 3733; x_wconf 74' lang='grc' dir='ltr'>ε.</span> <span class='ocrx_word' id='word_1_343' title='bbox 447 3672 565 3732; x_wconf 87' lang='grc' dir='ltr'>ἀλλ’</span> <span class='ocrx_word' id='word_1_344' title='bbox 587 3673 696 3731; x_wconf 78' lang='grc' dir='ltr'>οὐδ’</span> <span class='ocrx_word' id='word_1_345' title='bbox 723 3677 751 3733; x_wconf 81' lang='grc' dir='ltr'><strong>ὃ</strong></span> <span class='ocrx_word' id='word_1_346' title='bbox 778 3673 1003 3755; x_wconf 73' lang='grc' dir='ltr'>χρηστὸς</span> <span class='ocrx_word' id='word_1_347' title='bbox 1029 3673 1205 3735; x_wconf 74' lang='grc' dir='ltr'>οὑτοσὶ</span> <span class='ocrx_word' id='word_1_348' title='bbox 1235 3695 1251 3737; x_wconf 89' lang='lat'>:</span> <span class='ocrx_word' id='word_1_349' title='bbox 1281 3679 1400 3739; x_wconf 81' lang='grc' dir='ltr'>Οὔκ</span> <span class='ocrx_word' id='word_1_350' title='bbox 1428 3682 1656 3745; x_wconf 81' lang='grc' dir='ltr'>ἐπαινῶν</span> <span class='ocrx_word' id='word_1_351' title='bbox 1683 3690 1839 3751; x_wconf 81' lang='grc' dir='ltr'>αὐτὸν</span> 
     </span>
     <span class='ocr_line' id='line_1_42' title="bbox 199 3759 1841 3857; baseline 0.012 -44"><span class='ocrx_word' id='word_1_352' title='bbox 199 3788 252 3828; x_wconf 69' lang='lat'>⁴0</span> <span class='ocrx_word' id='word_1_353' title='bbox 276 3759 506 3842; x_wconf 80' lang='grc' dir='ltr'>χρηστόν</span> <span class='ocrx_word' id='word_1_354' title='bbox 533 3782 717 3838; x_wconf 87' lang='grc' dir='ltr'>φησιν,</span> <span class='ocrx_word' id='word_1_355' title='bbox 753 3761 869 3820; x_wconf 84' lang='grc' dir='ltr'>ἀλλ’</span> <span class='ocrx_word' id='word_1_356' title='bbox 893 3761 1286 3843; x_wconf 88' lang='grc' dir='ltr'>εἰρωνευόμενος</span> <span class='ocrx_word' id='word_1_357' title='bbox 1313 3769 1429 3826; x_wconf 76' lang='grc' dir='ltr'>ἀντὶ</span> <span class='ocrx_word' id='word_1_358' title='bbox 1455 3776 1549 3829; x_wconf 89' lang='grc' dir='ltr'>τοῦ</span> <span class='ocrx_word' id='word_1_359' title='bbox 1578 3771 1841 3857; x_wconf 75' lang='grc' dir='ltr'>άγρηστος</span> 
     </span>
     <span class='ocr_line' id='line_1_43' title="bbox 276 3842 1841 3950; baseline 0.012 -45"><span class='ocrx_word' id='word_1_360' title='bbox 276 3849 406 3926; x_wconf 81' lang='grc' dir='ltr'>ἡμῖν</span> <span class='ocrx_word' id='word_1_361' title='bbox 431 3846 661 3927; x_wconf 87' lang='grc' dir='ltr'>γέγονεν.</span> <span class='ocrx_word' id='word_1_362' title='bbox 692 3851 805 3915; x_wconf 82' lang='grc' dir='ltr'>πῶς</span> <span class='ocrx_word' id='word_1_363' title='bbox 830 3846 932 3931; x_wconf 76' lang='grc' dir='ltr'>γὰρ</span> <span class='ocrx_word' id='word_1_364' title='bbox 961 3849 1177 3909; x_wconf 88' lang='grc' dir='ltr'>δύναται</span> <span class='ocrx_word' id='word_1_365' title='bbox 1212 3855 1514 3933; x_wconf 83' lang='grc' dir='ltr'>θαυμάζειν,</span> <span class='ocrx_word' id='word_1_366' title='bbox 1541 3858 1599 3918; x_wconf 82' lang='grc' dir='ltr'>δν</span> <span class='ocrx_word' id='word_1_367' title='bbox 1626 3842 1715 3924; x_wconf 78' lang='grc' dir='ltr'>ἐπὶ</span> <span class='ocrx_word' id='word_1_368' title='bbox 1747 3873 1841 3950; x_wconf 71' lang='grc' dir='ltr'>ῥᾳ-</span> 
     </span>
     <span class='ocr_line' id='line_1_44' title="bbox 277 3934 1329 4021; baseline 0.005 -27"><span class='ocrx_word' id='word_1_369' title='bbox 277 3934 440 4018; x_wconf 68' lang='grc' dir='ltr'>θυμία</span> <span class='ocrx_word' id='word_1_370' title='bbox 468 3934 554 3995; x_wconf 75' lang='grc' dir='ltr'>διὰ</span> <span class='ocrx_word' id='word_1_371' title='bbox 581 3935 643 3994; x_wconf 79' lang='grc' dir='ltr'>τὸ</span> <span class='ocrx_word' id='word_1_372' title='bbox 669 3934 936 3995; x_wconf 84' lang='grc' dir='ltr'>καθεύδειν</span> <span class='ocrx_word' id='word_1_373' title='bbox 960 3935 1225 4021; x_wconf 86' lang='grc' dir='ltr'>μέμφεται</span> <span class='ocrx_word' id='word_1_374' title='bbox 1235 3964 1253 4014; x_wconf 84' lang='grc'><strong>;</strong></span> <span class='ocrx_word' id='word_1_375' title='bbox 1322 3992 1329 4003; x_wconf 69' lang='grc'>,</span> 
     </span>
    </p>
   </div>
   <div class='ocr_carea' id='block_1_6' title="bbox 194 4033 1841 5003">
    <p class='ocr_par' dir='ltr' id='par_1_6' title="bbox 194 4033 1841 5003">
     <span class='ocr_line' id='line_1_45' title="bbox 358 4033 1841 4118; baseline 0.011 -27"><span class='ocrx_word' id='word_1_376' title='bbox 358 4053 424 4093; x_wconf 90' lang='lat'>10.</span> <span class='ocrx_word' id='word_1_377' title='bbox 467 4033 971 4114; x_wconf 75' lang='grc' dir='ltr'>ἐγκεκορδυλημένος</span> <span class='ocrx_word' id='word_1_378' title='bbox 999 4056 1014 4096; x_wconf 75' lang='lat' dir='ltr'>t</span> <span class='ocrx_word' id='word_1_379' title='bbox 1047 4036 1547 4118; x_wconf 84' lang='grc' dir='ltr'>Ἐγκεκαλυμμένος</span> <span class='ocrx_word' id='word_1_380' title='bbox 1576 4044 1668 4103; x_wconf 72' lang='grc' dir='ltr'>καὶ</span> <span class='ocrx_word' id='word_1_381' title='bbox 1700 4070 1841 4108; x_wconf 80' lang='grc' dir='ltr'>συνε·</span> 
     </span>
     <span class='ocr_line' id='line_1_46' title="bbox 277 4119 1838 4214; baseline 0.013 -39"><span class='ocrx_word' id='word_1_382' title='bbox 277 4120 606 4200; x_wconf 84' lang='grc' dir='ltr'>στραμμένος</span> <span class='ocrx_word' id='word_1_383' title='bbox 633 4119 771 4179; x_wconf 83' lang='grc' dir='ltr'>ὥστε</span> <span class='ocrx_word' id='word_1_384' title='bbox 797 4119 930 4199; x_wconf 76' lang='grc' dir='ltr'>μηδὲ</span> <span class='ocrx_word' id='word_1_385' title='bbox 952 4121 1223 4204; x_wconf 81' lang='grc' dir='ltr'>ἀνθρώπου</span> <span class='ocrx_word' id='word_1_386' title='bbox 1250 4130 1437 4207; x_wconf 88' lang='grc' dir='ltr'>σχῆμα</span> <span class='ocrx_word' id='word_1_387' title='bbox 1461 4131 1668 4207; x_wconf 78' lang='grc' dir='ltr'>δηλοῦν,</span> <span class='ocrx_word' id='word_1_388' title='bbox 1695 4137 1715 4214; x_wconf 89' lang='grc'>(</span> <span class='ocrx_word' id='word_1_389' title='bbox 1722 4138 1838 4195; x_wconf 85' lang='grc' dir='ltr'>ἀλλ’</span> 
     </span>
     <span class='ocr_line' id='line_1_47' title="bbox 195 4205 1841 4296; baseline 0.01 -31"><span class='ocrx_word' id='word_1_390' title='bbox 195 4224 249 4266; x_wconf 69' lang='grc'>45</span> <span class='ocrx_word' id='word_1_391' title='bbox 277 4205 461 4287; x_wconf 77' lang='grc' dir='ltr'>ἐξοχὴν</span> <span class='ocrx_word' id='word_1_392' title='bbox 485 4207 758 4289; x_wconf 88' lang='grc' dir='ltr'>φαίνεσθαι</span> <span class='ocrx_word' id='word_1_393' title='bbox 777 4212 879 4268; x_wconf 84' lang='grc' dir='ltr'>τῶν</span> <span class='ocrx_word' id='word_1_394' title='bbox 904 4210 1245 4291; x_wconf 87' lang='grc' dir='ltr'>στρωμάτων.</span> <span class='ocrx_word' id='word_1_395' title='bbox 1271 4217 1499 4296; x_wconf 91' lang='grc' dir='ltr'>κορδύλη</span> <span class='ocrx_word' id='word_1_396' title='bbox 1521 4219 1575 4279; x_wconf 81' lang='grc' dir='ltr'>δὲ</span> <span class='ocrx_word' id='word_1_397' title='bbox 1601 4222 1739 4291; x_wconf 86' lang='grc' dir='ltr'>ἰδίως</span> <span class='ocrx_word' id='word_1_398' title='bbox 1760 4223 1841 4284; x_wconf 80' lang='grc' dir='ltr'>λέ-</span> 
     </span>
     <span class='ocr_line' id='line_1_48' title="bbox 274 4294 1839 4391; baseline 0.012 -39"><span class='ocrx_word' id='word_1_399' title='bbox 274 4318 423 4373; x_wconf 87' lang='grc' dir='ltr'>γεται</span> <span class='ocrx_word' id='word_1_400' title='bbox 448 4294 509 4354; x_wconf 82' lang='grc' dir='ltr'>τὸ</span> <span class='ocrx_word' id='word_1_401' title='bbox 537 4296 591 4353; x_wconf 91' lang='grc' dir='ltr'>ἐν</span> <span class='ocrx_word' id='word_1_402' title='bbox 618 4299 686 4375; x_wconf 90' lang='grc' dir='ltr'>τῇ</span> <span class='ocrx_word' id='word_1_403' title='bbox 714 4298 919 4378; x_wconf 82' lang='grc' dir='ltr'>κεφαλῇ</span> <span class='ocrx_word' id='word_1_404' title='bbox 947 4298 1255 4380; x_wconf 78' lang='grc' dir='ltr'>ὗπερεξέχον</span> <span class='ocrx_word' id='word_1_405' title='bbox 1274 4301 1470 4383; x_wconf 84' lang='grc' dir='ltr'>οἴδημα</span> <span class='ocrx_word' id='word_1_406' title='bbox 1500 4308 1604 4367; x_wconf 83' lang='grc' dir='ltr'>ὑπὸ</span> <span class='ocrx_word' id='word_1_407' title='bbox 1633 4312 1839 4391; x_wconf 82' lang='grc' dir='ltr'>πληγῆς</span> 
     </span>
     <span class='ocr_line' id='line_1_49' title="bbox 274 4379 1836 4477; baseline 0.013 -39"><span class='ocrx_word' id='word_1_408' title='bbox 274 4384 348 4448; x_wconf 90' lang='grc' dir='ltr'>εἰς</span> <span class='ocrx_word' id='word_1_409' title='bbox 366 4381 491 4464; x_wconf 79' lang='grc' dir='ltr'>ὕψος</span> <span class='ocrx_word' id='word_1_410' title='bbox 522 4379 614 4440; x_wconf 73' lang='grc' dir='ltr'>καὶ</span> <span class='ocrx_word' id='word_1_411' title='bbox 637 4382 790 4462; x_wconf 79' lang='grc' dir='ltr'>ὄγκον</span> <span class='ocrx_word' id='word_1_412' title='bbox 824 4383 995 4467; x_wconf 82' lang='grc' dir='ltr'>ἀρθὲν,</span> <span class='ocrx_word' id='word_1_413' title='bbox 1018 4384 1047 4445; x_wconf 84' lang='grc' dir='ltr'>ὃ</span> <span class='ocrx_word' id='word_1_414' title='bbox 1075 4389 1338 4468; x_wconf 86' lang='grc' dir='ltr'>καλοῦμεν</span> <span class='ocrx_word' id='word_1_415' title='bbox 1362 4392 1625 4456; x_wconf 89' lang='grc' dir='ltr'>κόνδυλον.</span> <span class='ocrx_word' id='word_1_416' title='bbox 1653 4398 1836 4477; x_wconf 80' lang='grc' dir='ltr'>Κρέων</span> 
     </span>
     <span class='ocr_line' id='line_1_50' title="bbox 276 4467 1836 4562; baseline 0.012 -36"><span class='ocrx_word' id='word_1_417' title='bbox 276 4467 331 4527; x_wconf 78' lang='grc' dir='ltr'>δὲ</span> <span class='ocrx_word' id='word_1_418' title='bbox 353 4470 409 4527; x_wconf 83' lang='grc' dir='ltr'>ἐν</span> <span class='ocrx_word' id='word_1_419' title='bbox 438 4472 516 4549; x_wconf 79' lang='grc' dir='ltr'>τῷ</span> <span class='ocrx_word' id='word_1_420' title='bbox 539 4468 736 4553; x_wconf 81' lang='grc' dir='ltr'>πρώτῳ</span> <span class='ocrx_word' id='word_1_421' title='bbox 772 4474 876 4530; x_wconf 76' lang='grc' dir='ltr'>τῶν</span> <span class='ocrx_word' id='word_1_422' title='bbox 910 4475 1231 4554; x_wconf 83' lang='grc' dir='ltr'>Κυπριακῶν</span> <span class='ocrx_word' id='word_1_423' title='bbox 1266 4478 1521 4558; x_wconf 88' lang='grc' dir='ltr'>κορδύλην</span> <span class='ocrx_word' id='word_1_424' title='bbox 1561 4482 1688 4562; x_wconf 77' lang='grc' dir='ltr'>φησὶ</span> <span class='ocrx_word' id='word_1_425' title='bbox 1731 4508 1836 4543; x_wconf 84' lang='grc' dir='ltr'>κα-</span> 
     </span>
     <span class='ocr_line' id='line_1_51' title="bbox 273 4558 1832 4650; baseline 0.01 -36"><span class='ocrx_word' id='word_1_426' title='bbox 273 4558 476 4616; x_wconf 81' lang='grc' dir='ltr'>λεῖσθαι</span> <span class='ocrx_word' id='word_1_427' title='bbox 497 4558 559 4617; x_wconf 78' lang='grc' dir='ltr'>τὸ</span> <span class='ocrx_word' id='word_1_428' title='bbox 580 4558 710 4640; x_wconf 85' lang='grc' dir='ltr'>πρὸς</span> <span class='ocrx_word' id='word_1_429' title='bbox 731 4562 935 4641; x_wconf 83' lang='grc' dir='ltr'>κεφαλῇ</span> <span class='ocrx_word' id='word_1_430' title='bbox 956 4562 1324 4642; x_wconf 84' lang='grc' dir='ltr'>προσείλημα,</span> <span class='ocrx_word' id='word_1_431' title='bbox 1356 4563 1386 4624; x_wconf 86' lang='grc' dir='ltr'>ὃ</span> <span class='ocrx_word' id='word_1_432' title='bbox 1415 4563 1478 4637; x_wconf 79' lang='grc' dir='ltr'>δὴ</span> <span class='ocrx_word' id='word_1_433' title='bbox 1505 4567 1653 4650; x_wconf 79' lang='grc' dir='ltr'>παρὰ</span> <span class='ocrx_word' id='word_1_434' title='bbox 1679 4570 1832 4644; x_wconf 83' lang='grc' dir='ltr'>Ἀθη-</span> 
     </span>
     <span class='ocr_line' id='line_1_52' title="bbox 194 4643 1828 4739; baseline 0.01 -36"><span class='ocrx_word' id='word_1_435' title='bbox 194 4662 248 4703; x_wconf 73' lang='lat'>50</span> <span class='ocrx_word' id='word_1_436' title='bbox 274 4643 435 4712; x_wconf 87' lang='grc' dir='ltr'>ναίοις</span> <span class='ocrx_word' id='word_1_437' title='bbox 460 4648 701 4705; x_wconf 85' lang='grc' dir='ltr'>καλεῖται</span> <span class='ocrx_word' id='word_1_438' title='bbox 735 4647 1024 4729; x_wconf 74' lang='grc' dir='ltr'>κρώὸυλον,</span> <span class='ocrx_word' id='word_1_439' title='bbox 1052 4649 1200 4731; x_wconf 77' lang='grc' dir='ltr'>παρὰ</span> <span class='ocrx_word' id='word_1_440' title='bbox 1232 4651 1288 4710; x_wconf 76' lang='grc' dir='ltr'>δὲ</span> <span class='ocrx_word' id='word_1_441' title='bbox 1319 4653 1549 4734; x_wconf 79' lang='grc' dir='ltr'>Πέρσαις</span> <span class='ocrx_word' id='word_1_442' title='bbox 1576 4656 1828 4739; x_wconf 85' lang='grc' dir='ltr'>κιδάριον.</span> 
     </span>
     <span class='ocr_line' id='line_1_53' title="bbox 273 4728 1835 4820; baseline 0.011 -31"><span class='ocrx_word' id='word_1_443' title='bbox 273 4728 353 4789; x_wconf 75' lang='grc' dir='ltr'>ὅτι</span> <span class='ocrx_word' id='word_1_444' title='bbox 379 4728 434 4791; x_wconf 82' lang='grc' dir='ltr'>δὲ</span> <span class='ocrx_word' id='word_1_445' title='bbox 462 4738 552 4791; x_wconf 91' lang='grc' dir='ltr'>νῦν</span> <span class='ocrx_word' id='word_1_446' title='bbox 580 4735 1083 4816; x_wconf 81' lang='grc' dir='ltr'>ἐγκεκορδυλημένος</span> <span class='ocrx_word' id='word_1_447' title='bbox 1111 4737 1228 4797; x_wconf 74' lang='grc' dir='ltr'>ἀντὶ</span> <span class='ocrx_word' id='word_1_448' title='bbox 1266 4744 1360 4798; x_wconf 89' lang='grc' dir='ltr'>τοῦ</span> <span class='ocrx_word' id='word_1_449' title='bbox 1388 4741 1712 4820; x_wconf 86' lang='grc' dir='ltr'>ἐνειλημένος</span> <span class='ocrx_word' id='word_1_450' title='bbox 1743 4748 1835 4808; x_wconf 76' lang='grc' dir='ltr'>καὶ</span> 
     </span>
     <span class='ocr_line' id='line_1_54' title="bbox 273 4819 1835 4914; baseline 0.009 -37"><span class='ocrx_word' id='word_1_451' title='bbox 273 4819 533 4902; x_wconf 78' lang='grc' dir='ltr'>ἐγκρύψας</span> <span class='ocrx_word' id='word_1_452' title='bbox 561 4820 747 4880; x_wconf 73' lang='grc' dir='ltr'>ἑαυτὸν</span> <span class='ocrx_word' id='word_1_453' title='bbox 776 4823 927 4895; x_wconf 81' lang='grc' dir='ltr'>δηλοῖ</span> <span class='ocrx_word' id='word_1_454' title='bbox 951 4827 1270 4906; x_wconf 85' lang='grc' dir='ltr'>σαφέστερον</span> <span class='ocrx_word' id='word_1_455' title='bbox 1299 4828 1360 4884; x_wconf 86' lang='grc' dir='ltr'>ἐκ</span> <span class='ocrx_word' id='word_1_456' title='bbox 1386 4830 1491 4886; x_wconf 82' lang='grc' dir='ltr'>τῶν</span> <span class='ocrx_word' id='word_1_457' title='bbox 1518 4830 1835 4914; x_wconf 78' lang='grc' dir='ltr'>ἐπιφερομέ-</span> 
     </span>
     <span class='ocr_line' id='line_1_55' title="bbox 270 4905 1830 5003; baseline 0.009 -40"><span class='ocrx_word' id='word_1_458' title='bbox 270 4928 371 4965; x_wconf 87' lang='grc' dir='ltr'>νων</span> <span class='ocrx_word' id='word_1_459' title='bbox 396 4905 554 4966; x_wconf 79' lang='grc' dir='ltr'>εἰπὼν</span> <span class='ocrx_word' id='word_1_460' title='bbox 574 4935 599 4961; x_wconf 77' lang='grc' dir='ltr'>ι</span> <span class='ocrx_word' id='word_1_461' title='bbox 620 4910 738 4968; x_wconf 81' lang='grc' dir='ltr'>ἀλλ’</span> <span class='ocrx_word' id='word_1_462' title='bbox 757 4912 803 4968; x_wconf 83' lang='grc' dir='ltr'>εἰ</span> <span class='ocrx_word' id='word_1_463' title='bbox 822 4910 987 4984; x_wconf 85' lang='grc' dir='ltr'>δοκεῖ,</span> <span class='ocrx_word' id='word_1_464' title='bbox 1012 4911 1279 4992; x_wconf 75' lang='grc' dir='ltr'>ῥέγκωμεν</span> <span class='ocrx_word' id='word_1_465' title='bbox 1300 4916 1764 4996; x_wconf 82' lang='grc' dir='ltr'>ἐγκεκαλυμμένοι.</span> <span class='ocrx_word' id='word_1_466' title='bbox 1787 4927 1830 5003; x_wconf 65' lang='lat' dir='ltr'>n)</span> 
     </span>
    </p>
   </div>
   <div class='ocr_carea' id='block_1_7' title="bbox 1939 594 3599 2307">
    <p class='ocr_par' dir='ltr' id='par_1_7' title="bbox 1944 594 3599 1489">
     <span class='ocr_line' id='line_1_56' title="bbox 1953 594 3522 709; baseline 0.022 -55"><span class='ocrx_word' id='word_1_467' title='bbox 1953 594 2050 668; x_wconf 78' lang='grc' dir='ltr'>τὴν</span> <span class='ocrx_word' id='word_1_468' title='bbox 2072 599 2307 681; x_wconf 79' lang='grc' dir='ltr'>κεφαλὴν</span> <span class='ocrx_word' id='word_1_469' title='bbox 2328 604 2832 685; x_wconf 77' lang='grc' dir='ltr'>περιόεὸλημένους,</span> <span class='ocrx_word' id='word_1_470' title='bbox 2864 611 2978 672; x_wconf 76' lang='grc' dir='ltr'>ὅθεν</span> <span class='ocrx_word' id='word_1_471' title='bbox 3006 617 3099 675; x_wconf 86' lang='grc' dir='ltr'>καὶ</span> <span class='ocrx_word' id='word_1_472' title='bbox 3128 620 3284 682; x_wconf 80' lang='grc' dir='ltr'>πέντε</span> <span class='ocrx_word' id='word_1_473' title='bbox 3305 627 3522 709; x_wconf 79' lang='grc' dir='ltr'>περιὸό-</span> 
     </span>
     <span class='ocr_line' id='line_1_57' title="bbox 1950 684 3578 788; baseline 0.026 -48"><span class='ocrx_word' id='word_1_474' title='bbox 1950 684 2079 743; x_wconf 88' lang='grc' dir='ltr'>λαια</span> <span class='ocrx_word' id='word_1_475' title='bbox 2104 687 2516 769; x_wconf 77' lang='grc' dir='ltr'>περιόεόλῆσθαι</span> <span class='ocrx_word' id='word_1_476' title='bbox 2542 693 2631 752; x_wconf 87' lang='grc' dir='ltr'>τὸν</span> <span class='ocrx_word' id='word_1_477' title='bbox 2659 696 2766 757; x_wconf 77' lang='grc' dir='ltr'>υἱὸν</span> <span class='ocrx_word' id='word_1_478' title='bbox 2790 689 2943 781; x_wconf 70' lang='grc' dir='ltr'>εἷπε.)</span> <span class='ocrx_word' id='word_1_479' title='bbox 2965 714 3028 760; x_wconf 82' lang='lat' dir='ltr'>V.</span> <span class='ocrx_word' id='word_1_480' title='bbox 3047 717 3106 765; x_wconf 85' lang='lat' dir='ltr'>R.</span> <span class='ocrx_word' id='word_1_481' title='bbox 3165 711 3238 788; x_wconf 84' lang='grc' dir='ltr'>(ἐν</span> <span class='ocrx_word' id='word_1_482' title='bbox 3262 713 3418 777; x_wconf 84' lang='grc' dir='ltr'>πέντε</span> <span class='ocrx_word' id='word_1_483' title='bbox 3440 742 3524 778; x_wconf 84' lang='grc' dir='ltr'>σι·</span> <span class='ocrx_word' id='word_1_484' title='bbox 3549 743 3578 782; x_wconf 71' lang='grc' dir='ltr'>ε</span> 
     </span>
     <span class='ocr_line' id='line_1_58' title="bbox 1952 768 3518 872; baseline 0.025 -44"><span class='ocrx_word' id='word_1_485' title='bbox 1952 768 2134 853; x_wconf 89' lang='grc' dir='ltr'>σύραις</span> <span class='ocrx_word' id='word_1_486' title='bbox 2170 795 2186 834; x_wconf 91' lang='lat'>:</span> <span class='ocrx_word' id='word_1_487' title='bbox 2220 776 2420 856; x_wconf 73' lang='grc' dir='ltr'>Στερεὰ</span> <span class='ocrx_word' id='word_1_488' title='bbox 2444 779 2818 861; x_wconf 70' lang='grc' dir='ltr'>περιὸλήματα</span> <span class='ocrx_word' id='word_1_489' title='bbox 2844 792 3026 872; x_wconf 85' lang='grc' dir='ltr'>παχέα</span> <span class='ocrx_word' id='word_1_490' title='bbox 3060 801 3176 866; x_wconf 85' lang='grc' dir='ltr'>ταῖς</span> <span class='ocrx_word' id='word_1_491' title='bbox 3196 803 3287 859; x_wconf 93' lang='grc' dir='ltr'>νῦν</span> <span class='ocrx_word' id='word_1_492' title='bbox 3325 807 3518 867; x_wconf 81' lang='grc' dir='ltr'>καλου·-</span> 
     </span>
     <span class='ocr_line' id='line_1_59' title="bbox 1951 856 3518 976; baseline 0.026 -61"><span class='ocrx_word' id='word_1_493' title='bbox 1951 856 2131 935; x_wconf 78' lang='grc' dir='ltr'>μέναις</span> <span class='ocrx_word' id='word_1_494' title='bbox 2174 863 2376 945; x_wconf 86' lang='grc' dir='ltr'>ἐμφερῆ</span> <span class='ocrx_word' id='word_1_495' title='bbox 2426 869 2675 949; x_wconf 82' lang='grc' dir='ltr'>σισύραις.</span> <span class='ocrx_word' id='word_1_496' title='bbox 2719 869 2833 933; x_wconf 76' lang='grc' dir='ltr'>ἔστι</span> <span class='ocrx_word' id='word_1_497' title='bbox 2884 878 2942 938; x_wconf 71' lang='grc' dir='ltr'>δὲ</span> <span class='ocrx_word' id='word_1_498' title='bbox 2991 886 3170 962; x_wconf 88' lang='grc' dir='ltr'>φαῦλα</span> <span class='ocrx_word' id='word_1_499' title='bbox 3214 888 3306 948; x_wconf 81' lang='grc' dir='ltr'>καὶ</span> <span class='ocrx_word' id='word_1_500' title='bbox 3351 894 3518 976; x_wconf 75' lang='grc' dir='ltr'>μικρὰ</span> 
     </span>
     <span class='ocr_line' id='line_1_60' title="bbox 1948 946 3518 1061; baseline 0.025 -58"><span class='ocrx_word' id='word_1_501' title='bbox 1948 946 2345 1027; x_wconf 76' lang='grc' dir='ltr'>περιὸλήματα.</span> <span class='ocrx_word' id='word_1_502' title='bbox 2375 953 2544 1014; x_wconf 88' lang='grc' dir='ltr'>ἰστέον</span> <span class='ocrx_word' id='word_1_503' title='bbox 2566 955 2648 1016; x_wconf 73' lang='grc' dir='ltr'>ὅτι</span> <span class='ocrx_word' id='word_1_504' title='bbox 2664 958 2915 1039; x_wconf 88' lang='grc' dir='ltr'>λήγοντος</span> <span class='ocrx_word' id='word_1_505' title='bbox 2935 973 3026 1025; x_wconf 87' lang='grc' dir='ltr'>τοῦ</span> <span class='ocrx_word' id='word_1_506' title='bbox 3045 975 3334 1050; x_wconf 80' lang='grc' dir='ltr'>χειμῶνος,</span> <span class='ocrx_word' id='word_1_507' title='bbox 3362 983 3518 1061; x_wconf 82' lang='grc' dir='ltr'>ἀρχο-</span> 
     </span>
     <span class='ocr_line' id='line_1_61' title="bbox 1949 1032 3518 1130; baseline 0.024 -38"><span class='ocrx_word' id='word_1_508' title='bbox 1949 1032 2107 1109; x_wconf 84' lang='grc' dir='ltr'>μένου</span> <span class='ocrx_word' id='word_1_509' title='bbox 2135 1037 2195 1099; x_wconf 78' lang='grc' dir='ltr'>δὲ</span> <span class='ocrx_word' id='word_1_510' title='bbox 2228 1044 2321 1099; x_wconf 85' lang='grc' dir='ltr'>τοῦ</span> <span class='ocrx_word' id='word_1_511' title='bbox 2350 1039 2527 1122; x_wconf 82' lang='grc' dir='ltr'>ἔαρος,</span> <span class='ocrx_word' id='word_1_512' title='bbox 2552 1044 2753 1124; x_wconf 89' lang='grc' dir='ltr'>γίνεται</span> <span class='ocrx_word' id='word_1_513' title='bbox 2789 1047 2860 1109; x_wconf 76' lang='grc' dir='ltr'>τὰ</span> <span class='ocrx_word' id='word_1_514' title='bbox 2885 1054 3151 1117; x_wconf 84' lang='grc' dir='ltr'>Διονύσια·</span> <span class='ocrx_word' id='word_1_515' title='bbox 3178 1061 3319 1124; x_wconf 78' lang='grc' dir='ltr'>ὥστε</span> <span class='ocrx_word' id='word_1_516' title='bbox 3345 1067 3431 1126; x_wconf 79' lang='grc' dir='ltr'>διὰ</span> <span class='ocrx_word' id='word_1_517' title='bbox 3456 1069 3518 1130; x_wconf 79' lang='grc' dir='ltr'>τὸ</span> 
     </span>
     <span class='ocr_line' id='line_1_62' title="bbox 1946 1120 3599 1228; baseline 0.024 -49"><span class='ocrx_word' id='word_1_518' title='bbox 1946 1120 2103 1202; x_wconf 85' lang='grc' dir='ltr'>κρύος</span> <span class='ocrx_word' id='word_1_519' title='bbox 2144 1123 2331 1195; x_wconf 72' lang='grc' dir='ltr'>αὖτοὺς</span> <span class='ocrx_word' id='word_1_520' title='bbox 2373 1129 2510 1198; x_wconf 83' lang='grc' dir='ltr'>εἰκὸς</span> <span class='ocrx_word' id='word_1_521' title='bbox 2555 1133 2845 1210; x_wconf 80' lang='grc' dir='ltr'>καθεύδειν,</span> <span class='ocrx_word' id='word_1_522' title='bbox 2886 1141 3107 1226; x_wconf 79' lang='grc' dir='ltr'>τοιούτῳ</span> <span class='ocrx_word' id='word_1_523' title='bbox 3145 1149 3387 1228; x_wconf 84' lang='grc' dir='ltr'>σχήματι</span> <span class='ocrx_word' id='word_1_524' title='bbox 3417 1154 3513 1228; x_wconf 75' lang='grc' dir='ltr'>τὴν</span> <span class='ocrx_word' id='word_1_525' title='bbox 3546 1175 3599 1217; x_wconf 78' lang='grc' dir='ltr'>ιο</span> 
     </span>
     <span class='ocr_line' id='line_1_63' title="bbox 1947 1209 3516 1318; baseline 0.023 -51"><span class='ocrx_word' id='word_1_526' title='bbox 1947 1209 2180 1291; x_wconf 73' lang='grc' dir='ltr'>κεφαλὴν</span> <span class='ocrx_word' id='word_1_527' title='bbox 2206 1214 2708 1297; x_wconf 77' lang='grc' dir='ltr'>περιὸεὸλημένους,</span> <span class='ocrx_word' id='word_1_528' title='bbox 2735 1221 2872 1284; x_wconf 75' lang='grc' dir='ltr'>ὥστε</span> <span class='ocrx_word' id='word_1_529' title='bbox 2899 1227 2992 1286; x_wconf 77' lang='grc' dir='ltr'>καὶ</span> <span class='ocrx_word' id='word_1_530' title='bbox 3015 1231 3172 1291; x_wconf 85' lang='grc' dir='ltr'>πέντε</span> <span class='ocrx_word' id='word_1_531' title='bbox 3199 1238 3516 1318; x_wconf 77' lang='grc' dir='ltr'>περιόόλαια</span> 
     </span>
     <span class='ocr_line' id='line_1_64' title="bbox 1945 1298 3514 1412; baseline 0.022 -56"><span class='ocrx_word' id='word_1_532' title='bbox 1945 1298 2357 1379; x_wconf 77' lang='grc' dir='ltr'>περιὸεὸλῆσθαι</span> <span class='ocrx_word' id='word_1_533' title='bbox 2367 1303 2457 1365; x_wconf 82' lang='grc' dir='ltr'>τὸν</span> <span class='ocrx_word' id='word_1_534' title='bbox 2475 1307 2604 1370; x_wconf 77' lang='grc' dir='ltr'>υἱόν.</span> <span class='ocrx_word' id='word_1_535' title='bbox 2619 1315 2765 1373; x_wconf 85' lang='grc' dir='ltr'>-ἐν</span> <span class='ocrx_word' id='word_1_536' title='bbox 2790 1332 2807 1374; x_wconf 85' lang='lat'>:</span> <span class='ocrx_word' id='word_1_537' title='bbox 2828 1313 2976 1379; x_wconf 82' lang='grc' dir='ltr'>Ἐπί.</span> <span class='ocrx_word' id='word_1_538' title='bbox 2996 1321 3066 1380; x_wconf 94' lang='grc' dir='ltr'>Θ.</span> <span class='ocrx_word' id='word_1_539' title='bbox 3088 1323 3274 1405; x_wconf 87' lang='grc' dir='ltr'>σισύρη</span> <span class='ocrx_word' id='word_1_540' title='bbox 3289 1326 3351 1388; x_wconf 81' lang='grc' dir='ltr'>τὸ</span> <span class='ocrx_word' id='word_1_541' title='bbox 3368 1331 3514 1412; x_wconf 74' lang='grc' dir='ltr'>παχὺ</span> 
     </span>
     <span class='ocr_line' id='line_1_65' title="bbox 1944 1395 3008 1489; baseline 0.013 -36"><span class='ocrx_word' id='word_1_542' title='bbox 1944 1395 2154 1473; x_wconf 77' lang='grc' dir='ltr'>ἱμάτιον</span> <span class='ocrx_word' id='word_1_543' title='bbox 2177 1399 2283 1458; x_wconf 86' lang='grc' dir='ltr'>ἀπὸ</span> <span class='ocrx_word' id='word_1_544' title='bbox 2311 1401 2522 1481; x_wconf 85' lang='grc' dir='ltr'>αἰγείων</span> <span class='ocrx_word' id='word_1_545' title='bbox 2552 1406 2845 1489; x_wconf 73' lang='grc' dir='ltr'>δερμάτων.</span> <span class='ocrx_word' id='word_1_546' title='bbox 2883 1424 3008 1474; x_wconf 75' lang='lat' dir='ltr'><strong><em>Vict.</em></strong></span> 
     </span>
    </p>

    <p class='ocr_par' dir='ltr' id='par_1_8' title="bbox 1940 1486 3590 1929">
     <span class='ocr_line' id='line_1_66' title="bbox 2025 1486 3512 1594; baseline 0.023 -53"><span class='ocrx_word' id='word_1_547' title='bbox 2025 1486 2526 1569; x_wconf 80' lang='grc' dir='ltr'>ἐγκεκορδυλημένος</span> <span class='ocrx_word' id='word_1_548' title='bbox 2561 1512 2578 1555; x_wconf 85' lang='lat'><strong>:</strong></span> <span class='ocrx_word' id='word_1_549' title='bbox 2609 1495 3082 1579; x_wconf 83' lang='grc' dir='ltr'>Ἐγκεκρυμμένος.</span> <span class='ocrx_word' id='word_1_550' title='bbox 3127 1507 3512 1594; x_wconf 77' lang='grc' dir='ltr'>[ἐντετυλιγμέ-</span> 
     </span>
     <span class='ocr_line' id='line_1_67' title="bbox 1943 1576 3590 1685; baseline 0.024 -57"><span class='ocrx_word' id='word_1_551' title='bbox 1943 1594 2044 1640; x_wconf 92' lang='grc' dir='ltr'>νος.</span> <span class='ocrx_word' id='word_1_552' title='bbox 2073 1578 2169 1646; x_wconf 76' lang='grc'>9.]</span> <span class='ocrx_word' id='word_1_553' title='bbox 2209 1576 2466 1656; x_wconf 84' lang='grc' dir='ltr'>κορδύλην</span> <span class='ocrx_word' id='word_1_554' title='bbox 2494 1578 2598 1663; x_wconf 76' lang='grc' dir='ltr'>γὰρ</span> <span class='ocrx_word' id='word_1_555' title='bbox 2633 1586 2682 1642; x_wconf 77' lang='grc' dir='ltr'>οἱ</span> <span class='ocrx_word' id='word_1_556' title='bbox 2711 1582 2943 1668; x_wconf 85' lang='grc' dir='ltr'>Κύπριοι</span> <span class='ocrx_word' id='word_1_557' title='bbox 2978 1590 3186 1672; x_wconf 85' lang='grc' dir='ltr'>λέγουσι</span> <span class='ocrx_word' id='word_1_558' title='bbox 3220 1597 3282 1657; x_wconf 76' lang='grc' dir='ltr'>τὸ</span> <span class='ocrx_word' id='word_1_559' title='bbox 3309 1603 3510 1685; x_wconf 81' lang='grc' dir='ltr'>περιεί·</span> <span class='ocrx_word' id='word_1_560' title='bbox 3535 1629 3590 1668; x_wconf 69' lang='grc' dir='ltr'>ιι</span> 
     </span>
     <span class='ocr_line' id='line_1_68' title="bbox 1940 1660 3512 1756; baseline 0.024 -39"><span class='ocrx_word' id='word_1_561' title='bbox 1940 1660 2091 1740; x_wconf 89' lang='grc' dir='ltr'>λημα</span> <span class='ocrx_word' id='word_1_562' title='bbox 2123 1666 2220 1735; x_wconf 87' lang='grc' dir='ltr'>τῆς</span> <span class='ocrx_word' id='word_1_563' title='bbox 2256 1668 2505 1747; x_wconf 80' lang='grc' dir='ltr'>κεφαλῆς.</span> <span class='ocrx_word' id='word_1_564' title='bbox 2538 1706 2610 1717; x_wconf 87' lang='lat'><em>-</em></span> <span class='ocrx_word' id='word_1_565' title='bbox 2631 1671 3135 1756; x_wconf 65' lang='grc' dir='ltr'>ἐγκεκορδυλημένος</span> <span class='ocrx_word' id='word_1_566' title='bbox 3162 1701 3179 1745; x_wconf 74' lang='lat' dir='ltr'>t</span> <span class='ocrx_word' id='word_1_567' title='bbox 3214 1685 3512 1753; x_wconf 84' lang='grc' dir='ltr'>Ἐντετυλι-</span> 
     </span>
     <span class='ocr_line' id='line_1_69' title="bbox 1941 1747 3510 1854; baseline 0.017 -42"><span class='ocrx_word' id='word_1_568' title='bbox 1941 1747 2155 1826; x_wconf 73' lang='grc' dir='ltr'>γμένος,</span> <span class='ocrx_word' id='word_1_569' title='bbox 2183 1753 2619 1835; x_wconf 59' lang='grc' dir='ltr'>ἐγκεκρυμμένος.</span> <span class='ocrx_word' id='word_1_570' title='bbox 2657 1778 2752 1827; x_wconf 83' lang='lat' dir='ltr'>Br.</span> <span class='ocrx_word' id='word_1_571' title='bbox 2794 1762 2934 1843; x_wconf 78' lang='grc' dir='ltr'>ἀρχὴ</span> <span class='ocrx_word' id='word_1_572' title='bbox 2975 1764 3079 1850; x_wconf 75' lang='grc' dir='ltr'>γὰρ</span> <span class='ocrx_word' id='word_1_573' title='bbox 3112 1768 3266 1854; x_wconf 82' lang='grc' dir='ltr'>ἔαρος</span> <span class='ocrx_word' id='word_1_574' title='bbox 3303 1767 3369 1848; x_wconf 73' lang='grc' dir='ltr'>ἦν</span> <span class='ocrx_word' id='word_1_575' title='bbox 3418 1779 3510 1838; x_wconf 80' lang='grc' dir='ltr'>καὶ</span> 
     </span>
     <span class='ocr_line' id='line_1_70' title="bbox 1942 1844 2823 1929; baseline 0.018 -28"><span class='ocrx_word' id='word_1_576' title='bbox 1942 1844 2351 1909; x_wconf 83' lang='grc' dir='ltr'>ἐνεκαλύπτοντο</span> <span class='ocrx_word' id='word_1_577' title='bbox 2371 1851 2609 1929; x_wconf 89' lang='grc' dir='ltr'>γούνναις</span> <span class='ocrx_word' id='word_1_578' title='bbox 2635 1852 2731 1915; x_wconf 81' lang='grc' dir='ltr'>ἔτι.</span> <span class='ocrx_word' id='word_1_579' title='bbox 2751 1858 2823 1917; x_wconf 94' lang='grc' dir='ltr'>Θ.</span> 
     </span>
    </p>

    <p class='ocr_par' dir='ltr' id='par_1_9' title="bbox 1939 1935 3589 2307">
     <span class='ocr_line' id='line_1_71' title="bbox 2023 1935 3508 2039; baseline 0.02 -47"><span class='ocrx_word' id='word_1_580' title='bbox 2023 1954 2090 1995; x_wconf 84' lang='lat' dir='ltr'>n.</span> <span class='ocrx_word' id='word_1_581' title='bbox 2134 1935 2249 1995; x_wconf 83' lang='grc' dir='ltr'>ἀλλ’</span> <span class='ocrx_word' id='word_1_582' title='bbox 2277 1940 2322 1996; x_wconf 88' lang='grc' dir='ltr'>εἰ</span> <span class='ocrx_word' id='word_1_583' title='bbox 2350 1939 2519 2013; x_wconf 83' lang='grc' dir='ltr'>δοκεῖ,</span> <span class='ocrx_word' id='word_1_584' title='bbox 2549 1940 2816 2021; x_wconf 78' lang='grc' dir='ltr'>ῥέγκωμεν</span> <span class='ocrx_word' id='word_1_585' title='bbox 2845 1965 2861 2006; x_wconf 77' lang='lat' dir='ltr'>t</span> <span class='ocrx_word' id='word_1_586' title='bbox 2895 1949 3328 2039; x_wconf 84' lang='grc' dir='ltr'>(Παρεπιγραφή.</span> <span class='ocrx_word' id='word_1_587' title='bbox 3352 1963 3508 2036; x_wconf 85' lang='grc' dir='ltr'>ποιή-</span> 
     </span>
     <span class='ocr_line' id='line_1_72' title="bbox 1942 2019 3589 2122; baseline 0.022 -47"><span class='ocrx_word' id='word_1_588' title='bbox 1942 2042 2037 2088; x_wconf 91' lang='grc' dir='ltr'>σας</span> <span class='ocrx_word' id='word_1_589' title='bbox 2057 2019 2159 2104; x_wconf 75' lang='grc' dir='ltr'>γὰρ</span> <span class='ocrx_word' id='word_1_590' title='bbox 2183 2024 2463 2104; x_wconf 77' lang='grc' dir='ltr'>ἀσχήμονα</span> <span class='ocrx_word' id='word_1_591' title='bbox 2500 2027 2596 2100; x_wconf 74' lang='grc' dir='ltr'>τὴν</span> <span class='ocrx_word' id='word_1_592' title='bbox 2625 2029 2746 2112; x_wconf 83' lang='grc' dir='ltr'>ὄψιν</span> <span class='ocrx_word' id='word_1_593' title='bbox 2776 2032 2885 2112; x_wconf 76' lang='grc' dir='ltr'>καὶ)</span> <span class='ocrx_word' id='word_1_594' title='bbox 2917 2036 2977 2096; x_wconf 78' lang='grc' dir='ltr'>τὸ</span> <span class='ocrx_word' id='word_1_595' title='bbox 3001 2044 3188 2119; x_wconf 84' lang='grc' dir='ltr'>σχῆμα</span> <span class='ocrx_word' id='word_1_596' title='bbox 3215 2051 3307 2106; x_wconf 88' lang='grc' dir='ltr'>τοῦ</span> <span class='ocrx_word' id='word_1_597' title='bbox 3336 2051 3508 2109; x_wconf 88' lang='grc' dir='ltr'>νεανί-</span> <span class='ocrx_word' id='word_1_598' title='bbox 3531 2081 3589 2122; x_wconf 68' lang='lat'>20</span> 
     </span>
     <span class='ocr_line' id='line_1_73' title="bbox 1940 2111 3507 2201; baseline 0.022 -36"><span class='ocrx_word' id='word_1_599' title='bbox 1940 2130 2067 2166; x_wconf 88' lang='grc' dir='ltr'>σκου</span> <span class='ocrx_word' id='word_1_600' title='bbox 2113 2111 2505 2191; x_wconf 89' lang='grc' dir='ltr'>μιμησάμενος,</span> <span class='ocrx_word' id='word_1_601' title='bbox 2557 2114 2738 2201; x_wconf 78' lang='grc' dir='ltr'>ὥσπερ</span> <span class='ocrx_word' id='word_1_602' title='bbox 2777 2122 2970 2192; x_wconf 83' lang='grc' dir='ltr'>ἐκεῖνος</span> <span class='ocrx_word' id='word_1_603' title='bbox 3017 2128 3314 2194; x_wconf 88' lang='grc' dir='ltr'>ἐκάθευδεν.</span> <span class='ocrx_word' id='word_1_604' title='bbox 3367 2139 3507 2197; x_wconf 79' lang='grc' dir='ltr'>ἀπο-</span> 
     </span>
     <span class='ocr_line' id='line_1_74' title="bbox 1939 2197 3508 2307; baseline 0.02 -53"><span class='ocrx_word' id='word_1_605' title='bbox 1939 2197 2181 2278; x_wconf 74' lang='grc' dir='ltr'>στραφεὶς</span> <span class='ocrx_word' id='word_1_606' title='bbox 2198 2200 2291 2259; x_wconf 69' lang='grc' dir='ltr'>καὶ</span> <span class='ocrx_word' id='word_1_607' title='bbox 2314 2201 2466 2271; x_wconf 79' lang='grc' dir='ltr'>αὐτὸς</span> <span class='ocrx_word' id='word_1_608' title='bbox 2487 2213 2736 2287; x_wconf 71' lang='grc' dir='ltr'>πειρᾶται</span> <span class='ocrx_word' id='word_1_609' title='bbox 2754 2208 2909 2280; x_wconf 89' lang='grc' dir='ltr'>δῆθεν</span> <span class='ocrx_word' id='word_1_610' title='bbox 2934 2215 3222 2294; x_wconf 80' lang='grc' dir='ltr'>καθεύδειν,</span> <span class='ocrx_word' id='word_1_611' title='bbox 3244 2224 3508 2307; x_wconf 83' lang='grc' dir='ltr'>ἐγκρύψας</span> 
     </span>
    </p>
   </div>
   <div class='ocr_carea' id='block_1_8' title="bbox 1937 2283 3505 2402">
    <p class='ocr_par' dir='ltr' id='par_1_10' title="bbox 1937 2283 3505 2402">
     <span class='ocr_line' id='line_1_75' title="bbox 1937 2283 3505 2402; baseline 0.023 -62"><span class='ocrx_word' id='word_1_612' title='bbox 1937 2283 2032 2355; x_wconf 76' lang='grc' dir='ltr'>τὴν</span> <span class='ocrx_word' id='word_1_613' title='bbox 2060 2287 2293 2367; x_wconf 81' lang='grc' dir='ltr'>κεφαλὴν</span> <span class='ocrx_word' id='word_1_614' title='bbox 2323 2313 2430 2358; x_wconf 88' lang='grc' dir='ltr'>τοις</span> <span class='ocrx_word' id='word_1_615' title='bbox 2460 2292 2842 2402; x_wconf 57' lang='grc' dir='ltr'>πἐριὸλήμασι.</span> <span class='ocrx_word' id='word_1_616' title='bbox 2872 2334 2952 2345; x_wconf 84' lang='grc'><strong>-</strong></span> <span class='ocrx_word' id='word_1_617' title='bbox 2977 2325 3131 2366; x_wconf 81' lang='grc' dir='ltr'>τουτο</span> <span class='ocrx_word' id='word_1_618' title='bbox 3161 2308 3292 2390; x_wconf 82' lang='grc' dir='ltr'>πρὸς</span> <span class='ocrx_word' id='word_1_619' title='bbox 3318 2314 3505 2374; x_wconf 76' lang='grc' dir='ltr'>ἑαυτὸν</span> 
     </span>
    </p>
   </div>
   <div class='ocr_carea' id='block_1_9' title="bbox 1933 2419 3512 2762">
    <p class='ocr_par' dir='ltr' id='par_1_11' title="bbox 1933 2419 3512 2762">
     <span class='ocr_line' id='line_1_76' title="bbox 1934 2419 2305 2537; baseline 0.019 -21"><span class='ocrx_word' id='word_1_620' title='bbox 1934 2419 2210 2537; x_wconf 62' lang='grc' dir='ltr'>πασμένοι.</span> <span class='ocrx_word' id='word_1_621' title='bbox 2232 2464 2305 2523; x_wconf 94' lang='grc' dir='ltr'>Θ.</span> 
     </span>
     <span class='ocr_line' id='line_1_77' title="bbox 2017 2554 3512 2658; baseline 0.021 -45"><span class='ocrx_word' id='word_1_622' title='bbox 2017 2574 2082 2614; x_wconf 75' lang='lat'>12.</span> <span class='ocrx_word' id='word_1_623' title='bbox 2125 2554 2273 2637; x_wconf 76' lang='grc' dir='ltr'>[ἀλλ’</span> <span class='ocrx_word' id='word_1_624' title='bbox 2304 2561 2365 2618; x_wconf 82' lang='grc' dir='ltr'>οὐ</span> <span class='ocrx_word' id='word_1_625' title='bbox 2406 2559 2635 2641; x_wconf 87' lang='grc' dir='ltr'>δύναμαι</span> <span class='ocrx_word' id='word_1_626' title='bbox 2671 2586 2686 2626; x_wconf 88' lang='lat'><strong>:</strong></span> <span class='ocrx_word' id='word_1_627' title='bbox 2715 2566 2853 2629; x_wconf 85' lang='grc' dir='ltr'>Ἀλλ’</span> <span class='ocrx_word' id='word_1_628' title='bbox 2881 2573 2976 2631; x_wconf 75' lang='grc' dir='ltr'>οὔκ</span> <span class='ocrx_word' id='word_1_629' title='bbox 2999 2573 3170 2636; x_wconf 77' lang='grc' dir='ltr'>ἔπεισί</span> <span class='ocrx_word' id='word_1_630' title='bbox 3199 2603 3289 2657; x_wconf 91' lang='grc' dir='ltr'>μοι</span> <span class='ocrx_word' id='word_1_631' title='bbox 3317 2581 3512 2658; x_wconf 40' lang='grc' dir='ltr'>ὕπνοςῆ</span> 
     </span>
     <span class='ocr_line' id='line_1_78' title="bbox 1933 2641 3499 2762; baseline 0.022 -62"><span class='ocrx_word' id='word_1_632' title='bbox 1933 2641 2079 2762; x_wconf 71' lang='grc' dir='ltr'>εὐθὺς</span> <span class='ocrx_word' id='word_1_633' title='bbox 2111 2646 2167 2704; x_wconf 70' lang='grc' dir='ltr'>δὲ</span> <span class='ocrx_word' id='word_1_634' title='bbox 2192 2645 2287 2705; x_wconf 75' lang='grc' dir='ltr'>καὶ</span> <span class='ocrx_word' id='word_1_635' title='bbox 2311 2646 2409 2719; x_wconf 79' lang='grc' dir='ltr'>τὴν</span> <span class='ocrx_word' id='word_1_636' title='bbox 2441 2651 2614 2711; x_wconf 86' lang='grc' dir='ltr'>αἰτίαν</span> <span class='ocrx_word' id='word_1_637' title='bbox 2647 2655 2833 2735; x_wconf 87' lang='grc' dir='ltr'>ἐπάγει</span> <span class='ocrx_word' id='word_1_638' title='bbox 2862 2666 2954 2719; x_wconf 91' lang='grc' dir='ltr'>τοῦ</span> <span class='ocrx_word' id='word_1_639' title='bbox 2994 2661 3068 2740; x_wconf 79' lang='grc' dir='ltr'>μὴ</span> <span class='ocrx_word' id='word_1_640' title='bbox 3111 2665 3365 2730; x_wconf 89' lang='grc' dir='ltr'>δύνασθαι</span> <span class='ocrx_word' id='word_1_641' title='bbox 3391 2695 3499 2732; x_wconf 87' lang='grc' dir='ltr'>κα-</span> 
     </span>
    </p>
   </div>
   <div class='ocr_carea' id='block_1_10' title="bbox 3527 2522 3582 2564">
    <p class='ocr_par' dir='ltr' id='par_1_12' title="bbox 3527 2522 3582 2564">
     <span class='ocr_line' id='line_1_79' title="bbox 3527 2522 3582 2564; baseline 0 -3"><span class='ocrx_word' id='word_1_642' title='bbox 3527 2522 3582 2564; x_wconf 75' lang='lat'>25</span> 
     </span>
    </p>
   </div>
   <div class='ocr_carea' id='block_1_11' title="bbox 1929 2828 3575 3276">
    <p class='ocr_par' dir='ltr' id='par_1_13' title="bbox 2013 2828 2930 2919">
     <span class='ocr_line' id='line_1_80' title="bbox 2013 2828 2930 2919; baseline 0.012 -29"><span class='ocrx_word' id='word_1_643' title='bbox 2013 2828 2236 2900; x_wconf 59' lang='grc' dir='ltr'>δεῦαιος</span> <span class='ocrx_word' id='word_1_644' title='bbox 2261 2851 2276 2893; x_wconf 77' lang='lat' dir='ltr'>t</span> <span class='ocrx_word' id='word_1_645' title='bbox 2316 2828 2547 2907; x_wconf 84' lang='grc' dir='ltr'>Ἄθλιος,</span> <span class='ocrx_word' id='word_1_646' title='bbox 2569 2837 2930 2919; x_wconf 86' lang='grc' dir='ltr'>κακοδαίμων.</span> 
     </span>
    </p>

    <p class='ocr_par' dir='ltr' id='par_1_14' title="bbox 1929 2916 3575 3276">
     <span class='ocr_line' id='line_1_81' title="bbox 2012 2916 3575 3024; baseline 0.022 -49"><span class='ocrx_word' id='word_1_647' title='bbox 2012 2916 2323 2996; x_wconf 88' lang='grc' dir='ltr'>δακνόμενος</span> <span class='ocrx_word' id='word_1_648' title='bbox 2349 2941 2364 2980; x_wconf 93' lang='lat'><strong>:</strong></span> <span class='ocrx_word' id='word_1_649' title='bbox 2396 2920 2810 3003; x_wconf 85' lang='grc' dir='ltr'>Ἐνοχλούμενος</span> <span class='ocrx_word' id='word_1_650' title='bbox 2851 2931 2952 2990; x_wconf 78' lang='grc' dir='ltr'>ὑπὸ</span> <span class='ocrx_word' id='word_1_651' title='bbox 2977 2937 3082 2993; x_wconf 81' lang='grc' dir='ltr'>τῶν</span> <span class='ocrx_word' id='word_1_652' title='bbox 3114 2941 3209 3010; x_wconf 89' lang='grc' dir='ltr'>τῆς</span> <span class='ocrx_word' id='word_1_653' title='bbox 3234 2942 3494 3024; x_wconf 82' lang='grc' dir='ltr'>ἱπποτρο-</span> <span class='ocrx_word' id='word_1_654' title='bbox 3521 2969 3575 3009; x_wconf 79' lang='grc'>30</span> 
     </span>
     <span class='ocr_line' id='line_1_82' title="bbox 1930 3003 3493 3101; baseline 0.02 -41"><span class='ocrx_word' id='word_1_655' title='bbox 1930 3003 2052 3086; x_wconf 85' lang='grc' dir='ltr'>φίας</span> <span class='ocrx_word' id='word_1_656' title='bbox 2081 3005 2466 3083; x_wconf 83' lang='grc' dir='ltr'>ἀναλωμάτων.</span> <span class='ocrx_word' id='word_1_657' title='bbox 2509 3011 2653 3070; x_wconf 85' lang='grc' dir='ltr'>δοκεῖ</span> <span class='ocrx_word' id='word_1_658' title='bbox 2676 3014 2778 3095; x_wconf 78' lang='grc' dir='ltr'>γὰρ</span> <span class='ocrx_word' id='word_1_659' title='bbox 2808 3018 3110 3101; x_wconf 81' lang='grc' dir='ltr'>δαπανηρὸν</span> <span class='ocrx_word' id='word_1_660' title='bbox 3139 3016 3274 3086; x_wconf 69' lang='grc' dir='ltr'>εἶναι</span> <span class='ocrx_word' id='word_1_661' title='bbox 3299 3028 3361 3088; x_wconf 83' lang='grc' dir='ltr'>τὸ</span> <span class='ocrx_word' id='word_1_662' title='bbox 3395 3028 3493 3090; x_wconf 74' lang='grc' dir='ltr'>ἴπ-</span> 
     </span>
     <span class='ocr_line' id='line_1_83' title="bbox 1930 3091 3493 3189; baseline 0.019 -40"><span class='ocrx_word' id='word_1_663' title='bbox 1930 3113 2059 3158; x_wconf 82' lang='grc' dir='ltr'>πους</span> <span class='ocrx_word' id='word_1_664' title='bbox 2094 3091 2318 3174; x_wconf 83' lang='grc' dir='ltr'>τρέφειν·</span> <span class='ocrx_word' id='word_1_665' title='bbox 2364 3094 2512 3177; x_wconf 78' lang='grc' dir='ltr'>(ὅπερ</span> <span class='ocrx_word' id='word_1_666' title='bbox 2546 3097 2637 3155; x_wconf 74' lang='grc' dir='ltr'>καὶ</span> <span class='ocrx_word' id='word_1_667' title='bbox 2688 3105 2755 3180; x_wconf 84' lang='grc' dir='ltr'>τῇ</span> <span class='ocrx_word' id='word_1_668' title='bbox 2792 3108 3079 3189; x_wconf 86' lang='grc' dir='ltr'>Λακωνικῇ</span> <span class='ocrx_word' id='word_1_669' title='bbox 3121 3133 3165 3168; x_wconf 88' lang='grc' dir='ltr'>π</span> <span class='ocrx_word' id='word_1_670' title='bbox 3314 3138 3493 3178; x_wconf 85' lang='grc' dir='ltr'>ευκται</span> 
     </span>
     <span class='ocr_line' id='line_1_84' title="bbox 1929 3179 3490 3276; baseline 0.019 -40"><span class='ocrx_word' id='word_1_671' title='bbox 1929 3179 2156 3262; x_wconf 73' lang='grc' dir='ltr'>κατάρα.</span> <span class='ocrx_word' id='word_1_672' title='bbox 2187 3180 2279 3240; x_wconf 77' lang='grc' dir='ltr'>καὶ</span> <span class='ocrx_word' id='word_1_673' title='bbox 2304 3182 2406 3263; x_wconf 78' lang='grc' dir='ltr'>γὰρ</span> <span class='ocrx_word' id='word_1_674' title='bbox 2435 3182 2498 3256; x_wconf 75' lang='grc' dir='ltr'>δὴ</span> <span class='ocrx_word' id='word_1_675' title='bbox 2518 3184 2611 3243; x_wconf 77' lang='grc' dir='ltr'>καὶ</span> <span class='ocrx_word' id='word_1_676' title='bbox 2631 3191 2786 3247; x_wconf 90' lang='grc' dir='ltr'>τοῦτο</span> <span class='ocrx_word' id='word_1_677' title='bbox 2817 3193 2866 3249; x_wconf 75' lang='grc' dir='ltr'>οἱ</span> <span class='ocrx_word' id='word_1_678' title='bbox 2881 3195 3291 3276; x_wconf 84' lang='grc' dir='ltr'>Λακεδαιμόνιοι</span> <span class='ocrx_word' id='word_1_679' title='bbox 3309 3207 3364 3263; x_wconf 84' lang='grc' dir='ltr'>ἐν</span> <span class='ocrx_word' id='word_1_680' title='bbox 3387 3229 3490 3264; x_wconf 85' lang='grc' dir='ltr'>κα-</span> 
     </span>
    </p>
   </div>
   <div class='ocr_carea' id='block_1_12' title="bbox 1929 3265 3568 3457">
    <p class='ocr_par' dir='ltr' id='par_1_15' title="bbox 1929 3265 3568 3457">
     <span class='ocr_line' id='line_1_85' title="bbox 1929 3265 3491 3357; baseline -0.002 -22"><span class='ocrx_word' id='word_1_681' title='bbox 1929 3265 2095 3348; x_wconf 70' lang='grc' dir='ltr'>τάρας</span> <span class='ocrx_word' id='word_1_682' title='bbox 2117 3267 2301 3327; x_wconf 82' lang='grc' dir='ltr'>ἔθεσαν</span> <span class='ocrx_word' id='word_1_683' title='bbox 2334 3268 2501 3351; x_wconf 82' lang='grc' dir='ltr'>μέρει.</span> <span class='ocrx_word' id='word_1_684' title='bbox 2524 3270 2587 3331; x_wconf 79' lang='grc' dir='ltr'>τὸ</span> <span class='ocrx_word' id='word_1_685' title='bbox 2616 3272 2672 3333; x_wconf 82' lang='grc' dir='ltr'>δὲ</span> <span class='ocrx_word' id='word_1_686' title='bbox 2706 3277 3021 3357; x_wconf 71' lang='grc' dir='ltr'>δακνόμενος</span> <span class='ocrx_word' id='word_1_687' title='bbox 3051 3283 3241 3346; x_wconf 60' lang='grc' dir='ltr'>ἔλασεν</span> <span class='ocrx_word' id='word_1_688' title='bbox 3267 3291 3373 3350; x_wconf 65' lang='grc' dir='ltr'>ἀπὸ</span> <span class='ocrx_word' id='word_1_689' title='bbox 3398 3298 3491 3353; x_wconf 60' lang='grc' dir='ltr'>τοῦ</span> 
     </span>
     <span class='ocr_line' id='line_1_86' title="bbox 1929 3354 3568 3457; baseline 0.005 -44"><span class='ocrx_word' id='word_1_690' title='bbox 1929 3354 2088 3414; x_wconf 77' lang='grc' dir='ltr'>αὐτὸν</span> <span class='ocrx_word' id='word_1_691' title='bbox 2114 3359 2550 3418; x_wconf 82' lang='grc' dir='ltr'>κατακεκλεῖσθαι</span> <span class='ocrx_word' id='word_1_692' title='bbox 2577 3359 2704 3421; x_wconf 81' lang='grc' dir='ltr'>εἴσω</span> <span class='ocrx_word' id='word_1_693' title='bbox 2739 3368 2844 3425; x_wconf 81' lang='grc' dir='ltr'>τῶν</span> <span class='ocrx_word' id='word_1_694' title='bbox 2883 3371 3205 3448; x_wconf 74' lang='grc' dir='ltr'>στρωμάτων</span> <span class='ocrx_word' id='word_1_695' title='bbox 3245 3377 3361 3457; x_wconf 66' lang='lat' dir='ltr'>[aad</span> <span class='ocrx_word' id='word_1_696' title='bbox 3387 3383 3492 3439; x_wconf 54' lang='grc' dir='ltr'>ὧν</span> <span class='ocrx_word' id='word_1_697' title='bbox 3514 3409 3568 3450; x_wconf 58' lang='lat'>³⁸</span> 
     </span>
    </p>
   </div>
   <div class='ocr_carea' id='block_1_13' title="bbox 1925 3443 3570 3892">
    <p class='ocr_par' dir='ltr' id='par_1_16' title="bbox 1925 3443 3570 3892">
     <span class='ocr_line' id='line_1_87' title="bbox 1927 3443 3494 3538; baseline 0.017 -38"><span class='ocrx_word' id='word_1_698' title='bbox 1927 3443 2377 3525; x_wconf 77' lang='grc' dir='ltr'>περιὸλημάτων].</span> <span class='ocrx_word' id='word_1_699' title='bbox 2403 3444 2465 3506; x_wconf 69' lang='grc' dir='ltr'>τὸ</span> <span class='ocrx_word' id='word_1_700' title='bbox 2491 3446 2564 3525; x_wconf 78' lang='grc' dir='ltr'>δὲ)</span> <span class='ocrx_word' id='word_1_701' title='bbox 2593 3454 2763 3531; x_wconf 76' lang='grc' dir='ltr'>χρεῶν</span> <span class='ocrx_word' id='word_1_702' title='bbox 2790 3459 2879 3512; x_wconf 90' lang='grc' dir='ltr'>νῦν</span> <span class='ocrx_word' id='word_1_703' title='bbox 2905 3461 3307 3538; x_wconf 83' lang='grc' dir='ltr'>περισπαστέον.</span> <span class='ocrx_word' id='word_1_704' title='bbox 3341 3466 3494 3538; x_wconf 79' lang='grc' dir='ltr'>δηλοῖ</span> 
     </span>
     <span class='ocr_line' id='line_1_88' title="bbox 1926 3528 3492 3628; baseline 0.017 -40"><span class='ocrx_word' id='word_1_705' title='bbox 1926 3528 2029 3614; x_wconf 74' lang='grc' dir='ltr'>γὰρ</span> <span class='ocrx_word' id='word_1_706' title='bbox 2050 3535 2153 3591; x_wconf 77' lang='grc' dir='ltr'>τῶν</span> <span class='ocrx_word' id='word_1_707' title='bbox 2172 3532 2510 3614; x_wconf 77' lang='grc' dir='ltr'>ὀφλημάτων.</span> <span class='ocrx_word' id='word_1_708' title='bbox 2533 3535 2754 3619; x_wconf 79' lang='grc' dir='ltr'>(εἴρηται</span> <span class='ocrx_word' id='word_1_709' title='bbox 2772 3539 2828 3599; x_wconf 71' lang='grc' dir='ltr'>δὲ</span> <span class='ocrx_word' id='word_1_710' title='bbox 2846 3542 2993 3622; x_wconf 76' lang='grc' dir='ltr'>παρὰ</span> <span class='ocrx_word' id='word_1_711' title='bbox 3010 3545 3071 3604; x_wconf 83' lang='grc' dir='ltr'>τὸ</span> <span class='ocrx_word' id='word_1_712' title='bbox 3087 3547 3300 3628; x_wconf 86' lang='grc' dir='ltr'>κόρεων.</span> <span class='ocrx_word' id='word_1_713' title='bbox 3321 3553 3492 3613; x_wconf 84' lang='grc' dir='ltr'>δαπά·</span> 
     </span>
     <span class='ocr_line' id='line_1_89' title="bbox 1925 3618 3489 3711; baseline 0.017 -36"><span class='ocrx_word' id='word_1_714' title='bbox 1925 3644 2020 3692; x_wconf 93' lang='grc' dir='ltr'>νην</span> <span class='ocrx_word' id='word_1_715' title='bbox 2048 3619 2132 3691; x_wconf 84' lang='grc' dir='ltr'>δὲ,</span> <span class='ocrx_word' id='word_1_716' title='bbox 2152 3618 2390 3680; x_wconf 78' lang='grc' dir='ltr'>τουτέστι</span> <span class='ocrx_word' id='word_1_717' title='bbox 2410 3621 2504 3689; x_wconf 78' lang='grc' dir='ltr'>τὰς</span> <span class='ocrx_word' id='word_1_718' title='bbox 2531 3622 2728 3702; x_wconf 80' lang='grc' dir='ltr'>δέσμας</span> <span class='ocrx_word' id='word_1_719' title='bbox 2746 3633 2839 3686; x_wconf 90' lang='grc' dir='ltr'>τοῦ</span> <span class='ocrx_word' id='word_1_720' title='bbox 2859 3629 3085 3711; x_wconf 89' lang='grc' dir='ltr'>χόρτου,</span> <span class='ocrx_word' id='word_1_721' title='bbox 3114 3634 3202 3694; x_wconf 71' lang='grc' dir='ltr'>ἵνα</span> <span class='ocrx_word' id='word_1_722' title='bbox 3225 3637 3342 3710; x_wconf 74' lang='grc' dir='ltr'>ἑξῆς</span> <span class='ocrx_word' id='word_1_723' title='bbox 3363 3642 3489 3701; x_wconf 81' lang='grc' dir='ltr'>ἀκο-</span> 
     </span>
     <span class='ocr_line' id='line_1_90' title="bbox 1925 3706 3485 3801; baseline 0.015 -42"><span class='ocrx_word' id='word_1_724' title='bbox 1925 3706 2121 3774; x_wconf 80' lang='grc' dir='ltr'>λούθως</span> <span class='ocrx_word' id='word_1_725' title='bbox 2145 3710 2211 3785; x_wconf 83' lang='grc' dir='ltr'>τῇ</span> <span class='ocrx_word' id='word_1_726' title='bbox 2249 3706 2418 3788; x_wconf 85' lang='grc' dir='ltr'>φάτνῃ</span> <span class='ocrx_word' id='word_1_727' title='bbox 2455 3708 2625 3789; x_wconf 88' lang='grc' dir='ltr'>λέγειν</span> <span class='ocrx_word' id='word_1_728' title='bbox 2655 3714 2826 3794; x_wconf 89' lang='grc' dir='ltr'>δοκῇ.)</span> <span class='ocrx_word' id='word_1_729' title='bbox 2863 3751 2945 3762; x_wconf 94' lang='lat'>-—-</span> <span class='ocrx_word' id='word_1_730' title='bbox 2971 3721 3359 3801; x_wconf 80' lang='grc' dir='ltr'>ἐνοχλούμενος.</span> <span class='ocrx_word' id='word_1_731' title='bbox 3391 3736 3485 3784; x_wconf 66' lang='lat' dir='ltr'>Bt.</span> 
     </span>
     <span class='ocr_line' id='line_1_91' title="bbox 2010 3792 3570 3892; baseline 0.015 -40"><span class='ocrx_word' id='word_1_732' title='bbox 2010 3814 2076 3854; x_wconf 82' lang='grc' dir='ltr'>ιε.</span> <span class='ocrx_word' id='word_1_733' title='bbox 2120 3798 2149 3853; x_wconf 81' lang='grc' dir='ltr'>ὁ</span> <span class='ocrx_word' id='word_1_734' title='bbox 2171 3792 2225 3853; x_wconf 81' lang='grc' dir='ltr'>δὲ</span> <span class='ocrx_word' id='word_1_735' title='bbox 2252 3795 2422 3872; x_wconf 86' lang='grc' dir='ltr'>κόμην</span> <span class='ocrx_word' id='word_1_736' title='bbox 2444 3795 2581 3877; x_wconf 82' lang='grc' dir='ltr'>ἔχων</span> <span class='ocrx_word' id='word_1_737' title='bbox 2607 3819 2622 3859; x_wconf 87' lang='lat'><strong>:</strong></span> <span class='ocrx_word' id='word_1_738' title='bbox 2647 3799 2891 3879; x_wconf 85' lang='grc' dir='ltr'>Ἐκόμων</span> <span class='ocrx_word' id='word_1_739' title='bbox 2918 3804 3022 3887; x_wconf 77' lang='grc' dir='ltr'>γὰρ</span> <span class='ocrx_word' id='word_1_740' title='bbox 3045 3811 3093 3868; x_wconf 80' lang='grc' dir='ltr'>οῖ</span> <span class='ocrx_word' id='word_1_741' title='bbox 3119 3810 3241 3892; x_wconf 78' lang='grc' dir='ltr'>περὶ</span> <span class='ocrx_word' id='word_1_742' title='bbox 3267 3812 3489 3887; x_wconf 75' lang='grc' dir='ltr'>ἱππικὴν</span> <span class='ocrx_word' id='word_1_743' title='bbox 3513 3832 3570 3875; x_wconf 75' lang='grc' dir='ltr'>εο</span> 
     </span>
    </p>
   </div>
   <div class='ocr_carea' id='block_1_14' title="bbox 1926 3890 2889 3979">
    <p class='ocr_par' dir='ltr' id='par_1_17' title="bbox 1926 3890 2889 3979">
     <span class='ocr_line' id='line_1_92' title="bbox 1926 3890 2889 3979; baseline 0.007 -28"><span class='ocrx_word' id='word_1_744' title='bbox 1926 3890 2150 3973; x_wconf 74' lang='grc' dir='ltr'>ἔχοντες.</span> <span class='ocrx_word' id='word_1_745' title='bbox 2210 3893 2310 3950; x_wconf 82' lang='grc' dir='ltr'>κάν</span> <span class='ocrx_word' id='word_1_746' title='bbox 2339 3900 2445 3960; x_wconf 86' lang='grc' dir='ltr'>τοῖς</span> <span class='ocrx_word' id='word_1_747' title='bbox 2473 3892 2733 3956; x_wconf 89' lang='grc' dir='ltr'>Ἱππεῦσι.</span> <span class='ocrx_word' id='word_1_748' title='bbox 2766 3901 2889 3979; x_wconf 76' lang='lat'><strong>[580]</strong></span> 
     </span>
    </p>
   </div>
   <div class='ocr_carea' id='block_1_15' title="bbox 1917 4024 3563 5022">
    <p class='ocr_par' dir='ltr' id='par_1_18' title="bbox 2114 4024 3395 4103">
     <span class='ocr_line' id='line_1_93' title="bbox 2114 4024 3395 4103; baseline 0.016 -18"><span class='ocrx_word' id='word_1_749' title='bbox 2114 4024 2179 4085; x_wconf 79' lang='grc' dir='ltr'>μὴ</span> <span class='ocrx_word' id='word_1_750' title='bbox 2210 4024 2404 4086; x_wconf 74' lang='grc' dir='ltr'>φθονεῖθ’</span> <span class='ocrx_word' id='word_1_751' title='bbox 2419 4027 2530 4087; x_wconf 74' lang='grc' dir='ltr'>ἡμῖν</span> <span class='ocrx_word' id='word_1_752' title='bbox 2551 4033 2737 4091; x_wconf 65' lang='grc' dir='ltr'>κομῶσι</span> <span class='ocrx_word' id='word_1_753' title='bbox 2757 4037 2864 4092; x_wconf 76' lang='grc' dir='ltr'>μηδ’</span> <span class='ocrx_word' id='word_1_754' title='bbox 2910 4032 3395 4103; x_wconf 51' lang='lat' dir='ltr'>&amp;ammom-</span> 
     </span>
    </p>

    <p class='ocr_par' dir='ltr' id='par_1_19' title="bbox 1919 4125 3563 4838">
     <span class='ocr_line' id='line_1_94' title="bbox 2005 4125 3490 4223; baseline 0.016 -38"><span class='ocrx_word' id='word_1_755' title='bbox 2005 4126 2122 4206; x_wconf 57' lang='grc' dir='ltr'>[ιι]</span> <span class='ocrx_word' id='word_1_756' title='bbox 2160 4125 2437 4187; x_wconf 75' lang='grc' dir='ltr'>ἱππεύεταί</span> <span class='ocrx_word' id='word_1_757' title='bbox 2462 4153 2520 4189; x_wconf 86' lang='grc' dir='ltr'>τε</span> <span class='ocrx_word' id='word_1_758' title='bbox 2547 4131 2639 4190; x_wconf 81' lang='grc' dir='ltr'>καὶ</span> <span class='ocrx_word' id='word_1_759' title='bbox 2659 4130 3052 4218; x_wconf 81' lang='grc' dir='ltr'>ξυνωρικεύεται</span> <span class='ocrx_word' id='word_1_760' title='bbox 3077 4161 3095 4201; x_wconf 85' lang='lat'>:</span> <span class='ocrx_word' id='word_1_761' title='bbox 3120 4144 3251 4220; x_wconf 86' lang='grc' dir='ltr'>(Νῦν</span> <span class='ocrx_word' id='word_1_762' title='bbox 3275 4144 3372 4223; x_wconf 65' lang='grc' dir='ltr'>μὲν</span> <span class='ocrx_word' id='word_1_763' title='bbox 3400 4147 3490 4208; x_wconf 84' lang='grc' dir='ltr'>ἐπὶ</span> 
     </span>
     <span class='ocr_line' id='line_1_95' title="bbox 1924 4213 3563 4309; baseline 0.015 -38"><span class='ocrx_word' id='word_1_764' title='bbox 1924 4213 2168 4289; x_wconf 86' lang='grc' dir='ltr'>κέλητος,</span> <span class='ocrx_word' id='word_1_765' title='bbox 2193 4221 2284 4274; x_wconf 91' lang='grc' dir='ltr'>νῦν</span> <span class='ocrx_word' id='word_1_766' title='bbox 2305 4213 2362 4274; x_wconf 76' lang='grc' dir='ltr'>δὲ</span> <span class='ocrx_word' id='word_1_767' title='bbox 2397 4217 2485 4276; x_wconf 80' lang='grc' dir='ltr'>ἐπὶ</span> <span class='ocrx_word' id='word_1_768' title='bbox 2514 4217 2782 4301; x_wconf 82' lang='grc' dir='ltr'>ξυνωρίδος</span> <span class='ocrx_word' id='word_1_769' title='bbox 2803 4221 3035 4305; x_wconf 80' lang='grc' dir='ltr'>ἅρματος</span> <span class='ocrx_word' id='word_1_770' title='bbox 3060 4228 3345 4309; x_wconf 81' lang='grc' dir='ltr'>ὀχούμενος</span> <span class='ocrx_word' id='word_1_771' title='bbox 3374 4232 3485 4293; x_wconf 73' lang='grc' dir='ltr'>ἄνω</span> <span class='ocrx_word' id='word_1_772' title='bbox 3509 4266 3563 4309; x_wconf 71' lang='lat'>⁴⁸</span> 
     </span>
     <span class='ocr_line' id='line_1_96' title="bbox 1922 4301 3484 4399; baseline 0.012 -36"><span class='ocrx_word' id='word_1_773' title='bbox 1922 4303 2015 4363; x_wconf 74' lang='grc' dir='ltr'>καὶ</span> <span class='ocrx_word' id='word_1_774' title='bbox 2033 4302 2179 4362; x_wconf 85' lang='grc' dir='ltr'>κάτω</span> <span class='ocrx_word' id='word_1_775' title='bbox 2203 4301 2500 4384; x_wconf 82' lang='grc' dir='ltr'>βακχεύει.)</span> <span class='ocrx_word' id='word_1_776' title='bbox 2523 4305 2733 4387; x_wconf 76' lang='grc' dir='ltr'>ξυνωρὶς</span> <span class='ocrx_word' id='word_1_777' title='bbox 2757 4310 2819 4370; x_wconf 80' lang='grc' dir='ltr'>τὸ</span> <span class='ocrx_word' id='word_1_778' title='bbox 2847 4311 2922 4390; x_wconf 72' lang='grc' dir='ltr'>μὴ</span> <span class='ocrx_word' id='word_1_779' title='bbox 2942 4320 3140 4396; x_wconf 83' lang='grc' dir='ltr'>πλῆρες</span> <span class='ocrx_word' id='word_1_780' title='bbox 3169 4317 3344 4399; x_wconf 70' lang='grc' dir='ltr'>ἅρμα,</span> <span class='ocrx_word' id='word_1_781' title='bbox 3366 4322 3484 4380; x_wconf 82' lang='grc' dir='ltr'>ἀλλ’</span> 
     </span>
     <span class='ocr_line' id='line_1_97' title="bbox 1922 4389 3484 4484; baseline 0.011 -34"><span class='ocrx_word' id='word_1_782' title='bbox 1922 4394 1985 4451; x_wconf 78' lang='grc' dir='ltr'>ἐκ</span> <span class='ocrx_word' id='word_1_783' title='bbox 2008 4392 2148 4450; x_wconf 80' lang='grc' dir='ltr'>δυοῖν</span> <span class='ocrx_word' id='word_1_784' title='bbox 2176 4389 2355 4449; x_wconf 81' lang='grc' dir='ltr'>ἵππων</span> <span class='ocrx_word' id='word_1_785' title='bbox 2385 4393 2654 4467; x_wconf 81' lang='grc' dir='ltr'>συνεστὸς,</span> <span class='ocrx_word' id='word_1_786' title='bbox 2676 4394 2706 4455; x_wconf 85' lang='grc' dir='ltr'>ὃ</span> <span class='ocrx_word' id='word_1_787' title='bbox 2733 4397 2798 4470; x_wconf 82' lang='grc' dir='ltr'>δὴ</span> <span class='ocrx_word' id='word_1_788' title='bbox 2823 4398 2999 4482; x_wconf 86' lang='grc' dir='ltr'>δίφρον</span> <span class='ocrx_word' id='word_1_789' title='bbox 3027 4405 3310 4484; x_wconf 85' lang='grc' dir='ltr'>καλοῦμεν.</span> <span class='ocrx_word' id='word_1_790' title='bbox 3338 4405 3401 4465; x_wconf 83' lang='grc' dir='ltr'>τὸ</span> <span class='ocrx_word' id='word_1_791' title='bbox 3427 4405 3484 4466; x_wconf 77' lang='grc' dir='ltr'>δὲ</span> 
     </span>
     <span class='ocr_line' id='line_1_98' title="bbox 1920 4476 3484 4572; baseline 0.009 -34"><span class='ocrx_word' id='word_1_792' title='bbox 1920 4476 2259 4552; x_wconf 77' lang='grc' dir='ltr'>ἱππεύεσθαι,</span> <span class='ocrx_word' id='word_1_793' title='bbox 2279 4479 2380 4558; x_wconf 83' lang='grc' dir='ltr'>οὔχ</span> <span class='ocrx_word' id='word_1_794' title='bbox 2398 4479 2581 4549; x_wconf 76' lang='grc' dir='ltr'>ἅπλῶς</span> <span class='ocrx_word' id='word_1_795' title='bbox 2596 4484 2778 4565; x_wconf 82' lang='grc' dir='ltr'>χρείαν</span> <span class='ocrx_word' id='word_1_796' title='bbox 2793 4487 2915 4568; x_wconf 77' lang='grc' dir='ltr'>περὶ</span> <span class='ocrx_word' id='word_1_797' title='bbox 2929 4489 3152 4563; x_wconf 76' lang='grc' dir='ltr'>ἱππικὴν</span> <span class='ocrx_word' id='word_1_798' title='bbox 3166 4491 3326 4572; x_wconf 73' lang='grc' dir='ltr'>ἔχειν,</span> <span class='ocrx_word' id='word_1_799' title='bbox 3347 4492 3484 4553; x_wconf 77' lang='grc' dir='ltr'>ἀλλὰ</span> 
     </span>
     <span class='ocr_line' id='line_1_99' title="bbox 1919 4565 3484 4651; baseline 0.009 -23"><span class='ocrx_word' id='word_1_800' title='bbox 1919 4568 1981 4628; x_wconf 77' lang='grc' dir='ltr'>τὸ</span> <span class='ocrx_word' id='word_1_801' title='bbox 2007 4566 2103 4627; x_wconf 76' lang='grc' dir='ltr'>ἐπὶ</span> <span class='ocrx_word' id='word_1_802' title='bbox 2132 4566 2241 4634; x_wconf 72' lang='grc' dir='ltr'>ἑνὸς</span> <span class='ocrx_word' id='word_1_803' title='bbox 2274 4565 2440 4627; x_wconf 76' lang='grc' dir='ltr'>ἵππου</span> <span class='ocrx_word' id='word_1_804' title='bbox 2469 4570 2734 4649; x_wconf 81' lang='grc' dir='ltr'>ὀχεῖσθαι,</span> <span class='ocrx_word' id='word_1_805' title='bbox 2757 4572 2786 4633; x_wconf 84' lang='grc' dir='ltr'>ὃ</span> <span class='ocrx_word' id='word_1_806' title='bbox 2811 4576 2906 4635; x_wconf 74' lang='grc' dir='ltr'>καὶ</span> <span class='ocrx_word' id='word_1_807' title='bbox 2941 4582 3030 4637; x_wconf 87' lang='grc' dir='ltr'>νῦν</span> <span class='ocrx_word' id='word_1_808' title='bbox 3057 4577 3258 4651; x_wconf 82' lang='grc' dir='ltr'>κέλητα</span> <span class='ocrx_word' id='word_1_809' title='bbox 3283 4582 3484 4641; x_wconf 84' lang='grc' dir='ltr'>καλοῦ-</span> 
     </span>
     <span class='ocr_line' id='line_1_100' title="bbox 1920 4653 3560 4749; baseline 0.01 -33"><span class='ocrx_word' id='word_1_810' title='bbox 1920 4679 2020 4717; x_wconf 90' lang='grc' dir='ltr'>σιν.</span> <span class='ocrx_word' id='word_1_811' title='bbox 2043 4691 2124 4703; x_wconf 92' lang='lat'>—-</span> <span class='ocrx_word' id='word_1_812' title='bbox 2145 4653 2429 4725; x_wconf 81' lang='grc' dir='ltr'>ἱππάζεται</span> <span class='ocrx_word' id='word_1_813' title='bbox 2455 4676 2472 4718; x_wconf 87' lang='lat'>:</span> <span class='ocrx_word' id='word_1_814' title='bbox 2502 4657 2595 4719; x_wconf 86' lang='grc' dir='ltr'>Ἐν</span> <span class='ocrx_word' id='word_1_815' title='bbox 2618 4657 2766 4744; x_wconf 75' lang='grc' dir='ltr'>ἵππῳ</span> <span class='ocrx_word' id='word_1_816' title='bbox 2784 4665 3004 4744; x_wconf 88' lang='grc' dir='ltr'>ὀχεῖται.</span> <span class='ocrx_word' id='word_1_817' title='bbox 3033 4664 3427 4749; x_wconf 79' lang='grc' dir='ltr'>ξυνωρικεύεται</span> <span class='ocrx_word' id='word_1_818' title='bbox 3461 4688 3479 4731; x_wconf 85' lang='lat'>:</span> <span class='ocrx_word' id='word_1_819' title='bbox 3510 4700 3560 4743; x_wconf 60' lang='grc' dir='ltr'><strong>η</strong></span> 
     </span>
     <span class='ocr_line' id='line_1_101' title="bbox 1919 4752 2629 4838; baseline 0.008 -23"><span class='ocrx_word' id='word_1_820' title='bbox 1919 4753 2050 4815; x_wconf 76' lang='grc' dir='ltr'>Ἐπὶ</span> <span class='ocrx_word' id='word_1_821' title='bbox 2068 4752 2248 4837; x_wconf 90' lang='grc' dir='ltr'>δίφρου</span> <span class='ocrx_word' id='word_1_822' title='bbox 2276 4752 2505 4838; x_wconf 84' lang='grc' dir='ltr'>φέρεται.</span> <span class='ocrx_word' id='word_1_823' title='bbox 2535 4769 2629 4821; x_wconf 83' lang='lat' dir='ltr'>Br.</span> 
     </span>
    </p>

    <p class='ocr_par' dir='ltr' id='par_1_20' title="bbox 1917 4842 3477 5022">
     <span class='ocr_line' id='line_1_102' title="bbox 2001 4842 3477 4934; baseline 0.007 -33"><span class='ocrx_word' id='word_1_824' title='bbox 2001 4862 2067 4901; x_wconf 78' lang='grc' dir='ltr'>ιε.</span> <span class='ocrx_word' id='word_1_825' title='bbox 2109 4845 2430 4923; x_wconf 83' lang='grc' dir='ltr'>ὀνειροπολεῖ</span> <span class='ocrx_word' id='word_1_826' title='bbox 2444 4843 2489 4904; x_wconf 89' lang='grc' dir='ltr'>θ’</span> <span class='ocrx_word' id='word_1_827' title='bbox 2508 4842 2700 4914; x_wconf 79' lang='grc' dir='ltr'>ἵππους</span> <span class='ocrx_word' id='word_1_828' title='bbox 2725 4867 2740 4907; x_wconf 87' lang='lat'>:</span> <span class='ocrx_word' id='word_1_829' title='bbox 2777 4850 2893 4908; x_wconf 82' lang='grc' dir='ltr'>Κάν</span> <span class='ocrx_word' id='word_1_830' title='bbox 2918 4853 3027 4918; x_wconf 82' lang='grc' dir='ltr'>τοῖς</span> <span class='ocrx_word' id='word_1_831' title='bbox 3052 4851 3263 4934; x_wconf 83' lang='grc' dir='ltr'>ὀνείροις</span> <span class='ocrx_word' id='word_1_832' title='bbox 3281 4852 3477 4922; x_wconf 77' lang='grc' dir='ltr'>ἵππους</span> 
     </span>
     <span class='ocr_line' id='line_1_103' title="bbox 1917 4929 3467 5022; baseline 0.008 -33"><span class='ocrx_word' id='word_1_833' title='bbox 1917 4931 2159 5012; x_wconf 79' lang='grc' dir='ltr'>περινοεῒ.</span> <span class='ocrx_word' id='word_1_834' title='bbox 2194 4929 2479 5008; x_wconf 85' lang='grc' dir='ltr'>τουτέστιν,</span> <span class='ocrx_word' id='word_1_835' title='bbox 2519 4931 2655 4993; x_wconf 75' lang='grc' dir='ltr'>οὔτω</span> <span class='ocrx_word' id='word_1_836' title='bbox 2693 4934 3022 5016; x_wconf 86' lang='grc' dir='ltr'>προστέτηκε</span> <span class='ocrx_word' id='word_1_837' title='bbox 3072 4944 3150 5020; x_wconf 79' lang='grc' dir='ltr'>τῷ</span> <span class='ocrx_word' id='word_1_838' title='bbox 3190 4940 3467 5022; x_wconf 84' lang='grc' dir='ltr'>πράγματι</span> 
     </span>
    </p>
   </div>
   <div class='ocr_carea' id='block_1_16' title="bbox 3786 2320 3826 4619">
    <p class='ocr_par' dir='ltr' id='par_1_21' title="bbox 3786 2320 3826 4619">
     <span class='ocr_line' id='line_1_104' title="bbox 3786 2320 3826 4619; baseline 0 0"><span class='ocrx_word' id='word_1_839' title='bbox 3786 2320 3826 4619; x_wconf 95' lang='lat' dir='ltr'> </span> 
     </span>
    </p>
   </div>
   <div class='ocr_carea' id='block_1_17' title="bbox 3783 2320 3828 4991">
    <p class='ocr_par' dir='ltr' id='par_1_22' title="bbox 3783 2320 3828 4991">
     <span class='ocr_line' id='line_1_105' title="bbox 3783 2320 3828 4991; baseline 0 0"><span class='ocrx_word' id='word_1_840' title='bbox 3783 2320 3828 4991; x_wconf 95' lang='lat' dir='ltr'> </span> 
     </span>
    </p>
   </div>
  </div>
 </body>
</html>
