3859 5725
471 282 585 334 492

1649 253 2101 320 ADNOTATIO
2143 253 2227 314 ΙΝ
2270 252 2534 316 scfloL.

460 406 592 484 pius
618 401 856 463 Emend.
884 401 1000 460 vol.
1028 419 1081 458 2.
1111 419 1169 478 p.
1195 397 1327 467 465.
1350 398 1579 466 κυληνᾶς
1604 390 1734 450 Ald.
1769 390 2001 459 συληνᾶς
2088 386 2386 464 stophanis
2418 386 2613 465 Equit.
2664 406 2684 443 1
2705 405 2811 459 127
2831 429 2848 459 ,
2888 388 3073 444 τοῦτον
3106 383 3179 458 δ’,
3214 383 3339 444 ὅταν
3367 376 3404 465 ᾖ
3434 384 3650 458 πλέως,

460 497 528 551 R.
550 496 616 548 V.
638 535 703 548 ...
732 491 804 548 53
829 491 987 559 κυνῆς
1010 487 1285 565 Toupius.
1310 482 1636 560 Legebamr
1664 481 1813 549 κυνῆ.
1839 475 1893 534 δὲ
1910 472 1998 534 τὸν

458 577 635 651 κυνέα,
669 599 701 635 2
727 586 902 660 φορεῖν
923 582 993 635 V.
1011 620 1028 650 ‚
1070 596 1145 634 ex
1173 594 1291 665 quo
1320 572 1577 631 additum
1601 571 1689 635 ὣς.
1721 567 1879 625 Idem
1902 561 1999 635 τὴν

460 665 721 739 κυλήνην,
748 668 779 723 3
806 665 866 725 τὸ
888 663 1136 723 πέτασον.

546 763 715 826 1204,
745 776 782 832 9
803 756 1262 833 ταχυθανατοῦσαι
1280 754 1345 808 V.
1376 746 1513 828 ταχὺ
1537 749 1821 804 θανατοῦσι
1849 745 1913 802 G.

546 844 716 916 1206,
750 845 817 900 13
842 840 998 900 Ἐπεὶ
1025 838 1079 898 δὲ
1108 846 1176 899 V.
1201 885 1264 896 ...
1299 840 1368 895 18
1391 836 1477 895 ἐπὶ
1497 834 1638 893 τὸΒ.

546 951 567 987 1
582 950 648 987 21
663 931 695 986 5
715 974 730 1001 ,
755 938 826 997 24
858 936 1222 1009 παραιτεῖται,
1254 926 1386 985 vide
1406 925 1477 982 ad
1510 923 1688 981 schol.
1709 926 1841 979 Pac.
1862 919 1997 986 854.

549 1020 696 1075 1218
722 1016 865 1076 Ἀντὶ
891 1021 963 1075 R.
995 1017 1170 1082 Χάους
1192 1015 1324 1073 Ald.
1367 1012 1645 1072 Scholion
1675 1029 1787 1067 om.
1814 1012 1880 1064 V.

551 1122 721 1175 1222,
762 1123 831 1174 27
865 1124 958 1181 sq.
1002 1100 1374 1168 Ἀνὰ-..παίζει
1399 1098 1454 1158 δὲ
1476 1120 1590 1157 010.
1620 1101 1688 1155 V.
1714 1095 1844 1155 Ald.

550 1213 697 1266 1227
728 1192 961 1275 πράξητε
988 1200 1060 1253 V.
1091 1192 1356 1274 πράξηται
1379 1197 1453 1252 R.

553 1290 727 1354 1240,
755 1283 828 1350 43
851 1304 980 1362 φησι
1004 1302 1121 1341 0111.
1152 1288 1225 1343 R.

551 1376 736 1442 1242,
777 1370 851 1436 48
889 1370 1130 1430 fortasse
1167 1368 1356 1452 γράφει
1383 1392 1397 1428 :
1426 1386 1756 1447 quanquam
1791 1366 2005 1423 incerta

466 1459 754 1517 correctio
789 1471 899 1534 est,
922 1481 1101 1537 quum
1132 1480 1204 1518 ex
1234 1457 1608 1536 sequentibus
1638 1453 1833 1512 verbis
1853 1473 2005 1510 non-

465 1544 621 1604 nulla
640 1547 921 1605 excidisse
948 1549 1307 1606 manifestum
1329 1547 1421 1604 sit.
1442 1544 1694 1604 Dobraeo
1720 1542 2011 1617 comigen-

450 1630 602 1690 ‘dum
636 1633 942 1692 videbatur
970 1638 997 1692 δ
1030 1633 1125 1711 μὲν
1164 1633 1560 1714 Καλλίστρατος
1587 1628 1830 1711 γράφων,
1856 1633 2010 1686 τοῦτο

467 1721 528 1777 ἐκ
558 1720 849 1797 Λικυμνίου
871 1720 1201 1802 Σοφοκλέους
1218 1767 1234 1796 ,
1274 1723 1432 1802 φησὶν
1455 1717 1648 1788 ταύτης
1669 1720 1724 1774 αἱ
1748 1717 2007 1774 διδασκα-

466 1807 578 1865 λίαι
604 1810 664 1865 οὐ
693 1807 1008 1886 μέμνηνται.
1042 1816 1219 1869 Recte
1247 1811 1485 1868 fortasse
1514 1819 1806 1886 postrema
1836 1804 2013 1862 corri-

465 1897 589 1973 git:
621 1898 723 1954 sed
745 1899 1079 1957 Callimachi
1111 1918 1323 1957 nomen
1363 1896 1508 1953 nihil
1540 1914 1725 1952 causae
1758 1905 1881 1950 erat
1907 1911 2013 1949 cur

468 1996 810 2043 mutaretur.
853 1990 993 2060 Quae
1032 1986 1239 2044 desunt
1281 1986 1361 2043 sic
1395 1984 1590 2061 explet
1627 1979 2010 2040 Schneiderus

468 2075 554 2129 De
581 2073 783 2131 scholi.
811 2078 912 2133 Ar.
949 2095 1007 2152 p.
1031 2076 1137 2146 86,
1174 2078 1203 2134 ὁ
1239 2072 1333 2150 μὲν
1362 2070 1706 2149 Καλλίμαχος
1729 2096 1753 2119 α
1772 2070 2011 2150 Ἀριστο-

467 2159 632 2240 φᾶνης
652 2159 865 2242 γράφων
886 2160 1075 2229 οὕτως·
1106 2167 1171 2222 Δ.
1199 2165 1306 2239 β.,··
1326 2160 1457 2242 φησὶ
1472 2205 1489 2234 ,
1514 2155 1881 2229 «ταύτης-..οὐ
1916 2154 2011 2234 με’-

470 2271 722 2327 μνηται.»
748 2255 934 2309 Dum.
967 2250 1272 2329 Αικυμνίοις
1292 2294 1306 2323 ,
1343 2258 1419 2325 49
1446 2246 1592 2308 οὐδὲν
1617 2245 1772 2324 μέμν.
1812 2249 1882 2304 V.
1905 2250 2010 2304 Se-

470 2337 708 2414 quentia
736 2336 916 2410 15-17
949 2340 1003 2396 ἐν
1028 2335 1442 2418 δὲ-γέγραπται
1462 2337 1521 2393 10
1545 2337 1655 2392 fine
1675 2345 1810 2411 post
1829 2355 2011 2413 κεραυ-

469 2420 838 2499 νοὸολούμενος
866 2426 1030 2501 ponit
1064 2430 1133 2482 R.
1166 2424 1423 2481 σκολικῶν
1451 2428 1523 2480 R.
1560 2426 1632 2479 V.
1662 2453 1741 2463 —
1771 2420 1845 2476 50
1874 2425 2011 2479 ὓπο-

472 2508 728 2588 μνήματα
756 2511 883 2570 Ald.
908 2517 952 2570 F
955 2525 1064 2570 ort.
1090 2511 1506 2588 ὑπομνημάτων.
1534 2543 1610 2553 -
1634 2509 1701 2565 51
1734 2509 2012 2591 ἐπιγραφο-

473 2596 666 2675 μένοις,
701 2599 774 2657 53
809 2602 855 2657 εἰ
882 2599 1083 2658 τοιοῦτό
1109 2623 1162 2658 τι
1185 2597 1330 2677 λέγει
1356 2596 1829 2679 κεκεραυνωμένον.
1860 2602 1924 2655 V.
1948 2643 2014 2655 -

475 2688 508 2744 3
530 2685 837 2762 Λικυμνίοις
857 2685 912 2745 δὲ
942 2693 1009 2746 V.
1027 2688 1159 2746 Ald.

561 2777 708 2842 1243
760 2775 1059 2853 legebatur
1096 2774 1534 2853 ἀναζητημάτων.
1569 2777 1901 2831 Correctum
1953 2778 2012 2833 in

472 2864 687 2922 Lexico'
710 2866 1102 2942 septemvirali
1123 2886 1166 2924 s.
1196 2865 1526 2945 ΙΙάφλασμα,
1556 2860 1658 2919 ubi
1692 2860 2011 2944 ἐκδρασμῶν

473 2971 584 3030 pro
609 2953 933 3034 ἕκπρησμῶν
957 2956 1256 3033 scriptum.

562 3050 732 3114 1247,
768 3063 837 3100 10
871 3041 983 3102 ἔστι
1016 3042 1071 3102 δὲ
1092 3046 1154 3102 ἐκ
1179 3049 1250 3102 N.
1276 3045 1436 3121 Αἶα-χ.
1461 3043 1612 3100 infra
1641 3053 1775 3120 post
1795 3040 1854 3100 τὸ
1883 3044 2013 3121 ζῷον

473 3125 514 3183 l.
548 3147 615 3184 12
640 3132 803 3207 ponit
821 3135 890 3190 R.
906 3176 971 3189 ...
996 3152 1016 3186 1
1037 3153 1055 3188 1
1079 3131 1446 3189 scribendum
1469 3129 1700 3188 videtur
1720 3126 2015 3209 ἐξέρριπται

475 3212 534 3273 δὲ
567 3215 700 3294 (nisi
733 3215 1047 3297 ἐνέρραπται
1075 3216 1130 3276 δὲ
1155 3220 1404 3297 scripsit)
1434 3216 1496 3275 τὸ
1525 3215 1797 3298 Ἀμφίονος
1826 3218 1885 3274 ἐκ
1904 3240 2014 3273 πα-

475 3304 682 3384 ρῳδίας.
730 3307 857 3362 Hoc
896 3308 1048 3365 euim
1085 3307 1278 3365 dicere
1312 3305 1546 3378 debuit,
1589 3306 1858 3383 quoniam
1894 3306 2015 3362 haec

472 3391 719 3470 pat-odia
746 3406 891 3450 esset
915 3394 1172 3471 AEschyli
1195 3395 1508 3453 verborum
1526 3435 1540 3461 ,
1571 3394 1883 3472 conjecisse
1912 3393 2013 3449 Pi-

474 3481 810 3538 stbetaerum
840 3482 979 3540 illud
1004 3482 1221 3540 dictum
1254 3494 1440 3540 totum
1470 3483 1528 3540 in
1556 3487 1781 3555 jovem,
1813 3500 2018 3558 quam-

472 3569 564 3625 vis
604 3569 658 3625 ei
695 3587 813 3624 non
855 3572 1229 3648 Amphionis,
1275 3570 1377 3628 sed
1414 3572 1576 3629 Jovis
1627 3583 1773 3629 esset
1810 3569 2017 3627 domus

474 3654 844 3719 nominanda,
870 3660 1182 3716 Humum.
1210 3664 1425 3736 Opusc.
1453 3660 1565 3715 vol.
1602 3660 1657 3732 3,
1687 3677 1742 3735 p.
1776 3657 1869 3715 53.
1903 3662 2018 3715 Le-

476 3741 722 3820 gebatur
744 3743 988 3813 001111ἔξ.
1018 3745 1075 3803 δέ
1093 3745 1140 3804 τ’
1163 3744 1320 3828 ’Ap-t?-
1347 3748 1408 3804 ἐκ
1428 3745 1707 3826 μονῳδίας.
1729 3748 1903 3803 Recte
1924 3765 2020 3802 au-

480 3843 594 3889 tem
615 3835 977 3891 Hermannus
999 3831 1333 3914 ἕνέρραπται,
1357 3836 1468 3893 nisi
1487 3832 1882 3916 προσέρραπται
1904 3854 2021 3892 ma-

475 3920 574 3993 lis,
618 3920 776 3998 quod
821 3922 1033 3999 legitur
1068 3924 1219 3980 infra
1258 3925 1319 3981 in
1356 3925 1579 3982 scholio
1621 3923 1693 3981 ad
1731 3943 1787 3981 v.
1837 3922 2019 4001 13773

476 4006 856 4090 προσέρριπται
882 4009 955 4068 ad
977 4030 1033 4067 v.
1063 4012 1198 4086 696.
1228 4015 1413 4069 Dum.

567 4098 749 4172 1250,
807 4099 875 4156 13
923 4098 1207 4180 παρδάλων
1256 4100 1387 4159 ΑΙά.
1442 4134 1517 4149 ι-
1570 4102 1638 4159 16
1691 4097 1807 4158 ἀντὶ
1853 4103 1947 4157 τοῦ
1992 4101 2019 4155 δ

479 4184 631 4264 γίγας
651 4190 723 4244 R.

569 4274 740 4346 1256,
770 4294 839 4349 19
866 4272 1225 4351 ἕμὲάλλεσθαι
1251 4275 1458 4334 Suidas
1480 4296 1523 4334 s.
1548 4274 1903 4357 Τριέμὸολον.
1941 4307 2020 4320 --

486 4382 558 4419 22
584 4375 718 4440 post
745 4353 833 4421 οὗν
862 4363 1079 4441 aliquid
1098 4365 1378 4423 excidisse
1412 4364 1665 4436 videtur,
1691 4385 1808 4443 quo
1836 4359 2021 4443 τριέμ-

483 4450 635 4509 ὅολον
655 4453 1063 4531 explicaretur.
1088 4456 1269 4511 Dum.
1286 4452 1598 4535 τριέμὸολον
1619 4444 1706 4513 οὐν
1725 4453 2021 4536 ἐπίφθεγμα

479 4538 675 4618 τάχους
714 4540 936 4600 Suidas.
973 4563 1055 4622 τρ.
1095 4530 1184 4598 οὗν
1222 4540 1338 4598 ἀντὶ
1374 4545 1465 4599 τοῦ
1498 4541 1631 4618 (ἀντὶ
1671 4546 1764 4600 τοῦ
1792 4561 1905 4599 0111.
1929 4542 2020 4621 G.)

481 4629 565 4687 ἐπ.
592 4632 660 4686 V.
690 4630 1024 4687 Proximum
1048 4626 1200 4709 εὐρὰξ
1228 4628 1402 4698 πατάξ
1427 4629 1590 4688 (11011.

569 4716 746 4787 1258,
782 4718 852 4774 25
882 4717 1059 4798 ἐπίφθ.
1098 4717 1293 4795 τάχους
1329 4715 1444 4775 ἀντὶ
1472 4722 1563 4774 τοῦ
1596 4718 1701 4799 εὐρ.
1722 4722 1796 4776 R.
1831 4748 1908 4762 --
1946 4718 2020 4774 26

483 4804 593 4885 εὐρ.
628 4804 1033 4882 συμμιγήσομαι
1052 4805 1181 4863 Ald.
1203 4803 1533 4883 χαμαίτυποι
1557 4810 1655 4880 R.‚
1677 4808 1778 4883 qui
1808 4807 1862 4864 oti
1885 4803 2023 4886 πόρ-

489 4914 570 4949 Ιιαι
588 4911 701 4951 0111.
719 4927 801 4940 -
830 4913 898 4966 27
932 4893 1082 4951 1(10111
1105 4892 1278 4950 habet
1302 4890 1448 4972 παρὰ
1472 4892 1762 4975 Μενάνδρῳ
1787 4898 1857 4952 R.
1894 4891 2025 4973 ἄρας

483 4979 794 5038 BentleiuS.
855 4978 1188 5057 Legebatur
1247 4978 1392 5061 άρης.
1455 4985 1726 5041 Ceterum
1770 4981 2022 5040 dubitari

487 5078 675 5145 potest
698 5086 770 5126 an
798 5067 921 5127 haec
948 5088 1065 5127 non
1091 5069 1397 5129 Menandri
1420 5070 1597 5130 verba
1626 5071 1759 5145 sint,
1780 5072 1879 5132 sed
1905 5072 2027 5131 Ari·

2088 469 2216 554 ἄρας
2244 472 2494 541 ἐπάταξα.
2521 472 2808 533 Lucianus
2835 477 3035 531 Amor.
3060 494 3112 532 c.
3141 473 3245 544 53,
3273 472 3346 531 ab
3370 473 3650 532 Dobraeo

2087 561 2399 633 1011102105,
2430 551 2524 621 εἶτ’
2564 560 2669 620 ἀπὸ
2701 563 2886 642 μηρῶν
2938 560 3453 642 προοιμιασάμενος,
3492 560 3652 620 κατὰ

2086 647 2175 707 τὸν
2195 648 2450 726 κωμικὸν,
2480 651 2606 708 αὐτὸ
2630 647 2889 717 ἐπάταξα.
2915 651 3100 708 Dum.

2174 740 2347 810 1267,
2379 738 2452 807 43
2485 737 2566 797 Τὸ
2588 738 2714 816 τῇδε
2740 736 2857 795 ἀντὶ
2876 743 2965 796 τοῧ
2986 744 3056 797 V.
3085 738 3246 797 Idem
3267 738 3406 817 τῷδε
3422 739 3526 817 τῷ.
3555 771 3651 782 -—

2093 836 2162 896 44
2188 830 2301 886 ἐστι
2315 825 2465 893 πόλις
2482 832 2551 887 R.
2573 827 2726 895 πόλις
2743 828 2859 886 ἀντὶ
2883 833 2974 887 τοῦ
2997 828 3062 887 δι’
3085 826 3235 909 ἀέρος
3258 832 3330 888 V.
3350 827 3646 888 Scholion

2089 914 2200 973 1100
2216 936 2330 974 0111.
2358 920 2428 975 G.

2178 1005 2345 1079 1269,
2380 1005 2453 1072 46
2484 1001 2717 1062 Ἀττικὸν
2743 1023 2859 1061 0111.
2885 1009 2956 1062 V.
2983 1044 3059 1056 -.
3089 1014 3159 1075 47
3183 1002 3646 1076 ἔστι-αἰτιατικὴ

2090 1091 2358 1159 ..εὐθείας
2400 1092 2529 1154 Ald.
2569 1090 3303 1158 ἓστὶ-αἰτιατικὸν-εὐθείας
3336 1095 3410 1151 G.
3442 1124 3523 1136 —
3562 1100 3649 1168 49

2091 1191 2227 1260 post
2257 1177 2498 1251 νοστήσει
2527 1179 2685 1238 addit
2713 1184 2784 1237 V.
2813 1178 2954 1258 (non
2982 1178 3073 1252 G.)
3101 1177 3290 1247 ἄλλως.
3331 1176 3451 1237 ἀντὶ
3486 1181 3584 1237 τοῦ
3615 1182 3649 1237 ὃ

2093 1265 2279 1350 κήρυξ.
2309 1265 2580 1342 αἷτιατικὴ
2604 1264 2718 1326 ἀντὶ
2743 1265 2956 1334 εὐθείας.

2181 1359 2354 1429 1273,
2380 1366 2411 1426 4
2431 1348 2560 1418 Οἶον
2585 1358 2657 1425 εἰς
2676 1379 2728 1415 σ.
2752 1398 2767 1425 ,
2804 1357 2836 1414 5
2870 1354 3111 1415 κελευτα1
3139 1361 3212 1415 R.
3236 1360 3303 1416 V.
3331 1359 3653 1439 καταγγέλ-

2093 1446 2202 1502 λειν
2231 1443 2364 1502 Ald.
2404 1475 2480 1488 --
2511 1448 2547 1504 6
2582 1440 2761 1501 ἀκούει
2797 1447 2868 1501 R.
2912 1476 2988 1486 —
3029 1463 3061 1515 7
3100 1440 3304 1524 εἴρηται
3330 1447 3461 1506 Ald.
3484 1481 3568 1494 -—
3603 1450 3648 1508 8

2096 1533 2240 1590 αὐτῶ
2268 1536 2338 1591 R.

2187 1589 2355 1693 1⁵281,
2391 1620 2459 1676 13
2488 1639 2573 1696 sq.
2600 1615 2936 1677 τοῦτο-τότε
2964 1617 3114 1676 infra
3141 1630 3275 1697 post
3298 1618 3506 1693 πένητα
3535 1643 3652 1702 po-

2099 1709 2185 1766 nit
2212 1713 2299 1781 V.‚
2329 1708 2431 1782 sie,
2457 1706 2645 1775 ἄλλως.
2670 1706 2732 1765 τὸ
2758 1705 3191 1785 ἐλακωνομάνουν
3212 1697 3530 1773 εἶπε-τότε.
3563 1752 3649 1763 -.

2106 1799 2173 1855 15
2202 1799 2450 1877 ῥυπῶντα
2473 1800 2543 1855 G.

2185 1887 2367 1958 1282,
2416 1887 2485 1943 16
2518 1904 2603 1961 sq.
2640 1880 3221 1966 Εἰπὼν-ἐσωκράτουν
3252 1906 3368 1945 0111.
3396 1892 3496 1961 V.‚
3541 1889 3648 1966 qui

2097 1981 2319 2035 τοιοῦτοι
2343 1971 2443 2055 γὰρ
2459 1972 2549 2033 καὶ
2576 1976 2644 2033 οἱ.
2683 2008 2748 2018 -
2783 1975 2854 2031 18
2879 1974 2963 2033 sic
2987 1974 3236 2034 habetur
3260 1976 3322 2035 in
3339 1981 3439 2051 R.‚
3473 1979 3524 2037 οὶ
3550 2000 3648 2058 φι-

2098 2063 2312 2147 λόσοφοι
2331 2062 2558 2137 ἐκόμων,
2590 2060 2845 2128 ὡσαύτως
2864 2061 2955 2122 καὶ
2974 2065 3023 2122 οἱ
3049 2063 3317 2131 Λάκωνες.

2189 2155 2356 2227 1283,
2383 2172 2451 2209 21
2480 2153 2529 2210 οἱ
2558 2170 2671 2209 om.
2695 2157 2764 2210 V.
2781 2193 2845 2206 .-.
2869 2170 2943 2208 22
2966 2171 3051 2230 sq.
3074 2151 3375 2234 Ἀφροδίτης
3395 2152 3459 2213 τὸ
3478 2145 3652 2232 γ’πα-

2101 2239 2307 2323 ρέθεντο
2355 2246 2426 2299 V.
2472 2284 2535 2295 .-
2578 2247 2651 2308 24
2696 2261 2755 2297 τε
2794 2239 3016 2298 addidit
3067 2240 3421 2300 Dindorfius.
3476 2244 3649 2303 Conf.

2098 2330 2530 2388 1001110100οω.
2564 2332 2626 2396 1,
2656 2347 2717 2406 p.
2744 2328 2861 2395 848
2891 2347 2977 2406 sq.
3006 2360 3085 2374 —
3118 2328 3194 2386 25
3221 2329 3480 2389 σκυτάλια
3507 2330 3655 2392 ἑτοί-

2100 2440 2211 2494 μως
2234 2416 2364 2494 (sic)
2389 2415 2481 2482 τὰς
2507 2421 2574 2472 V.
2596 2448 2672 2460 —
2698 2417 2773 2472 26
2791 2413 2912 2481 τοὺς
2938 2436 3056 2476 0111.
3082 2420 3150 2473 V.
3182 2422 3321 2476 Post
3343 2418 3654 2499 τραχήλους

2100 2503 2347 2562 indicavi
2365 2504 2641 2562 lacunam.
2660 2507 2994 2581 Sequuntur
3010 2505 3189 2564 verba
3208 2509 3655 2584 corruptissima

2100 2608 2285 2668 poetae
2311 2592 2525 2668 ignoti,
2555 2593 2616 2648 in
2644 2591 2856 2668 quibus
2883 2589 3079 2650 παύσει
3107 2593 3349 2652 sortasse
3375 2596 3434 2653 in
3461 2594 3654 2655 παίσει

2100 2680 2454 2738 mutandum.
2469 2680 2846 2756 «Epicharmo
2870 2681 3076 2739 lubens
3091 2682 3518 2761 adscripserim,
3535 2686 3654 2744 nisi

2101 2770 2229 2846 quis
2276 2769 2348 2826 de
2392 2768 2700 2845 Sophrone
2742 2770 2935 2847 potius
2977 2771 3228 2848 cogitet,
3284 2773 3441 2850 quod
3487 2774 3652 2852 apud

2102 2859 2283 2918 schol.
2318 2858 2605 2937 Aristoph.
2637 2858 2708 2917 ad
2745 2867 2846 2917 Av.
2879 2880 2936 2918 v.
2983 2860 3170 2934 1285,
3206 2859 3241 2933 ἢ
3276 2863 3499 2942 πλαγεὶς
3529 2865 3652 2941 (vel

2099 2946 2339 3014 παισθείς
2356 2970 2369 2984 ·
2399 2968 2531 3005 nam
2564 2947 2856 3024 vulgatum
2878 2946 3074 3007 παύσει
3098 2950 3312 3009 nullius
3334 2964 3422 3008 est
3447 2953 3652 3030 pretii)

2105 3035 2317 3116 βάκτρῳ
2346 3033 2548 3116 καλίνῳ
2578 3034 2815 3094 σκύταλα
2840 3033 2991 3114 Φρὺξ
3015 3035 3166 3117 ἀνήρ.
3205 3035 3460 3097 Σκύταλα
3487 3052 3651 3098 certe

2104 3144 2213 3202 pro
2239 3124 2464 3181 cervice
2486 3142 2604 3180 vox
2630 3124 2823 3181 Sicula
2846 3137 2988 3181 teste
3007 3125 3315 3200 Hesychio,
3339 3146 3514 3203 quem
3534 3147 3652 3189 una

2103 3213 2270 3271 litera
2295 3223 2635 3289 corruptum
2658 3209 3007 3283 emendabis,
3032 3210 3330 3287 Σκύταλον,
3359 3214 3652 3295 τράχηλον,

2104 3301 2380 3363 Σικελοί.»
2410 3307 2750 3361 Hansrun.
2783 3301 2857 3359 ad
2902 3303 3131 3360 Lucian.
3156 3303 3274 3361 vol.
3320 3325 3344 3360 1
3365 3349 3381 3377 ,
3423 3325 3484 3383 p.
3512 3307 3649 3364 363.

2104 3389 2258 3473 Φρὺξ
2294 3389 2426 3472 ἀνὴρ
2463 3391 2534 3449 (10
2567 3390 2834 3448 ministro
2875 3389 3113 3468 publico
3156 3391 3426 3470 intelligit
3458 3397 3645 3472 Toup.

2105 3480 2175 3538 ad
2195 3480 2426 3539 Suidam
2449 3500 2494 3538 s.
2514 3475 2666 3559 Φρὺξ
2689 3476 2840 3559 ἀνὴρ,
2865 3491 3120 3536 ceterum
3145 3478 3374 3538 dubitat
3388 3481 3651 3559 Sophro-

2106 3571 2194 3628 nis
2221 3591 2293 3627 211
2319 3568 2649 3646 Epicharmi
2679 3567 2802 3624 baec
2822 3566 3003 3625 verba
3024 3568 3157 3626 sint.
3187 3572 3323 3626 Non
3349 3589 3476 3627 esse
3500 3570 3651 3649 Epi-

2106 3658 2325 3716 charmi
2364 3656 2731 3714 manifestum
2772 3669 2877 3713 est.
2913 3660 3095 3713 Dum.
3128 3696 3192 3708 -
3234 3674 3307 3728 27
3341 3657 3653 3716 κατασκύτα

2107 3747 2249 3826 Φρ.,
2283 3762 2358 3819 29
2387 3743 2458 3810 εἰς
2492 3739 2726 3817 πόλεμον
2756 3747 2826 3801 V.
2847 3773 2925 3785 —
2948 3742 3020 3809 34
3041 3762 3127 3819 sq.
3149 3742 3279 3800 Ald.
3302 3745 3374 3810 εἰς
3403 3743 3531 3803 αὐτὸ
3559 3745 3656 3804 καὶ

2107 3834 2458 3902 ἀνελίττοντες
2501 3840 2758 3914 παρεῖχον
2799 3832 2889 3891 τὸν
2936 3832 3138 3911 ἱμάντα
3187 3837 3264 3914 τῷ
3312 3835 3651 3918 ἀποφέροντα

2105 3929 2256 3983 τοῦτο
2277 3921 2334 3981 δὲ
2355 3921 2583 3994 ἐποίουν,
2604 3918 2692 3979 ἵνα
2713 3917 2787 3999 μὴ
2810 3921 3144 3999 μανθάνωσιν
3165 3924 3214 3981 οἱ
3229 3922 3652 4004 ἀποφέροντιςτὸ

2108 4009 2434 4089 δηλούμενον
2458 4012 2510 4067 ἐν
2538 4011 2697 4090 αὐτῷ.
2724 4013 2753 4067 ὁ
2780 4006 2835 4067 δὲ
2859 4009 3149 4091 στρατηγὸς
3166 4009 3346 4069 λαὸὼν
3369 4009 3533 4085 αὐτὸ,
3559 4013 3653 4072 καὶ

2106 4097 2397 4180 περιελίξας
2434 4101 2501 4178 τῇ
2539 4097 2667 4179 παρ’
2698 4100 2841 4178 αὐτῷ
2870 4097 3048 4178 ῥάὸδῳ
3069 4097 3404 4176 ἀνεγίνωσκε.
3437 4097 3654 4178 λέγεται

2108 4178 2196 4246 οὗν
2221 4186 2309 4245 καὶ
2335 4191 2369 4259 ἡ
2402 4184 2653 4258 ἐπιστολὴ
2679 4185 2768 4245 καὶ
2798 4185 2925 4244 αὐτὸ
2948 4184 3010 4243 τὸ
3028 4183 3199 4252 ξύλον.
3227 4186 3576 4266 Διοσκορίδης
3601 4188 3653 4248 δ’

2108 4278 2162 4335 ἐν
2196 4283 2305 4342 τοῖς
2343 4275 2464 4356 περὶ
2501 4275 2769 4354 νομίμων,
2815 4272 2937 4339 τοὺς
2968 4273 3294 4342 δανείζοντας
3331 4275 3385 4332 ἕν
3422 4275 3651 4357 Σπάρτῃ

2109 4365 2322 4447 διαιρεῖν
2349 4363 2616 4435 σκυτάλην
2641 4361 2734 4422 δύο
2760 4358 3037 4447 παρόντων
3066 4358 3371 4442 μαρτύρων,
3403 4362 3496 4421 καὶ
3521 4364 3654 4444 γρά-

2109 4476 2221 4534 φειν
2255 4451 2316 4510 τὸ
2342 4450 2668 4531 συμ6όλαιον
2694 4452 2748 4510 ἕν
2777 4448 3014 4530 ἑκατέρῳ
3038 4450 3311 4528 τμήματι,
3340 4447 3432 4508 καὶ
3459 4449 3523 4509 τὸ
3553 4451 3652 4529 μὲν

2109 4541 2185 4601 ἑνὶ
2237 4544 2342 4599 τῶν
2382 4540 2659 4622 μαρτύρων
2694 4538 2922 4610 διδόναι,
2961 4537 3022 4597 τὸ
3054 4539 3109 4597 δὲ
3154 4539 3220 4596 δι’
3265 4541 3456 4596 ἑαυτοῦ
3490 4537 3653 4618 ἔχειν.

2109 4631 2343 4709 ἐχρῶντο
2366 4630 2411 4688 δ’
2446 4631 2587 4711 αὐτῷ
2611 4628 2702 4688 καὶ
2733 4626 2984 4701 ἀλλοίως,
3015 4630 3086 4693 ὥς
3107 4624 3471 4709 Ἀριστοτέλης
3498 4630 3556 4687 ἐν
3583 4634 3654 4711 τῇ

2111 4718 2424 4791 Ἰθακησίων
2453 4716 2694 4799 πολιτεία
2717 4716 2826 4796 μ6’.
2869 4720 3014 4788 Quae
3041 4716 3398 4794 interpolata
3416 4729 3554 4775 sunt
3580 4739 3654 4777 ex

2112 4806 2289 4865 Suida
2311 4826 2355 4863 ⁵.
2386 4805 2665 4877 Σκυτάλη,
2690 4805 2791 4882 qui
2815 4804 2940 4862 haec
2962 4821 3079 4860 non
3103 4822 3179 4860 ex
3196 4802 3532 4878 scholiasta,
3554 4807 3658 4866 sed

2112 4914 2183 4952 ex
2207 4895 2393 4953 Photii
2419 4894 2634 4954 Lexico
2655 4892 2975 4972 descripsit.
2999 4895 3180 4950 Dum.
3206 4888 3298 4948 καὶ
3326 4893 3356 4950 ὁ
3385 4913 3502 4972 στρ.
3517 4896 3656 4951 V...-

2114 4981 2306 5059 36-39
2327 5003 2443 5042 om.
2463 4985 2530 5043 G.
2557 4980 2733 5043 Πάλιν
2760 4994 2819 5042 01
2839 4979 2933 5042 καὶ
2954 5000 3068 5041 0111.
3096 4984 3190 5056 V.‚
3216 4978 3316 5059 qui
3346 4979 3420 5053 37
3441 4977 3505 5039 τὸ
3528 5002 3656 5039 σκυ-

2113 5068 2250 5143 ταλή
2279 5076 2349 5129 V.
