3859 5725
1602 289 2002 353 RANARUM.

3228 299 3333 350 581

198 431 422 507 λάπης,
462 431 535 490 25
563 429 818 512 ἕνέγραψε
844 434 1024 489 τοῦτον
1054 436 1272 508 σημεῖον
1305 431 1373 508 τῇ·
1412 429 1599 486 ἑαυτοῦ
1627 447 1726 496 ση-
1822 421 1986 480 addit
2034 419 2125 479 καὶ
2166 417 2441 501 Κόθορνος.
2493 423 2780 486 Λουκιανὸς
2823 416 3058 498 Ἔρωσιν
3098 444 3122 471 κ
3143 422 3212 484 ὡς
3251 417 3341 477 καὶ

201 521 363 602 μαίᾳ,
401 518 492 580 καὶ
535 541 605 593 27
653 518 978 601 κηρύττοιτο.
1019 515 1274 600 γράφεται
1314 515 1371 575 δὲ
1417 513 1594 583 ζουθὸν
1638 510 1727 572 καὶ

202 607 397 682 ξουθόν.
421 605 513 666 καὶ
551 605 727 675 ζουθὸς
762 604 860 683 μὲν
889 604 1139 684 σημαίνει
1161 602 1250 663 τὸν
1276 600 1473 683 ταχὺν,
1507 599 1614 661 ἀπὸ
1639 604 1731 658 τοῦ

201 703 268 770 ζα
297 701 603 759 ἑπιτατικοῧ
628 694 810 777 μορίου
833 695 924 754 καὶ
958 700 1050 754 τοῦ
1076 693 1198 754 θέω.
1224 692 1398 763 ξουθὸς
1416 690 1472 751 δὲ
1502 689 1537 764 ἢ
1560 695 1588 750 6
1615 688 1734 758 ξαν-

203 787 289 855 θὸς
320 786 356 859 ἢ
394 789 423 846 6
462 782 796 864 ἐξερχόμενος
827 787 902 851 εἰς
935 781 1005 842 τὰ
1033 782 1165 855 ἄνθη
1200 783 1265 842 ἐκ
1293 788 1589 863 μεταφορᾶς
1628 779 1732 836 τῶν

206 875 476 953 μελισσῶν
506 876 648 948 Reg.

286 972 424 1048 934,
439 969 512 1026 30
533 965 842 1047 διαὸάλῃὶὶ.
862 970 933 1024 Ὺ.
946 969 1024 1024 Μ.
1037 965 1312 1025 Scholion
1326 963 1515 1040 v.938
1532 981 1647 1021 om.
1661 965 1733 1018 G.

287 1078 429 1144 942,
466 1068 542 1142 39
564 1063 739 1143 λόγοις
772 1068 915 1142 Reg.
936 1101 1000 1114 -
1020 1070 1094 1130 4²
1119 1059 1362 1121 εἰώθασιν
1388 1062 1437 1119 οἱ
1457 1065 1528 1123 R.
1550 1059 1623 1119 Θ.
1650 1062 1733 1115 Μ.

205 1189 271 1204 -
296 1156 368 1224 43
402 1152 438 1225 ἢ
475 1165 535 1212 et
580 1148 637 1211 δὲ
679 1172 793 1211 om.
835 1157 1088 1219 Β.-44
1132 1170 1217 1228 sq.
1260 1150 1432 1209 etiam
1456 1149 1528 1210 Θ.
1555 1150 1643 1204 Μ.
1680 1155 1739 1203 et

207 1241 414 1300 Suidas
436 1261 482 1300 ε.
508 1236 751 1320 Ἴσχανα.
771 1277 837 1291 -
853 1249 922 1311 47
947 1239 1152 1304 λευκοῖς
1179 1257 1297 1297 om.
1316 1243 1535 1316 Reg.-
1550 1242 1625 1311 49
1651 1254 1736 1313 γρ.

206 1329 415 1395 λευκοῖς
441 1347 558 1387 0111.
589 1328 765 1387 etiam
797 1329 869 1387 Θ.
898 1333 981 1386 Μ.

289 1479 428 1556 943,
452 1486 521 1547 4¹
550 1432 813 1547 πτῒσάνης
838 1477 911 1537 Θ.
938 1473 1209 1548 πτησάνης
1231 1479 1303 1533 V.
1323 1470 1591 1543 πτυσάνης
1615 1467 1739 1527 Ald.

206 1603 277 1618 --
296 1567 370 1625 52
399 1586 485 1644 sq.
507 1563 1181 1647 γράφεται-ἕκλεγόμενος
1221 1583 1336 1622 om.
1355 1562 1429 1623 Θ.
1442 1604 1460 1634 ,
1482 1559 1742 1643 γράφεται

209 1654 607 1735 -μονῳδικοῖς
639 1673 752 1711 om.
778 1658 861 1711 Μ.

293 1751 436 1820 944,
468 1742 503 1799 5
529 1739 769 1806 σιτίσεως
794 1744 865 1797 V.

295 1839 410 1906 947
442 1829 525 1888 sic
551 1833 644 1900 R.,
673 1826 807 1887 Ὅτι
843 1823 947 1899 ἔπη
978 1827 1198 1885 καλοῦσι
1235 1824 1325 1885 καὶ
1355 1825 1424 1886 τὰ
1449 1822 1661 1903 tapeta.

111 1982 116 1989 ,
297 1920 444 1996 950,
476 1938 540 1990 17
572 1913 660 1977 Τὰ
698 1935 813 1975 om.
853 1922 924 1974 R.
959 1914 1118 1996 φησὶν
1158 1905 1247 1973 οὗν
1275 1913 1404 1996 πρὸς
1443 1918 1611 1973 ταῦτα
1643 1916 1674 1973 6
1696 1910 1746 1989 (6

210 2025 335 2064 om.
364 2003 462 2083 Θ.)
500 2001 750 2069 Διόνυσος
789 2001 922 2061 libri
951 2015 1164 2080 praeter
1189 2007 1261 2061 R.
1280 2021 1437 2060 -20
1470 1992 1560 2061 οὗν
1589 1997 1745 2075 ὅταν,

216 2095 295 2152 23
317 2097 475 2152 τοῦτο
494 2097 567 2150 Ὺ.
587 2127 650 2141 -
669 2090 746 2147 25
768 2088 1210 2172 παρεξετάζεσθαι
1234 2095 1375 2168 Reg.

299 2180 451 2256 958,
485 2180 552 2238 31
579 2180 816 2237 ὑπονοεῖν
840 2199 957 2238 om.
981 2181 1069 2250 V.,
1101 2191 1282 2239 totam
1315 2177 1745 2237 annotationem

213 2288 337 2327 om.
366 2276 438 2330 G.

299 2358 448 2433 962,
490 2358 562 2428 37
583 2357 666 2417 Οὔ
698 2376 813 2415 om.
853 2360 925 2415 R.
955 2352 1298 2437 σωφροσύνην
1332 2354 1539 2414 Ald.—
1561 2355 1637 2414 38
1663 2372 1748 2431 sq.

214 2442 595 2512 ἀπὸ-αύτούς
620 2447 682 2504 in
707 2445 879 2505 initio
904 2445 1110 2503 scholii
1134 2444 1310 2503 habet
1333 2449 1404 2504 R.

300 2543 443 2621 963,
473 2545 663 2612 40-43
689 2563 803 2601 om.
835 2543 1008 2601 etiam
1037 2543 1108 2603 Θ.
1146 2548 1225 2602 Μ.
1259 2547 1402 2619 Reg.
1445 2540 1609 2599 addit
1638 2537 1753 2600 M(-

218 2654 389 2711 μνονα
433 2629 490 2690 δὲ
533 2630 676 2711 λέγει
712 2630 803 2691 τὸν
838 2632 1079 2692 Τιθωνοῦ
1119 2630 1211 2691 καὶ
1246 2628 1484 2712 Ἡμέρας
1520 2628 1658 2702 υἱὸν,
1690 2618 1751 2687 οὗ

219 2718 491 2798 με’μνηται
512 2718 605 2778 καὶ
637 2716 907 2786 Διονύσιος
934 2723 963 2778 6
983 2717 1305 2801 γεωγράφος.
1323 2755 1385 2769 -
1406 2726 1476 2788 44
1508 2738 1593 2795 sq.
1621 2737 1753 2798 φησι

215 2805 499 2891 παρήγαγε
522 2804 827 2887 χρωμένους
844 2805 1285 2886 κωδωνοχίτωνας
1312 2811 1394 2866 Μ.

304 2906 443 2983 965,
479 2906 553 2972 48
582 2904 784 2987 τρέφων
812 2910 885 2965 R.
911 2910 982 2964 V.
1027 2904 1099 2965 Θ.
1148 2902 1383 2984 στρέφων
1425 2908 1504 2961 Μ.
1536 2901 1668 2963 Ald.
1690 2937 1756 2951 —

224 3001 303 3071 49
335 2991 492 3052 αὐτόν
522 3014 680 3073 φησιν
707 2997 778 3052 Ὺ.
799 2993 869 3053 Θ.
890 2990 1049 3071 φησὶν
1074 2990 1229 3050 αὐτὸν
1255 2991 1447 3049 ceteri.
1468 3025 1533 3039 ·-
1559 2990 1630 3048 50
1652 2990 1753 3048 δα-

221 3078 315 3147 σὺς
348 3080 488 3138 dicit
519 3080 830 3138 scholiasta
853 3080 1071 3137 Eccles.
1096 3099 1192 3155 97.
1219 3076 1275 3136 δὲ
1302 3076 1413 3149 εἴην
1439 3076 1529 3135 καὶ
1568 3074 1753 3147 καθείη

222 3171 296 3226 V.
318 3167 470 3223 -51
515 3166 706 3244 pergit
742 3170 813 3225 R.
860 3155 1005 3231 οὗτος
1041 3161 1555 3245 αὐθάδης-θρασύς.
1607 3162 1698 3222 καὶ
1727 3165 1756 3221 6

225 3253 549 3331 Μεγαίνετος
568 3252 623 3312 δὲ
646 3257 893 3319 τοιοῦτος.
924 3250 1158 3330 ὀνόματα
1177 3252 1391 3316 δούλων.
1406 3288 1472 3303 -—
1497 3252 1568 3321 51.
1596 3273 1755 3332 στρα·

223 3401 515 3482 τηγιόντων
542 3406 617 3463 V.
642 3355 1080 3481 coepamyotzsvav
1108 3402 1179 3462 Θ.
1219 3398 1651 3482 στρατηγούντων
1675 3404 1754 3459 Μ.

226 3490 401 3556 ἄλλως
438 3487 700 3547 additum
742 3510 815 3547 ex
854 3493 925 3547 R.
957 3495 1134 3567 Reg.:
1163 3490 1355 3555 Μάνας
1389 3485 1514 3556 τοὺς
1544 3486 1757 3554 δούλους

227 3577 448 3638 ἐκάλουν
464 3621 481 3651 ,
520 3578 593 3643 ὥς
636 3574 728 3636 καὶ
765 3575 1000 3659 Πυρρίας
1044 3574 1133 3635 καὶ
1180 3575 1426 3648 Τιὸίους,
1453 3574 1560 3634 ἀπό
1599 3598 1756 3635 τινων

228 3664 572 3748 φαυλοτάτων
613 3662 840 3724 δούλων·
882 3669 972 3723 νῦν
1015 3664 1073 3723 δὲ
1113 3666 1185 3731 ὥς
1221 3663 1534 3737 ἀναίσθητον
1574 3668 1757 3724 τοῦτον

229 3750 421 3814 Μάνην
445 3750 700 3823 κέκληκεν
716 3775 730 3788 ·
759 3742 824 3824 ἦν
847 3749 949 3832 γὰρ
976 3751 1203 3825 αὐθάδης
1232 3751 1320 3812 καὶ
1348 3751 1557 3833 θρασύς.

309 3840 449 3915 966,
486 3846 518 3907 4
545 3837 803 3897 ἀνατείνει
839 3843 910 3898 R.
952 3851 1012 3897 et
1048 3839 1255 3899 Suidas
1278 3861 1324 3899 s.
1355 3841 1760 3919 Σαλπιγγολογ-

227 3926 554 4008 χυπηνάδαι.
571 3969 629 3980 -
651 3929 686 3985 6
711 3924 808 4004 μὲν
837 3948 952 3987 om.
984 3928 1140 3988 libri.
1165 3965 1230 3979 —
1256 3949 1325 3987 10
1354 3928 1762 4007 ἐπιμελομένους

228 4020 338 4088 Μ.,
362 4015 463 4092 qui
495 4034 608 4072 om.
637 4012 1126 4087 διὸ-ἀναίσθητον.
1146 4053 1207 4065 -
1231 4038 1256 4074 1
1274 4037 1297 4073 1
1331 4015 1646 4089 ἀναίσθητον
1670 4017 1760 4077 καὶ

232 4100 459 4183 μανικὸν
486 4100 694 4160 Ald.-
719 4103 788 4160 18
809 4100 910 4174 τὴν
937 4102 1111 4182 σάρκα
1131 4109 1273 4181 Reg.

314 4192 453 4268 967,
484 4192 558 4248 23
587 4189 809 4256 ἀστείως
832 4195 904 4251 R.
939 4190 1029 4249 καὶ
1067 4194 1179 4250 πιθ.
1207 4210 1325 4251 om.
1360 4192 1432 4250 Θ.
1461 4229 1522 4241 -
1543 4202 1616 4262 24
1649 4215 1756 4252 πα-

229 4276 485 4356 λίμὸολον
512 4274 603 4335 καὶ
633 4296 748 4336 0111.
778 4277 1007 4336 V.-25
1037 4273 1404 4337 ἀποδεικνύναι
1424 4284 1494 4336 V.
1522 4279 1641 4338 Ald.

314 4387 466 4442 970,
509 4365 582 4422 30
616 4363 706 4424 τὸν
744 4363 847 4446 γὰρ
868 4364 958 4424 τὸν
994 4372 1060 4425 V.
1082 4405 1141 4419 -
1170 4368 1242 4425 32
1277 4364 1556 4426 κακοὸολεῖ
1592 4371 1764 4426 Hem-

232 4454 556 4515 sterhusius
581 4453 640 4511 in
670 4454 985 4513 Anecdotis
1007 4454 1125 4514 vol.
1163 4475 1210 4513 1.
1236 4474 1293 4533 p.
1339 4474 1469 4516 200.
1510 4455 1767 4534 Legeba-

235 4556 337 4601 tur
364 4540 697 4602 κακοόουλεῖ.
719 4542 1056 4609 κακοδουλεῖς
1083 4547 1153 4601 V.
1175 4541 1766 4616 ἔκακοὸόλησεν-ᾶπε-

233 4627 465 4708 τύγχανε
498 4628 692 4707 posuit
732 4628 938 4688 Suidas
967 4650 1011 4688 s.
1047 4627 1384 4711 Θηραμένης.
1418 4633 1446 4688 6
1473 4650 1587 4690 om.
1617 4635 1686 4690 V.
1706 4669 1768 4681 —

240 4718 318 4785 34
346 4713 537 4781 τελέως
574 4735 692 4775 om.
738 4717 810 4777 Θ.
852 4718 1055 4796 ἀγνοῶν
1097 4723 1167 4778 R.
1213 4720 1367 4786 Κεῖος
1403 4722 1468 4777 V.
1511 4721 1765 4779 Μ.-36

239 4807 403 4871 Κεῖος
428 4809 507 4864 Μ.
530 4802 745 4863 δύναται
767 4825 882 4865 0111.
905 4809 1138 4867 Ὺ.-38
1159 4829 1239 4873 τις
1256 4796 1320 4879 ἦν
1340 4808 1413 4868 Θ.
1436 4815 1543 4873 τοῖς
1568 4816 1769 4887 καιροῖς

239 4895 316 4954 Θ.
357 4897 443 4951 Μ.
487 4904 547 4950 et
589 4891 795 4951 Suidas
833 4915 878 4954 s.
927 4892 1293 4975 Ἆγχίστροφοι
1330 4906 1388 4953 et
1429 4894 1767 4978 Θηραμένης.

244 4980 647 5039 Accusativum
673 4980 933 5040 defendit
967 4983 1231 5061 Toupius
1273 4983 1542 5062 exemplo
1590 4984 1769 5042 Athe-

1819 507 1978 586 ἔγωγ’
2000 505 2062 566 ἂν
2087 507 2357 584 εὐξαίμην,
2379 505 2523 587 εἴπερ
2548 498 2614 579 ἦν
2644 506 2698 565 ἕν
2718 507 2949 589 δυνατῷ,
2968 502 3208 584 γενίσθαι
3229 508 3347 579 Θη-

1821 593 2053 676 ραμένης
2096 598 2289 662 ἐκεῖνος
2322 599 2351 655 6
2388 594 2679 675 Κόθορνος,
2714 592 2784 653 ἵν’
2825 594 2986 676 ἄμφω
3020 592 3346 665 νενικηκότες

1821 680 1983 751 Ιξισοι
2005 682 2281 762 βαδίζοιτε.
2307 709 2331 735 n
2353 688 2495 760 Reg.
2519 706 2533 741 ε
2556 683 2629 742 Οἱ
2657 679 2917 753 Ἀθηναῖοι
2939 682 3214 761 ἐχθρωδῶς
3243 681 3349 741 διέ-

1823 792 1996 830 κειντο
2035 768 2164 851 πρὸς
2204 768 2322 837 τοὺς
2346 768 2505 837 Χίους
2525 792 2539 808 ·
2584 767 2743 830 ὁπότε
2773 769 2947 828 τοίνυν
2988 769 3249 849 ἐκρατήθη
3269 793 3347 837 τις

1823 859 1952 924 Χῖος
1976 858 2104 937 παρ’
2136 859 2308 915 αὐτῶν
2342 856 2434 916 καὶ
2463 856 2750 917 τύπτεσθαι
2771 854 3019 934 ἔμελλεν,
3043 854 3252 936 ἔλεγεν,
3288 860 3348 917 οὐ

1822 945 1953 1012 Χῖος
1971 945 2107 1003 ἀλλὰ
2128 946 2256 1011 Κῖος
2277 942 2406 1023 εἰμί.

1904 1054 1977 1110 97
1994 1053 2018 1090 1
2041 1076 2058 1101 ,
2103 1040 2173 1101 41
2206 1028 2269 1090 τὸ
2290 1033 2508 1112 πλῆρες.
2537 1031 2862 1090 Scholiasta
2883 1031 3036 1091 enim
3065 1031 3350 1110 scriptum

1824 1120 2049 1179 invenit
2070 1116 2361 1198 μίντοῦγώ.
2375 1120 2471 1181 Sic
2490 1119 2666 1197 igitur
2688 1115 2896 1177 lemma
2918 1120 3349 1198 corrigendum.

1826 1210 2012 1267 Dian.
2051 1206 2502 1267 Annotationem
2549 1224 2662 1264 om.
2703 1211 2772 1264 G.
2818 1203 2998 1283 μέντοι
3028 1210 3099 1265 R.
3135 1211 3353 1268 τοιαῦτα

1830 1292 2013 1371 μέντοι
2039 1295 2235 1353 ceteri.
2255 1295 2564 1372 Sequentia
2583 1314 2696 1352 om.
2721 1293 2895 1352 etiam
2916 1295 2988 1355 Θ.
3012 1299 3090 1353 Μ.

1909 1384 2027 1458 976
2053 1384 2114 1442 οὗ
2141 1381 2391 1460 πολέμοις
2409 1387 2479 1442 R.
2498 1379 2674 1441 οὐκέτι
2694 1381 2913 1463 πολέμῳ
2944 1385 3006 1443 V.
3038 1378 3231 1460 μηκέτι
3250 1404 3356 1444 πο-

1827 1471 2007 1547 λεμεῖν
2035 1470 2168 1531 Ald.
2194 1470 2468 1530 Scholion
2488 1490 2603 1530 om.
2631 1475 2704 1529 G.

1910 1560 2056 1634 983,
2112 1560 2145 1616 3
2189 1557 2541 1641 μικροψυχίας
2586 1563 2652 1616 V.
2671 1593 2737 1607 -
2774 1563 2806 1624 4
2849 1556 3254 1637 παραδείγματα
3284 1563 3355 1617 V.

1831 1650 1973 1724 Reg.
2020 1645 2387 1724 ὑποδείγματα
2421 1645 2495 1705 Θ.
2551 1648 2632 1702 Μ.
2684 1642 3094 1725 μικροπρεπείας
3145 1644 3360 1728 ῥήματα

1832 1734 2039 1792 lemma
2087 1735 2349 1811 excerpti
2414 1732 2573 1812 apud
2634 1732 2887 1791 Suidam.
2943 1734 3109 1793 Conf.
3173 1734 3358 1794 schol.

1832 1821 2031 1900 Equit.
2084 1819 2220 1881 830.
2267 1826 2407 1899 neg.
2437 1844 2452 1879 t
2475 1824 2665 1882 Ταῦτα
2710 1817 2842 1900 πρὸς
2890 1817 3013 1887 τοὺς
3056 1820 3361 1895 Ἀθηναίους

1832 1909 2105 1990 κωμῳδῶν
2129 1907 2500 1984 ἀποσκάπτει,
2523 1911 2595 1975 ὡς
2627 1914 2999 1991 μικροπρεπεῖς
3023 1908 3115 1968 καὶ
3145 1910 3266 1992 περὶ
3294 1909 3361 1969 τὰ

1833 1997 2018 2068 εὗτελῆ
2044 2001 2215 2057 ταῦτα
2239 1993 2696 2075 καταγινομένους.

1913 2088 2055 2161 986,
2074 2086 2112 2143 6
2146 2085 2237 2145 καὶ
2265 2088 2360 2145 ἀπ.
2394 2091 2475 2144 Μ.
2499 2089 2759 2164 Sequens
2785 2083 3051 2144 scholion
3080 2105 3195 2145 om.
3219 2091 3364 2145 V.—

1836 2175 1872 2230 8
1899 2170 2057 2255 Ἄχρι
2084 2179 2166 2233 Μ.
2187 2173 2278 2233 καὶ
2298 2193 2416 2233 0111.
2438 2173 2513 2233 Θ.

1916 2283 2055 2340 990,
2103 2284 2127 2320 1
2145 2285 2167 2320 1
2220 2262 2319 2342 μίν
2347 2285 2508 2344 φησιν
2535 2261 2666 2320 Ald.
2700 2262 3263 2339 ὀνοματοπεποιεῑσθαι
3289 2270 3363 2324 V.

1837 2390 1898 2402 -.
1927 2370 1996 2409 12
2030 2352 2076 2409 εἰ
2096 2348 2182 2426 δὴ,
2215 2358 2282 2419 14
2308 2349 2491 2416 οἵτινες
2512 2350 2618 2409 Πλ.
2641 2353 2712 2406 V.
2738 2350 2811 2408 Θ.
2841 2345 3154 2418 Πλούτωνος
3179 2349 3368 2429 λέγον·
3472 2406 3477 2409 ,

1836 2459 1925 2496 ται
1956 2438 2031 2499 Θ.
2055 2476 2119 2490 --
2162 2441 2351 2499 15-18
2400 2433 2717 2507 Ἄλλως-ἢ
2767 2456 2883 2496 om.
2909 2439 3063 2495 V.—
3085 2437 3154 2496 15
3182 2438 3369 2518 μαμό-

1838 2528 2052 2605 θρεπτοι
2077 2532 2149 2586 R.
2171 2527 2401 2605 Δίδυμος
2429 2524 2485 2584 δὲ
2512 2525 2583 2586 Θ.
2612 2523 2989 2584 scribebatur
3017 2525 3368 2605 Μαμμάκου-

1839 2617 1941 2680 θος.
1979 2614 2308 2692 Μαμάκυθος
2332 2621 2404 2674 R.
2447 2652 2511 2665 —
2554 2614 2623 2671 16
2657 2612 3024 2673 scribebatur
3064 2614 3368 2690 Μελιτίδης.

1838 2702 1953 2761 Sed
2011 2703 2164 2764 infra
2209 2702 2499 2774 Μελιτίδην
2544 2700 2987 2779 relinquendum
3049 2703 3372 2765 scholiastae

1841 2791 2176 2850 recentiori.
2213 2789 2552 2851 διεὸάλλοντο
2577 2790 2729 2864 Ald„
2757 2808 2885 2869 quae
2912 2810 2978 2863 ¹7
3013 2802 3145 2868 post
3178 2789 3373 2873 Κόροι-

1841 2875 1932 2945 6ος
1953 2879 2115 2939 addit
2147 2878 2355 2958 μήποτε
2384 2876 2439 2937 δὲ
2466 2877 2727 2961 γραπτέον
2761 2875 2843 2948 είη
2877 2877 3244 2956 Μαμμάκυθοι
3284 2878 3372 2938 διὰ

1839 2964 1927 3025 τὸν
1959 2966 2241 3047 στίχον.-
2275 2968 2342 3026 18
2381 2964 2417 3039 ἢ
2442 2986 2553 3025 om.
2579 2972 2648 3025 V.
2675 2967 2751 3026 Θ.
2779 2963 3128 3046 καλ-μωρός
3155 2987 3270 3027 om.
3299 2973 3370 3027 G.

1842 3058 1980 3112 Post
2012 3053 2185 3136 μωρός
2209 3052 2367 3113 addit
2400 3053 2528 3112 Ald.
2550 3057 2641 3113 τοῦ
2667 3052 2720 3112 δὲ
2750 3049 3034 3112 Μελιτίδου
3056 3052 3148 3111 καὶ
3177 3053 3375 3135 Κοροί-

1846 3140 1943 3200 6ου
1974 3142 2065 3202 καὶ
2099 3140 2389 3207 Λουκιανὸς
2411 3142 2465 3199 ἐν
2490 3138 2699 3222 Ἔρωσι
2722 3137 3011 3217 μέμνηται.

1923 3250 2041 3307 99²
2073 3230 2340 3289 scholion
2358 3229 2661 3288 metricum
2702 3246 2819 3285 om.
2867 3227 2939 3287 Θ.
2979 3229 3206 3287 nrt-33
3236 3226 3376 3306 λέγει

1843 3320 1871 3375 6
1895 3338 1954 3396 χ.
1977 3321 2047 3376 R.
2071 3317 2133 3375 in
2153 3317 2263 3394 gl.;
2289 3315 2389 3375 sed
2410 3312 2552 3394 λέγει
2582 3334 2697 3372 om.
2724 3317 2784 3373 in
2811 3313 3049 3374 scholio.
3079 3315 3266 3372 ἑαυτοῦ
3286 3320 3369 3374 Μ.

1923 3405 2065 3482 995,
2101 3406 2174 3463 36
2222 3401 2305 3461 ὅτι
2343 3401 2587 3485 ἐμφαίνει
2627 3406 2699 3461 R.
2746 3399 3086 3482 συνεμφαίνει
3115 3406 3193 3460 M.
3218 3404 3373 3476 -37

1843 3495 1982 3552 καθὰ
2028 3497 2099 3552 R.
2120 3529 2186 3544 —
2202 3493 2277 3551 38
2321 3487 2759 3557 ὑποπεπτωκότες
2796 3488 3001 3549 Suidas
3039 3509 3083 3547 s.
3135 3487 3229 3561 Μή
3265 3491 3315 3548 σ’
3348 3494 3379 3549 6

1845 3578 2105 3657 θυμός.-
2128 3589 2204 3649 40
2237 3576 2330 3645 τὰς
2382 3576 2562 3643 ἐλαίας
2599 3583 2668 3637 Ὺ.
2694 3577 2765 3638 Θ.
2794 3574 2889 3643 τὰς
2911 3575 3071 3643 ἐλάας
3111 3581 3194 3639 Μ.
3219 3614 3282 3632 --
3302 3579 3385 3646 43·

1845 3668 2037 3727 ἐλαιῶν
2065 3666 2204 3725 libri
2241 3678 2453 3745 praeter
2487 3669 2558 3724 R.
2599 3667 2910 3743 Sequentia
2938 3684 3054 3725 om.
3083 3665 3258 3725 etiam
3286 3666 3376 3727 ’Θ.
3502 3673 3509 3684 “

1846 3764 2004 3818 Μ.-
2026 3755 2101 3826 45
2121 3754 2338 3817 ἵσταντο
2363 3761 2506 3833 ch.

1935 3864 2105 3920 1ooo,
2126 3846 2199 3904 52
2229 3848 2384 3904 τοῦτο
2419 3842 2477 3904 δὲ
2503 3857 2558 3901 et
2578 3843 2876 3921 sequentia
2896 3863 3011 3901 om.
3040 3842 3113 3903 Θ.
3146 3848 3230 3901 Μ.
3259 3847 3377 3902 Ρο-

1849 3947 2059 3994 §trema
2089 3934 2144 3991 ἐν
2195 3930 2567 4013 ἄκρῳ-μέσον
2610 3932 2672 3989 in
2708 3931 2976 3990 aim-5
2995 3950 3083 4009 sq.
3103 3948 3217 3990 om.
3235 3937 3379 4008 Reg.

1936 4042 1958 4079 1
1969 4028 2083 4089 004
2110 4040 2225 4079 om.
2239 4021 2308 4079 Θ.
2320 4023 2400 4078 Μ.
2413 4018 2567 4077 Nihil
2586 4017 2697 4076 nisi
2717 4015 2829 4085 αὗξ.
2840 4016 2930 4076 καὶ
2943 4038 3061 4096 μεγ.
3074 4014 3235 4076 εἰπών
3250 4018 3378 4078 Ald.

1930 4108 2106 4184 1005,
2135 4129 2199 4166 11
2233 4106 2331 4179 τὴν
2363 4108 2556 4185 τέχνην
2584 4111 2655 4164 Ὺ.
2686 4108 2757 4168 Θ.
2788 4110 2869 4164 Μ.

1929 4218 2110 4270 1011,
2138 4199 2209 4255 13
2236 4195 2378 4256 Ἀλλ’
2401 4201 2470 4255 R.
2504 4192 2621 4254 ἀντὶ
2657 4199 2750 4254 τοῦ
2783 4191 3051 4253 ceteri.-
3082 4200 3148 4262 14
3176 4192 3268 4252 καὶ
3291 4196 3380 4255 αῖ-

1851 4284 2161 4368 σχροτέρους
2189 4284 2450 4343 additum
2480 4303 2550 4342 ex
2570 4288 2639 4341 R.

1940 4393 2120 4447 1012,
2173 4375 2243 4431 18
2285 4370 2649 4443 ἕπιτηδεύεται
2682 4369 2814 4429 ΔΙιΙ.
2858 4368 3062 4445 γελοίου
3105 4358 3196 4427 οὖν
3245 4367 3381 4428 libri

1853 4474 2065 4541 praeter
2082 4465 2175 4535 R.,
2199 4461 2300 4538 qui
2335 4480 2405 4536 19
2434 4455 2709 4517 ἀπέθανον.
2735 4461 2885 4515 Tum
2911 4453 3069 4513 addit
3094 4454 3227 4516 Ald.
3255 4458 3384 4537 βρα-

1852 4549 2254 4631 χυπαραληκτεῑ
2313 4543 2369 4605 δὲ
2438 4548 2657 4605 ἐνταῦθα
2674 4588 2691 4616 ,
2750 4561 2880 4621 quae
2937 4554 3024 4601 est
3088 4545 3382 4603 annotatio

1852 4639 2054 4716 inepta
2075 4635 2460 4715 grammatici,
2487 4634 2735 4705 vitiosae,
2756 4652 2870 4709 qua
2908 4629 3131 4689 librarii
3168 4631 3254 4690 uti
3277 4651 3380 4690 so-

1853 4728 1994 4800 lent,
2013 4726 2315 4803 scripturae
2336 4727 2578 4782 τεθνᾶναι
2595 4720 2805 4779 assueti
2824 4740 2839 4778 :
2861 4737 3035 4796 quam
3056 4738 3382 4777 mensuram

1856 4834 1974 4873 uno
2001 4813 2059 4871 in
2088 4813 2220 4871 loco
2248 4810 2480 4870 admisit
2501 4805 2823 4882 AEschylus.
2857 4812 3038 4866 Dum.

1942 4910 2112 4975 1014,
2143 4921 2220 4958 ao
2254 4897 2369 4957 ἀντὶ
2394 4902 2487 4957 τοῦ
2515 4893 2710 4961 δειλούς
2745 4914 2861 4954 0111.
2891 4898 2997 4966 R.,
3029 4893 3130 4972 qui
3174 4913 3244 4952 αι
3284 4890 3381 4965 τὴν

1853 4988 2029 5049 πόλιν.
2055 5024 2119 5037 -
2146 4993 2218 5049 23
2248 4983 2571 5065 πανούργους
2597 5002 2709 5040 om.
2739 4985 2808 5043 G.
2837 4981 3064 5041 Scholia
3106 5000 3160 5038 v.
3202 5000 3385 5052 1017-

247 5068 360 5127 naei
400 5087 487 5140 ια,
516 5087 576 5145 p.
610 5067 743 5142 513,
775 5073 917 5131 B.-
937 5078 1011 5140 40
1032 5072 1226 5149 inepte
1249 5075 1525 5130 Musurus
1557 5072 1614 5129 in
1646 5070 1765 5133 Ald.
1787 5076 1812 5147 ζ
1864 5087 2015 5152 1047
2041 5097 2154 5153 om.
2175 5081 2254 5135 M.

3018 5178 3101 5228 ³4,
