3859 5725
325 284 437 336 146

397 424 495 464 ⁴50.
539 404 725 461 σοῦσθε
759 418 775 461 1
816 398 1132 479 (Ὁρμᾶσθε,
1158 393 1482 475 πορεύεσθε.)
1508 394 1711 463 -τοὶις
1745 399 1882 481 σφῆ-

318 516 416 557 κας
448 485 803 548 ἀπελαύνουσι
820 489 1006 545 σοῦσθε
1023 482 1278 561 λέγοντες.
1299 493 1358 540 R.

398 596 496 637 450.
543 573 653 653 (καὶ
690 573 752 633 σὺ
779 572 1021 654 προσθεὶς
1048 569 1305 650 Αἰσχίνην
1341 591 1355 630 :
1397 569 1534 629 Ἀντὶ
1563 574 1655 629 τοῦ
1683 568 1880 629 καπνὸν

321 668 484 724 εἰπεῖν
510 661 546 735 ἢ
575 667 708 743 πῦρ,
745 659 1004 739 Αἰσχίνην
1034 649 1194 729 εἶπεν,
1233 657 1346 716 ἐπεὶ
1377 655 1592 724 Καπνὸς
1622 658 1878 718 ἐκαλεῖτο.

268 770 294 809 ε
321 750 537 818 Ἄλλως.
574 749 749 818 παίζει
777 745 926 829 παρὰ
960 746 1049 806 τὸν
1088 744 1290 805 Σέλλου
1329 742 1605 824 Αἰσχίνην,
1632 743 1881 817 καπνώδη

323 839 410 899 διὰ
432 836 527 910 τὴν
548 834 871 906 ἀλαζονείαν.
893 834 1012 893 ἀντὶ
1039 834 1094 892 δὲ
1114 839 1203 893 τοῦ
1225 834 1388 892 εἰπεῖν
1420 832 1620 893 Σέλλου
1635 878 1652 910 ‚
1675 830 1883 901 ἔπαιξεν

324 925 619 991 ἐπεκτείνας
642 921 957 1002 Σελαρτίου,
977 920 1063 981 ἵνα
1086 920 1245 980 πάλιν
1263 924 1333 988 ὥς
1355 918 1553 980 καπνὸν
1581 918 1882 1001 κωμῳδήσῃ

318 1013 415 1085 καὶ
454 1011 858 1093 ψευδόπλουτον,
886 1008 1035 1090 παρὰ
1065 1008 1127 1067 τὸ
1156 1008 1327 1074 σέλας.
1357 1011 1386 1068 ὁ
1422 1007 1524 1088 γὰρ
1558 1006 1755 1074 καπνὸς
1794 1012 1885 1065 τοῦ

324 1098 508 1167 σέλαος
542 1098 820 1177 γέννημα.)
842 1128 909 1138 -
930 1093 1111 1167 ἐπειδὴ
1153 1097 1201 1154 οἱ
1238 1099 1433 1176 σφῆκες
1472 1093 1756 1175 φοὸοῦνται
1795 1092 1884 1152 τὸν

247 1209 297 1250 10
323 1186 537 1246 καπνόν.
561 1198 624 1247 V.

400 1295 499 1336 402.
539 1277 644 1332 τῶν
679 1271 879 1352 μελέων
911 1269 1233 1338 Φιλοκλέους
1263 1268 1625 1352 βεὸρωκότεςε
1657 1269 1758 1336 Ὧς
1786 1270 1887 1329 αὖ·

323 1368 516 1445 στηροῦ
543 1359 682 1420 κατὰ
713 1360 810 1433 τὴν
841 1359 1145 1438 μελοποιίαν
1174 1360 1334 1426 ὄντος.
1364 1372 1427 1418 R.
1470 1360 1559 1435 (ὣς
1593 1364 1684 1417 τοῦ
1713 1359 1888 1417 Φιλο-

322 1449 500 1517 κλέους
536 1446 718 1530 ἀγρίου
755 1446 897 1516 ὄντος
928 1451 982 1507 ἐν
1007 1451 1074 1525 τῇ
1105 1445 1399 1526 μελοποιίᾳ.
1428 1449 1457 1504 ὁ
1481 1446 1754 1526 Σοφοκλῆς
1784 1441 1887 1524 γὰρ
1955 1476 1962 1483 -

320 1535 464 1609 ἡδύς·
488 1538 568 1596 διὸ
586 1536 678 1595 καὶ
702 1535 922 1613 μέλιττα
942 1536 1197 1594 ἐκαλεῖτο.
1223 1533 1431 1603 ἔπαιξεν
1452 1524 1561 1605 οῦν,
1579 1531 1705 1591 ὡσεὶ
1727 1521 1887 1589 εἶπεν·

246 1661 294 1710 ¹6
323 1623 468 1705 εἴπερ
490 1622 586 1695 τὴν
606 1621 822 1703 πικρίαν
847 1624 1003 1680 αὐτοῦ
1024 1621 1116 1680 καὶ
1138 1621 1237 1693 τὴν
1255 1619 1587 1702 σκληρότητα
1613 1609 1773 1699 εἶχον,
1793 1619 1889 1676 οὐκ

320 1711 384 1771 ἂν
407 1710 595 1778 αὐτοὺς
625 1709 814 1793 ῥᾳδίως
841 1708 1107 1793 διέφυγες,
1137 1713 1207 1777 ὡς
1233 1714 1326 1768 τοῦ
1355 1706 1719 1774 Φιλοκλέωνος
1745 1705 1888 1774 ὄντος

321 1801 549 1880 σκληροῦ
579 1797 781 1881 σφόδρα
807 1795 901 1856 καὶ
925 1795 1346 1878 τραχυτάτου.),-

397 1904 494 1947 403.
541 1887 655 1963 (οὐκ
683 1884 818 1943 αὐτὰ
847 1885 982 1956 δῆλα
1018 1904 1032 1944 z
1056 1884 1175 1945 Οὗκ
1204 1882 1367 1957 αὐτὴ,
1396 1882 1573 1965 φησὶν,
1597 1885 1631 1953 ἡ
1654 1878 1890 1963 τυραννὶς

321 1972 580 2044 ἐπιδήλως
606 1971 745 2031 κατὰ
772 1977 864 2031 τοῦ
893 1970 1062 2049 δήμου
1093 1971 1206 2029 ἐστὶ
1233 1970 1326 2030 καὶ
1353 1969 1469 2029 καθ’
1492 1972 1690 2049 ἡμῶν.)

243 2105 296 2145 20
400 2078 500 2120 466.
540 2063 764 2118 ὑπιοῦσα
793 2078 809 2118 2
837 2056 1296 2140 Ὑπεισερχομένη
1326 2062 1361 2130 ἡ
1384 2055 1640 2138 τυραννίς.
1676 2065 1805 2121 vict.

399 2164 497 2206 400.
543 2144 905 2228 (πονωπόνηρε
938 2165 953 2206 :
988 2135 1070 2206 Ὦ
1108 2144 1328 2217 ἀσκήσει
1364 2143 1455 2203 καὶ
1490 2141 1684 2223 μελέτῃ
1715 2165 1888 2206 πεπο-

321 2231 512 2310 νημένε
542 2237 634 2305 τῆς
660 2231 976 2314 τυραννίδος.
1007 2231 1067 2291 τὸ
1098 2231 1153 2292 δὲ
1188 2228 1579 2310 Κομηταμυνία
1609 2228 1887 2304 συνέθηκεν

319 2318 469 2401 παρὰ
495 2319 556 2379 τὸ
581 2329 770 2398 κομᾶν,
803 2319 934 2400 ὅπερ
966 2319 1079 2378 ἐστὶ
1106 2326 1311 2401 φρονεῖν
1340 2317 1506 2398 μέγα·
1532 2320 1592 2377 ἐκ
1622 2315 1677 2375 δὲ
1703 2319 1888 2378 τούτου

321 2407 472 2477 δηλοῖ
488 2405 550 2465 τὸ
566 2406 889 2479 λακωνίζειν,
907 2405 1139 2487 παρόσον
1159 2405 1296 2485 μέγα
1316 2404 1560 2487 ἐφρόνουν
1574 2406 1622 2463 οἱ
1641 2402 1890 2473 Λάκωνες

242 2539 296 2580 25
322 2496 395 2562 εἰς
419 2493 631 2576 ἀνδρίαν
650 2517 665 2532 ·
692 2494 783 2554 καὶ
808 2493 956 2576 παρὰ
990 2493 1082 2552 τὸν
1109 2493 1373 2571 Ἀμυνίαν,
1403 2492 1458 2560 ὃς
1488 2490 1792 2552 διεὸάλλετο
1819 2499 1891 2564 ὥς

323 2581 634 2660 μισόδημος.
676 2579 946 2662 ἀμφότερα
973 2571 1063 2639 οῦν
1100 2578 1168 2639 τὰ
1193 2585 1289 2653 τῆς
1317 2579 1599 2646 συνθέσεως
1635 2580 1706 2645 εἰς
1735 2580 1883 2642 οὐδὲν

320 2667 494 2728 τείνει.
531 2666 568 2740 ἢ
607 2671 678 2735 ὡς
703 2666 935 2727 ἐναντίον
963 2666 1087 2726 ὄντα
1114 2671 1208 2739 τῆς
1234 2665 1434 2735 πόλεως
1460 2665 1555 2727 καὶ
1596 2662 1888 2750 τύραννον.)

399 2759 473 2824 ὡς
498 2756 723 2838 πονηρὸν
746 2755 872 2815 ὄντα
898 2754 988 2814 τὸν
1019 2754 1262 2833 Ἀμυνίαν
1292 2754 1384 2815 καὶ
1411 2759 1676 2834 κομῶντα.
1706 2769 1766 2817 R.

400 2865 499 2906 407.
544 2849 634 2905 τοῦ
661 2843 904 2913 δικάζειν.
927 2854 990 2903 V.

400 2952 500 2994 400.
545 2931 715 3011 (λόγον
744 2930 1061 3012 εὐτράπελον
1087 2950 1103 2990 ε
1128 2928 1438 3009 Ἀπολογίαν
1464 2933 1688 3007 πιθανὴν
1716 2933 1809 2994 καὶ
1830 2927 1891 2994 εὖ

323 3017 732 3102 τετραμμένην.)

400 3126 499 3170 470.
544 3104 721 3186 (αὐτὸς
748 3103 928 3186 ἄρχων
966 3122 981 3164 2
1023 3101 1424 3184 Προκατάρχων
1464 3110 1560 3179 τῆς
1594 3109 1892 3190 τυραννίδος

323 3194 494 3272 μόνος.
524 3191 794 3262 κατοξείας
817 3189 872 3251 δὲ
896 3191 1123 3273 σφοδρᾶς
1142 3188 1233 3249 καὶ
1252 3189 1464 3271 ὀξείας.)

401 3302 498 3343 471.
533 3277 803 3348 κατδξείας
837 3280 992 3349 τΤῆς
1028 3278 1256 3358 σφοδρᾶς
1291 3276 1383 3336 καὶ
1408 3283 1504 3351 τῆς
1537 3280 1723 3350 ὀξείας.
1759 3293 1886 3342 Ποῖ.

402 3387 500 3429 475.
546 3366 656 3445 (καὶ
682 3363 846 3434 ξυνὼν
872 3364 1109 3446 Βρασίδᾳ
1141 3384 1156 3425 :
1185 3363 1322 3424 Ἀντὶ
1347 3370 1438 3425 τοῦ
1460 3367 1783 3439 λακωνίζων.
1809 3368 1891 3429 ὅτι

323 3457 371 3514 οἱ
406 3452 774 3522 λακωνίζοντες
811 3457 1029 3511 τοιαῦτα
1067 3449 1396 3523 ἐπετήδευον,
1436 3450 1573 3512 ὥστε
1605 3455 1787 3537 μακρὰ
1822 3454 1890 3516 τὰ

322 3540 595 3623 κράσπεδα
615 3547 810 3622 φορεῖν,
829 3537 862 3596 8
881 3542 991 3598 ἐστι
1013 3536 1133 3604 τοὺς
1152 3538 1422 3618 κροσσούς.
1448 3541 1689 3622 φαίνεται
1714 3535 1802 3603 οὖν
1828 3544 1890 3604 τὸ

315 3625 600 3707 ’λεγόμενον
623 3618 757 3685 εἶναι
774 3628 846 3692 ὡς
862 3623 1182 3694 λακωνίζων.
1203 3623 1295 3683 καὶ
1316 3624 1581 3707 Βρασίδας
1602 3628 1704 3711 γὰρ
1727 3653 1887 3712 στρα-

324 3714 477 3793 τηγὸς
508 3710 963 3789 Λακεδαιμονίων.
993 3714 1054 3771 ἐκ
1095 3709 1413 3789 στεμμάτων
1450 3711 1506 3772 δὲ
1546 3716 1663 3775 ἀντὶ
1698 3723 1791 3776 τοῦ
1835 3717 1889 3787 ἐξ

242 3853 297 3894 40
323 3801 494 3884 ἐρίων.
537 3803 639 3880 οὐχ
679 3798 867 3878 ἱμάτια
911 3798 998 3877 δὲ,
1044 3797 1183 3858 ἀλλὰ
1228 3797 1505 3879 κράσπεδα
1550 3804 1885 3883 στεμμάτων.

320 3895 539 3950 τοιαῦτα
566 3886 668 3970 γὰρ
696 3891 937 3970 φοροῦσιν
961 3890 1009 3946 οἱ
1032 3886 1325 3965 Λάκωνες.)
1352 3919 1423 3928 -
1445 3887 1525 3948 ὅτι
1541 3892 1754 3972 ἀρχαῖοι
1780 3893 1890 3953 στέ-

322 4000 473 4059 φανοι
499 3973 640 4035 κατὰ
656 3974 716 4034 τὸ
739 3974 948 4034 ὄπισθεν
970 3973 1124 4057 μέρος
1145 3974 1419 4057 κράσπεδα
1443 3967 1603 4057 εἰχον.
1629 3994 1688 4042 R,

401 4084 500 4126 470.
542 4065 792 4135 ἐκστῆναι
828 4061 890 4121 τὸ
924 4062 1179 4145 παράπαν
1217 4067 1308 4122 τοῦ
1340 4064 1537 4147 πατρός
1569 4086 1584 4125 :
1626 4067 1764 4127 Ἀντὶ
1796 4075 1888 4128 τοῦ

324 4152 398 4231 μὴ
429 4151 566 4232 ἔχειν
595 4150 683 4210 τὸν
709 4148 930 4230 πατέρα.
971 4158 1026 4207 V.
1057 4159 1181 4208 Vicc.

400 4261 500 4300 470.
549 4240 859 4319 (ναυμαχεῖν
881 4258 895 4298 :
919 4235 1050 4297 Δέον
1073 4238 1235 4296 εἰπεῖν
1256 4238 1568 4319 μάχεσθαι.)

242 4335 295 4374 ⁴5
400 4347 499 4387 400.
541 4325 660 4385 οὐδὲ
682 4324 778 4404 μέν
805 4324 854 4404 γ’
882 4324 987 4383 οὐδ’
1017 4326 1069 4383 ἐν
1098 4325 1285 4407 σελίνῳ
1308 4348 1323 4388 :
1351 4328 1646 4410 (Παροιμία
1675 4330 1762 4390 ἐπὶ
1785 4335 1887 4392 τῶν

243 2992 297 3032 30

244 3421 298 3460 ³⁶

1450 264 1833 326 SCHOLIA
1881 265 1975 326 IN
2029 264 2383 327 VESPAS.

1964 394 2265 477 προέταξεν.
2287 393 2401 455 ὅθεν
2420 394 2512 455 καὶ
2530 399 2566 468 ἡ
2587 396 2848 476 παροιμία
2873 423 2896 450 «
2918 398 3024 458 οὐδ’
3042 401 3095 458 ἓν
3119 400 3339 473 σελίνοις
3361 405 3479 469 εἰσί.
3503 433 3529 461 ι

1967 482 2127 566 φησὶν
2154 477 2242 543 οὗν
2271 482 2352 543 ὅτι
2392 482 2538 543 οὔπω
2578 506 2662 544 σοι
2701 483 2816 544 οὐδὲ
2858 484 3000 568 ἀρχὴ
3041 487 3220 568 γέγονε
3257 495 3362 553 τῶν
3402 496 3529 578 παρ’

1966 575 2120 651 ἡμῶν
2142 570 2447 651 ἐσομένων.)

2047 678 2146 722 401.
2190 663 2293 719 τῶν
2321 659 2649 741 τριχοινίκων
2672 661 2812 718 ἐπῶν
2840 681 2854 720 :
2884 659 3021 721 Ἀντὶ
3038 670 3129 725 τοῦ
3157 669 3261 725 τῶν
3290 669 3531 730 εὐτελῶν.

1973 744 2060 823 (τὰ
2097 752 2313 806 τοιαῦτα
2340 746 2488 828 παρὰ
2519 745 2613 815 τὰς
2648 746 2823 829 φωνὰς
2859 746 3061 824 παίζει,
3102 761 3348 834 φορτικοῦ
3389 757 3535 828 ὄντος
3561 778 3589 818 ιι

1971 834 2260 913 ἀγοραίοις,
2298 833 2377 916 ἐφ’
2415 825 2490 901 οἷς
2525 833 2758 912 μάλιστα
2793 838 2897 893 τῶν
2933 843 3166 910 ποιητῶν
3202 842 3534 905 σκώπτουσιν

1970 916 2284 1000 Ἄρχιππον.
2408 917 2629 988 Ἄλλως.
2669 921 2785 980 ἀντὶ
2810 927 2898 981 τοῦ
2926 927 3030 983 τῶν
3069 929 3291 987 εὐτελῶν
3320 930 3537 1011 στίχων.

1969 1013 2123 1066 τοῦτο
2151 1006 2208 1066 δέ
2231 1030 2407 1089 φησιν,
2433 1009 2547 1067 ἐπεὶ
2573 1007 2625 1077 ἐξ
2659 1010 2895 1077 εὐτελοῦς
2916 1014 3201 1092 παροιμίας
3222 1016 3416 1096 ἤρξατο
3442 1024 3539 1091 τῆς

1970 1096 2074 1151 τῶν
2103 1092 2306 1164 κήπων.
2333 1094 2659 1175 τριχοινίκων
2696 1089 2785 1154 οὗν
2829 1096 2944 1155 ἀντὶ
2970 1105 3063 1158 τοῦ
3090 1106 3249 1182 τριῶν
3288 1105 3537 1183 χοινίκων

1973 1179 2148 1250 ἀξίων.
2179 1180 2452 1264 ξυνήγορος
2474 1182 2528 1242 δὲ
2552 1183 2743 1266 ῥήτωρ.
2770 1188 3038 1267 καταντλῇ
3068 1187 3123 1248 δὲ
3147 1191 3416 1273 καταχέῃ,
3445 1217 3540 1254 κα·
3570 1215 3621 1256 10

1971 1270 2218 1348 τηγορῇ-)

2052 1376 2151 1416 400.
2195 1355 2506 1438 ξυνήγοροςε
2537 1357 2605 1419 ‘0
2637 1358 2830 1443 ῥήτωρ.
2870 1372 2996 1421 Vict.

2052 1463 2150 1505 483.
2200 1443 2308 1521 (καὶ
2333 1443 2628 1523 ξυνωμότας
2659 1467 2674 1508 :
2702 1447 2801 1517 Ὡς
2828 1453 2999 1511 αὐτῶν
3028 1455 3257 1533 συνεχῶς
3278 1454 3540 1533 λεγόντων

1974 1529 2054 1591 ὅτι
2079 1537 2248 1591 ταῦτα
2286 1532 2524 1612 τυραννίς
2563 1534 2676 1593 ἐστι
2713 1537 2804 1596 καὶ
2833 1538 3147 1616 ξυνωμοσία.
3185 1541 3331 1601 οὐδὲν
3374 1542 3508 1603 ἄλλο

1975 1617 2131 1700 φησὶ,
2163 1617 2516 1697 μεμελέτηται
2551 1623 2675 1698 ὑμῖν
2703 1626 2748 1683 εἰ
2778 1624 2854 1702 μὴ
2882 1631 3066 1686 ταῦτα.
3103 1627 3341 1709 δέρεσθαι
3364 1629 3418 1690 δὲ
3447 1589 3543 1691 καί
3573 1650 3620 1690 15

1975 1705 2138 1788 δέρειν
2160 1705 2248 1765 ἐπὶ
2266 1710 2357 1765 τοῦ
2379 1704 2701 1789 τύπτεσθαι.)

2056 1791 2353 1870 ξυνωμότας
2377 1815 2391 1855 z
2420 1795 2786 1868 Πληθυντικὸν
2811 1799 2928 1860 ἀντὶ
2953 1803 3144 1862 ἑνικοῦ.
3186 1813 3317 1862 Vict.

2052 1902 2152 1943 400.
2200 1880 2315 1960 (ἕως
2334 1880 2396 1940 ἄν
2419 1881 2470 1940 τί
2497 1906 2601 1961 μου
2627 1906 2641 1946 2
2669 1886 2806 1947 Ἀντὶ
2829 1894 2920 1948 τοῦ
2951 1886 3050 1956 ἕως
3077 1888 3141 1950 ἂν
3161 1891 3408 1975 λείψανόν
3439 1919 3545 1974 μου

1976 1968 2363 2047 ὑπολείπηται.)

2054 2055 2150 2123 ἕως
2174 2087 2245 2098 -
2271 2055 2335 2114 ἄν
2357 2056 2410 2116 τί
2438 2080 2540 2135 μου
2566 2061 2747 2121 λοιπὸν
2773 2054 2810 2143 ᾗ
2842 2081 2857 2124 :
2889 2062 3027 2124 Ἀντὶ
3059 2070 3152 2126 τοῦ
3174 2065 3271 2136 ἕως
3294 2068 3544 2153 λείψανόν
3571 2091 3627 2132 00

1976 2164 2076 2221 μου
2097 2142 2454 2205 ὑπολείπεται.
2488 2157 2615 2205 Vict.

2055 2249 2154 2290 400.
2198 2227 2338 2299 ὅστις
2381 2233 2469 2292 ἐπὶ
2503 2235 2764 2314 τυραννίδ’
2792 2235 3017 2313 ἐστάλης
3054 2259 3071 2301 :
3099 2239 3291 2313 Ὅστις
3317 2247 3549 2321 ἐστάλης

1973 2315 2061 2376 ἐπὶ
2083 2319 2159 2397 τῷ
2185 2324 2504 2399 τυραννῆσαι
2521 2326 2690 2400 ἡμῶν.
2728 2334 2852 2385 vict.

2053 2423 2154 2465 400.
2212 2405 2535 2485 (πεντήκοντ’
2566 2412 2694 2471 ἐτῶν
2733 2432 2750 2473 ε
2782 2413 2923 2476 Ἀντὶ
2949 2421 3042 2475 τοῦ
3080 2420 3152 2485 εἰς
3185 2423 3549 2493 πεντηκοστὸν

1976 2490 2085 2559 ἔτος
2112 2494 2203 2552 καὶ
2243 2497 2303 2555 ἐκ
2325 2498 2520 2557 πολλοῦ
2556 2499 2745 2582 χρόνου
2785 2505 2881 2563 οὐκ
2905 2504 3050 2584 ᾔδειν
3093 2512 3247 2567 τοῦτο
3280 2508 3341 2568 τὸ
3367 2509 3542 2590 ὄνομα
3570 2539 3626 2580 ²5

1974 2584 2066 2650 τῆς
2091 2583 2430 2663 τυραννίδος.)

2052 2686 2150 2728 401.
2199 2668 2510 2752 (ἀξιωτέραε
2539 2675 2845 2758 Εὗωνοτέρα
2869 2679 2959 2738 καὶ
2989 2682 3042 2740 ἐν
3068 2684 3236 2765 ἀγορᾷ
3272 2686 3543 2764 εἰθισμένη

1971 2752 2236 2832 λέγεσθαι.
2276 2759 2571 2819 κυλίνδεται
2597 2761 2651 2822 δὲ
2672 2766 3045 2849 περιφέρεται.)

2050 2860 2148 2902 403.
2191 2844 2360 2925 ὀρφῶς
2390 2867 2406 2906 :
2437 2837 2589 2916 Εῗδος
2618 2849 2808 2930 ἰχθύος.
2832 2852 2894 2912 τὸ
2920 2854 3089 2938 ὀρφὼς
3114 2855 3207 2917 καὶ
3235 2857 3410 2940 λαγὼς
3437 2884 3540 2922 πε-

1977 2933 2228 3008 ρισπῶσιν
2253 2932 2495 2995 Ἀττικοί.
2524 2942 2581 2990 R·
2618 2940 2689 3016 (ἐν
2710 2941 2813 3009 τοῖς
2835 2942 3097 3012 πλείστοις
3133 2948 3327 3029 ὀρφῶς,
3349 2948 3403 3008 ἔν
3432 2971 3542 3011 τισι
3571 2974 3629 3015 ao

1970 3013 2026 3074 δὲ
2052 3018 2256 3098 ὀρφούς.
2302 3020 2508 3098 μήποτε
2544 3023 2600 3082 δὲ
2633 3024 2724 3085 καὶ
2751 3026 2813 3086 τὸ
2840 3029 3004 3088 ἑνικὸν
3034 3037 3126 3090 τοῦ
3169 3033 3348 3112 ἰχθύος
3374 3035 3543 3106 οὕτως

1969 3103 2394 3268 έλεγον,)ὀρφὼς,
2429 3114 2499 3179 ὥς
2527 3111 2703 3193 λαγὼς
2738 3115 2830 3175 καὶ
2863 3117 3019 3186 ταώς.
3051 3122 3295 3208 μεμὸρὰς
3321 3123 3375 3183 δὲ
3406 3116 3541 3196 εἶδος

1969 3212 2156 3269 αφυας.
2797 3245 2810 3256 .

2055 3295 2152 3336 400.
2201 3277 2434 3358 (ἥδυσμά
2474 3304 2527 3341 τι
2571 3302 2587 3343 :
2630 3283 2777 3367 Πρὸς
2821 3284 2883 3345 τὸ
2925 3286 3152 3366 γήτειον,
3203 3289 3284 3348 ὅτι
3327 3289 3547 3370 ἥδυσμά

1976 3365 2147 3423 ἐστιν·
2171 3367 2265 3447 οὐχ
2306 3370 2379 3435 ὡς
2406 3367 2462 3428 ἔν
2488 3392 2623 3428 τισιν
2653 3374 2981 3457 ἀναγραφαῖς
3012 3379 3115 3435 τῶν
3144 3375 3352 3452 λέξεων,
3387 3383 3547 3438 ἀνθε-
3575 3399 3632 3441 85

1979 3449 2107 3534 ρίκῳ
2120 3476 2172 3511 τι
2186 3450 2383 3532 ὅμοιον.
2409 3456 2463 3514 ἐν
2487 3454 2732 3518 Ἱππεῦσι
2760 3462 2815 3519 δὲ
2840 3462 2967 3541 [074]
2993 3462 3196 3544 εἴρηται
3215 3465 3338 3546 περὶ
3363 3468 3544 3527 αὐτοῦ.

1975 3537 2086 3598 ἔστι
2107 3539 2207 3622 γὰρ
2228 3531 2361 3610 εἶδος
2383 3542 2604 3622 βοτάνης
2619 3548 2894 3627 παρεοικὸς
2911 3548 3140 3630 πράσῳ.)

2053 3646 2150 3687 407.
2196 3628 2606 3712 (παραὸλέψασά
2625 3655 2752 3714 φησι
2771 3656 2786 3695 :
2809 3638 2907 3716 Τῷ
2925 3635 3087 3717 ἑτέρῳ
3104 3640 3362 3721 ὀφθαλμῷ
3383 3639 3546 3700 αὐτόν

1975 3737 2105 3796 φησι
2124 3717 2373 3795 χαλεπῶς
2397 3717 2804 3800 ὓποὸλεψαμένη
2831 3724 2985 3803 φησὶ,
3010 3730 3106 3784 σοῦ
3134 3727 3246 3785 ἐστι
3269 3732 3422 3788 τοῦτο
3447 3752 3549 3809 φα-

1975 3803 2103 3882 γεῖν,
2130 3806 2201 3871 ὡς
2228 3807 2321 3864 οὐκ
2357 3803 2497 3873 ἄξιον
2533 3808 2797 3886 ἡγουμένη
2826 3810 2914 3869 τὸν
2951 3810 3179 3892 τυχόντα
3218 3819 3401 3896 φαγεῖν
3434 3816 3546 3895 γή-
3576 3837 3636 3878 40

1975 3891 2155 3966 τειον.)

2053 3998 2151 4038 400.
2197 3977 2251 4055 (ἢ
2275 3978 2498 4058 νομίζεις
2518 3978 2611 4049 τὰς
2637 3980 2853 4056 Ἀθήνας
2883 4006 2899 4046 :
2933 3986 3112 4061 Φησὶν
3141 3987 3222 4048 ὅτι
3250 3987 3337 4048 διὰ
3361 3989 3419 4051 σὲ
3443 3991 3550 4075 φύ-

1975 4086 2118 4124 ουσιν
2143 4069 2200 4125 αἱ
2225 4067 2435 4138 Ἀθῆναι
2458 4065 2783 4149 ἡδύσματα.)

2055 4171 2152 4213 502.
2198 4152 2219 4230 ί
2224 4155 2269 4213 εἰ
2292 4152 2387 4225 τὴν
2410 4146 2623 4215 Ἱππίου
2645 4156 2970 4236 καθίσταμαι
2998 4182 3012 4222 t
3039 4161 3175 4223 Ἀντὶ
3195 4166 3284 4223 τοῦ
3305 4167 3351 4225 εἰ
3373 4188 3548 4225 κατα-

1976 4242 2168 4310 στῆσαι
2194 4238 2451 4320 βούλομαι
2475 4244 2689 4328 ἐμαυτῷ
2715 4248 3015 4327 τυραννίδα.
3043 4241 3190 4318 οὗτος
3214 4251 3268 4310 δὲ
3296 4251 3547 4334 τύραννος
3577 4273 3634 4314 45

1976 4325 2164 4399 δεινὸς,
2192 4332 2286 4386 τοῦ
2315 4327 2513 4410 πατρὸς
2541 4333 2929 4414 Πεισιστράτου
2957 4337 3407 4422 τυραννικώτερος.
3429 4345 3457 4401 ὁ
3486 4341 3548 4402 δὲ

324 4414 459 4493 μηδὲ
492 4414 632 4475 κατὰ
656 4408 1002 4493 τούλάχιστον
1040 4413 1354 4486 διηνυκότων
1383 4408 1458 4483 οἷς
1484 4417 1745 4480 ἐπέθεντο.
1786 4443 1887 4499 με-
1976 4411 2191 4481 Ἱππίας
2210 4415 2573 4496 ἐτυράννησεν,
2594 4420 2693 4500 οὔχ
2710 4417 3067 4504 ὀἼππαρχος.
3083 4432 3263 4496 κοινῶς
3282 4427 3337 4487 δὲ
3351 4428 3551 4499 πάντες

322 4503 628 4576 τενήνεκται
657 4501 714 4560 δὲ
742 4500 849 4561 ἀπὸ
876 4503 980 4560 τῶν
1013 4493 1220 4572 κήπων.
1250 4504 1304 4561 ἐν
1329 4500 1432 4584 γὰρ
1457 4506 1565 4574 τοῖς
1590 4505 1890 4585 λεγομένοις

321 4590 633 4671 περικήποις
657 4587 727 4649 τὰ
764 4588 944 4650 σέλινα
980 4587 1073 4648 καὶ
1101 4588 1318 4669 πήγανα
1354 4590 1722 4675 κατεφύτευον.
1760 4595 1889 4675 βού-

322 4680 472 4737 λεται
492 4667 581 4738 οὖν
607 4676 798 4756 λέγειν,
826 4675 974 4736 οὔπω
1001 4673 1116 4736 οὐδὲ
1144 4674 1314 4758 ἀρχὴν
1341 4675 1481 4757 ἔχεις
1507 4685 1599 4738 τοῦ
1631 4679 1888 4763 πράγμα-

245 4771 297 4809 ⁰⁰
323 4788 434 4838 τος,
451 4764 692 4845 καθάπερ
711 4766 761 4823 οἱ
782 4766 837 4823 ἐν
864 4767 972 4832 τοῖς
987 4762 1175 4836 κήποις
1197 4763 1443 4831 εἰσιόντες
1464 4767 1517 4824 ἐν
1538 4775 1646 4834 τοῖς
1669 4770 1889 4838 σελίνοις

324 4851 473 4913 εἰσίν.
555 4848 774 4919 Ἄλλως.
802 4849 920 4911 ἀντὶ
945 4856 1037 4911 τοῦ
1057 4852 1113 4911 ἐν
1132 4855 1372 4933 γυμνικῷ
1403 4855 1594 4931 ἀγῶνι,
1611 4856 1772 4935 ἤγουν
1785 4859 1884 4917 οὐκ

324 4943 378 4999 ἐν
411 4939 645 5019 παιδιᾷ·)
670 4935 902 5020 παρόσον
922 4936 991 4996 τὰ
1021 4935 1189 5020 βρέφη
1257 4937 1530 5011 εννηθέντα
1559 4940 1704 5009 εὐθὺς
1730 4945 1783 5002 ἐν
1813 4969 1893 5005 σε·

324 5027 483 5094 λίνοις
502 5024 753 5085 ἐτίθεσαν.
772 5022 850 5102 (τὸ
869 5021 926 5083 δὲ
942 5022 1176 5102 πήγανον
1192 5048 1217 5085 ε
1238 5047 1352 5100 πεν,
1373 5025 1553 5101 ἐπειδὴ
1575 5028 1668 5087 καὶ
1689 5027 1888 5091 σέλινον
1924 5009 1930 5042 ⁸

1976 4501 2025 4560 οἳ
2067 4500 2501 4583 Πεισιστρατίδαι
2538 4502 2781 4587 τύραννοι
2818 4507 3074 4588 ἐλέγοντο.
3117 4514 3294 4584 παίζει
3334 4515 3390 4576 δὲ
3427 4516 3550 4596 ἅμα

1974 4585 2103 4668 πρὸς
2131 4587 2193 4647 τὸ
2212 4591 2306 4661 τῆς
2327 4590 2599 4660 συνουσίας
2625 4598 2831 4674 σχῆμα.
2913 4593 3130 4669 ΙἌλλως.
3144 4602 3358 4683 χαλεπὴ
3376 4603 3480 4686 γὰρ
3506 4610 3548 4679 ἡ

1975 4673 2183 4736 Ἱππίου
2205 4677 2442 4758 τυραννὶς
2463 4677 2633 4739 ἐδόκει
2651 4681 2947 4760 γεγονέναι,
2961 4686 3096 4746 πολὺ
3115 4693 3207 4761 τῆς
3225 4697 3315 4751 τοῦ
3341 4692 3551 4775 πατρὸς
3579 4713 3639 4753 ⁵⁰
3757 4739 3758 4790 ᾗ

1976 4764 2360 4846 Πεισιστράτου
2384 4765 2594 4847 χείρων.
2619 4771 2935 4847 μνημονεύει
2964 4771 3020 4832 δὲ
3044 4777 3205 4835 αὐτοῦ
3227 4777 3318 4837 καὶ
3343 4781 3396 4838 ἐν
3425 4784 3552 4841 Λυ-

1977 4849 2233 4931 σιστράτῃ
2262 4852 2405 4931 [οι0].
2428 4853 2639 4923 εἰκότως
2665 4857 2721 4915 δὲ
2746 4856 3017 4938 τεσσάρων
3049 4860 3211 4921 ὄντων
3235 4865 3354 4923 κατ’
3380 4866 3553 4937 ἐνίους

1974 4940 2079 4996 τῶν
2109 4941 2585 5022 Πεισιστρατιδῶν,
2611 4943 2699 5003 τὸν
2726 4943 2941 5006 Ἱππίαν
2966 4947 3288 5030 παρέλαθεν.
3310 4953 3555 5036 πρεσὸύ-

1977 5048 2133 5093 τατος
2160 5023 2263 5108 γὰρ
2289 5017 2356 5099 ἦν
2388 5027 2541 5100 αὐτὸς
2563 5029 2654 5090 καὶ
2677 5029 2773 5104 τὴν
2809 5032 3091 5112 τυραννίδα
3118 5027 3256 5118 εἶχε,
3285 5042 3423 5101 καθὰ
3448 5042 3550 5103 καὶ

3751 4997 3756 5086 ,ι
