3859 5725
1510 281 1548 341 S
1566 282 1609 342 C
1628 281 1911 342 noLlA
1961 281 2052 340 IN
2092 279 2440 341 VESPAs

373 414 431 473 δὲ
459 411 706 473 παλαιόν.
753 410 920 492 γέρων
956 410 1059 493 γὰρ
1089 402 1169 484 ἦν.
1217 409 1508 493 ὑφειλόμην
1536 408 1622 484 δὲ,
1649 408 1852 491 ἔκλεψα
1882 412 1943 470 ἐκ

371 505 479 560 τῶν
505 501 828 579 συμποτῶν.)
852 531 930 544 -’
951 505 1043 557 τοῦ
1068 497 1282 560 αἰδοίου.
1308 509 1367 557 R.

458 607 579 649 1310.
624 586 920 665 μέλλουσαν
940 584 1044 657 ἤδη
1068 584 1295 645 λεσὸιεῖν
1324 606 1338 645 :
1381 584 1460 645 Τὸ
1486 583 1715 643 λεσὸιεῖν
1739 583 1825 643 ἐπὶ
1851 588 1943 642 τοῦ

379 679 603 756 αἷσχροῦ
639 673 880 733 τάττεται
897 716 914 746 ,
959 672 1157 748 (ἐπειδὴ
1196 674 1243 732 οἱ
1284 670 1502 731 Λέσὸιοι
1542 675 1946 751 αἰσχρουργοῦσι

321 780 348 818 5
377 767 454 844 τῷ
493 760 719 838 στόματι
758 757 1138 836 μολυνόμενοι).
1177 757 1323 839 παρὰ
1351 759 1413 817 τὸ
1448 758 1835 840 ἱστορούμενον,
1865 757 1946 815 ὅτι

376 849 527 931 παρὰ
569 847 811 915 Λεσόίοις
835 854 986 906 τοῦτο
1020 851 1228 928 πρῶτον
1260 846 1388 925 γυνὴ
1427 845 1607 907 ἔπαθε.
1652 846 1764 922 (καὶ
1800 843 1946 926 παρὰ

379 937 689 1017 Θεοπόμπῳ
717 939 770 995 ἐν
810 936 1060 995 Ὀδυσσεῖ
1086 964 1108 985 ιι
1138 932 1224 993 ἵνα
1251 934 1325 1012 μὴ
1350 934 1410 993 τὸ
1433 932 1660 993 παλαιὸν
1683 939 1847 991 τοῦτο.
1857 931 1949 992 καὶ

382 1055 404 1079 ιι
433 1023 779 1106 θρυλούμενον
829 1026 840 1095 Ι
893 1022 958 1080 δι’
989 1019 1259 1102 ἡμετέρων
1289 1020 1569 1101 στδμάτων
1625 1027 1634 1096 Ι
1693 1018 1825 1078 εἴπω
1853 1017 1949 1077 σό-

380 1140 403 1164 σ
432 1112 583 1194 φισμ’
617 1110 650 1169 8
673 1133 803 1193 φασι
833 1110 1027 1175 παῖδας
1059 1108 1300 1168 Λεσὸίων
1356 1110 1365 1180 Ι
1423 1112 1609 1189 εὑρεῖν.
1638 1134 1661 1159 ν
1694 1104 1951 1187 Στράττις

303 1223 356 1264 ιο
382 1204 434 1259 ἐν
449 1204 500 1261 Τ
504 1198 676 1280 ρωΐλῳ
692 1228 714 1250 κ
728 1190 766 1277 ᾗ
781 1195 996 1275 μήποτ’,
1015 1185 1059 1254 δ’)
1078 1200 1180 1253 παῖ
1193 1194 1359 1268 Ζηνὸς
1375 1240 1391 1267 ,
1412 1198 1462 1262 ἐς
1477 1194 1664 1254 ταυτὸν
1683 1193 1863 1272 μόλῃς·
1910 1198 1919 1267 Ι

384 1316 408 1340 ι
435 1286 574 1346 ἀλλὰ
609 1282 877 1366 παραδοὺς
919 1287 1024 1352 τοῖς
1066 1281 1308 1350 Aeaeam
1349 1282 1553 1364 χαίρειν
1589 1281 1667 1343 ἔα.
1712 1309 1736 1333 ν
1765 1279 1857 1338 καὶ
1897 1282 1951 1338 ἐν

383 1374 605 1456 Πυτίσῳ
630 1401 652 1427 α
685 1370 790 1451 ἐγὼ
818 1372 862 1430 δ’
900 1371 982 1430 ἅτ’
1015 1370 1301 1442 ἐλπίνικος,
1328 1370 1582 1452 ὀργισθεὶς
1615 1368 1747 1450 ἔφη,
1819 1369 1831 1440 ἱ
1877 1370 1953 1447 τῷ

387 1491 411 1516 ιι
443 1461 666 1540 στόματι
695 1459 875 1540 δράσω
896 1462 1055 1532 τοῦθ’,
1080 1458 1208 1538 ὅπερ
1238 1459 1264 1483 *
1294 1460 1323 1490 ⁴¹
1349 1460 1397 1518 ⁴².
1430 1459 1474 1535 ε)

471 1570 595 1610 1343.
636 1549 834 1629 φιαλεῖς
874 1568 888 1608 t
925 1549 1041 1628 (Τῷ
1065 1545 1203 1627 ἔργῳ
1236 1546 1524 1613 ἓπιὸαλεῖς.
1554 1541 1801 1626 εὈμηρος
1835 1549 1951 1616 [0d.

316 1652 370 1692 15
395 1650 465 1712 X,
487 1645 559 1710 49]
587 1665 611 1689 c«
642 1635 795 1703 αὐτὸς
817 1634 920 1716 γὰρ
952 1634 1166 1707 ἐπίηλεν
1200 1633 1325 1692 τάδε
1351 1632 1495 1716 ἔργα.
1526 1661 1548 1685 υ
1579 1631 1695 1690 ἀντὶ
1717 1637 1807 1690 τοῦ
1832 1634 1956 1690 ἐπε-

394 1724 632 1784 ὅάλλετο.
659 1762 729 1770 --
750 1721 1017 1803 Φρύνιχος
1063 1719 1326 1801 Ἐφιάλτῃ
1358 1747 1382 1774 α
1416 1720 1583 1797 ὄνομα
1622 1718 1679 1777 δέ
1715 1742 1791 1800 τῳ
1813 1717 1954 1778 τοῦτ’

397 1841 422 1866 α
443 1804 507 1885 ἦν
535 1810 725 1870 ἔσωθεν
755 1812 852 1886 γῆν
877 1832 935 1867 τε
965 1808 1040 1886 μὴ
1079 1807 1215 1866 ἔστω
1247 1807 1466 1888 φιάλτης
1494 1805 1839 1887 ἀνδραγαθίας
1861 1804 1954 1864 οὔ·

393 1926 419 1954 «
445 1923 568 1959 νεκα
600 1898 679 1957 ἔτι
702 1895 920 1962 ἐπιαλὰς
943 1893 1152 1976 χρηστὰ
1185 1896 1241 1952 λε
1283 1894 1590 1972 ἀπωλόμην.
1616 1922 1640 1946 ι»
1670 1896 1723 1952 ἐν
1746 1893 1800 1951 δὲ
1827 1897 1958 1974 Τρι-

393 1987 588 2069 φάλητι
612 1982 984 2066 Ἀριστοφάνης
1008 2011 1031 2036 ιι
1055 1982 1257 2049 κούδέν’
1279 1982 1421 2062 ἄνδρ’
1445 1985 1516 2048 εἷς
1537 1981 1732 2040 ἄτοπον
1762 1983 1865 2040 οὐδ’
1893 1979 1956 2038 ἂν

309 2091 377 2130 20
405 2101 429 2127 α
453 2072 764 2149 ἐπιήλαμεν.
795 2096 818 2122 υ
844 2069 1062 2129 δύναται
1089 2070 1179 2129 καὶ
1210 2069 1271 2128 τὸ
1295 2073 1690 2149 προθυμεῖσθαι.
1720 2097 1742 2121 ιι
1774 2071 1837 2128 οὗ
1856 2067 1957 2149 γὰρ

393 2160 579 2233 ἐπίηλε
603 2158 731 2219 τάδε
769 2157 898 2238 ἔργα
932 2184 956 2209 ιι
995 2157 1110 2216 ἀντὶ
1147 2162 1236 2215 τοῦ
1279 2155 1635 2238 προεθυμήθη.
1663 2167 1726 2214 V.
1771 2192 1840 2201 —
1867 2156 1958 2215 καὶ

394 2250 681 2329 φιαλοῦμεν
717 2246 955 2306 τουτέστι
984 2248 1060 2326 τῷ
1101 2243 1239 2325 ἔργῳ
1279 2244 1649 2321 ἐπιὸαλοῦμεν,
1683 2242 1768 2302 ἐπὶ
1808 2249 1960 2303 τοῦτο

396 2335 717 2417 δρμήσομεν·
742 2335 946 2415 φιαλεῖν
970 2331 1071 2413 γὰρ
1095 2332 1155 2390 τὸ
1183 2331 1436 2413 ἄρχεσθαι
1469 2338 1559 2390 τοῦ
1585 2331 1907 2412 πράγματος.
1933 2335 1961 2389 6

398 2421 552 2489 αὑτὸς
572 2419 940 2503 Ἀριστοφάνης
961 2427 1093 2491 [Pae.
1115 2426 1264 2491 4311ιι
1287 2419 1381 2496 ἄγε
1403 2417 1468 2489 δὴ
1485 2418 1548 2476 σὺ
1572 2417 1774 2497 ταχέως
1799 2416 1961 2497 ὕπεχε

314 2523 377 2563 25
400 2538 425 2566 ιι
452 2507 549 2581 τὴν
590 2507 802 2590 φιάλην,
845 2505 986 2574 ὅπως
1059 2507 1069 2586 Ι
1122 2505 1287 2588 ’ἔργῳ
1343 2508 1650 2585 φιαλοῦμεν,
1693 2505 1964 2584 εὐξάμενοι

399 2624 425 2649 «ι
451 2603 613 2656 τοῖσιν
629 2600 779 2662 θεοῖς.
902 2592 1119 2660 Ἄλλως.
1154 2595 1198 2671 u)
1232 2594 1435 2674 φιαλεῖν
1471 2591 1568 2669 μὲν
1591 2591 1778 2674 κυρίως
1806 2592 1867 2651 τὸ
1894 2596 1963 2671 τῇ

399 2683 561 2767 φιάλῃ
585 2682 768 2755 πίνειν,
790 2687 879 2739 νῦν
909 2680 954 2740 δ’
976 2681 1100 2748 ἴσως
1127 2680 1218 2740 καὶ
1246 2680 1618 2760 κακεμφάτως.

485 2790 606 2831 1349.
651 2772 863 2850 ἕγχανεῖ
899 2768 1114 2828 ἐπὶτῶν
1154 2768 1584 2846 καταγελώντων.
1624 2767 1737 2844 ἅμα
1783 2764 1838 2826 δὲ
1873 2767 1966 2826 καὶ

401 2856 771 2941 κακεμφάτως.
799 2869 865 2916 V.

320 2963 381 3005 30
487 2965 609 3007 1330.
662 2947 892 3024 (πολλοῖς
913 2939 1017 3025 γὰρ
1035 2943 1137 3015 ἤδη
1165 2941 1407 3024 χάτέροις
1442 2961 1457 3002 t
1483 2938 1641 3003 Ἤτοι
1662 2941 1724 3000 τὸ
1746 2938 1966 3022 αἰσχρὸν

402 3032 643 3114 χάτέροις
682 3030 940 3114 εἰργάσω,
983 3029 1019 3101 ἢ
1055 3028 1318 3113 ἐκφεύγεις
1351 3027 1464 3107 ἐμέ.
1517 3026 1609 3087 καὶ
1649 3025 1752 3109 γὰρ
1795 3028 1969 3095 ἄλλοις

405 3119 535 3180 αότὸ
566 3117 860 3199 ἐποίησας.)

487 3227 609 3268 1361.
654 3205 744 3266 ἐὰν
769 3205 825 3264 δὲ
842 3203 968 3286 γένῃ
996 3225 1010 3266 :
1035 3205 1295 3283 Μιμεῗται
1322 3202 1443 3271 τοὺς
1466 3200 1765 3276 νεανίσκους
1791 3201 1970 3280 λέγον-

405 3319 499 3364 τας
524 3292 683 3376 [πρὸς
716 3291 807 3361 τὰς
843 3291 1050 3375 ἑταίρας
1071 3293 1164 3351 καὶ
1194 3288 1480 3371 ὄμνύνταςῙ
1496 3336 1511 3363 ,
1547 3288 1638 3349 ἐάν
1671 3312 1771 3367 μου
1801 3293 1828 3348 6
1863 3313 1971 3348 πα-

327 3399 382 3442 36
407 3383 505 3464 τὴρ
534 3381 769 3462 ἀποθάνῃ
786 3426 802 3455 ,
830 3380 984 3440 δώσω
1021 3403 1103 3440 σοι
1144 3378 1321 3438 πάντα
1351 3378 1473 3460 [καὶ
1507 3377 1803 3449 συνοικήσω
1835 3378 1969 3456 μετὰ

407 3493 500 3531 σου
534 3516 548 3529 .

490 3468 611 3617 3153.
656 3554 948 3632 λυσάμενος
970 3552 1068 3623 ἔξω
1095 3572 1110 3614 :
1144 3552 1302 3632 (Ἀντὶ
1323 3557 1417 3610 τοῦ
1441 3552 1788 3634 ἐλευθερώσας
1807 3555 1860 3612 ἐν
1879 3558 1970 3612 τοῦ

388 3639 847 3724 ’πορνοὸοσκείου.)
882 3638 951 3698 τὰ
977 3642 1249 3719 γυναικεῖα
1274 3642 1446 3699 αἰδοῖα
1475 3639 1680 3720 χοίρους
1713 3642 1968 3718 λέγουσιν.

491 3751 608 3790 1355.
653 3728 744 3788 καὶ
767 3726 1097 3810 φυλάττομαι
1131 3727 1331 3808 σφόδρα
1360 3749 1374 3786 :
1415 3727 1561 3787 Καθὸ
1594 3727 1670 3794 δὶς
1706 3730 1889 3794 παῖδες
1925 3731 1972 3787 οἱ

332 3846 389 3887 40
415 3816 665 3899 γέροντες.
696 3812 748 3891 (ἢ
781 3819 906 3896 παρ’
938 3814 1180 3873 ὑπόνοιαν
1217 3819 1264 3874 οἱ
1291 3816 1471 3881 παῖδες
1498 3820 1665 3872 ταῦτα
1691 3814 1969 3893 λέγουσιν.)

413 3905 516 3965 ἀπὸ
540 3909 638 3964 τοῦ
666 3905 777 3963 υἱοῦ
807 3900 965 3961 υἵδιον
988 3904 1057 3968 ὣς
1087 3901 1191 3960 ἀπὸ
1214 3908 1304 3960 τοῦ
1328 3901 1527 3982 πατρὸς
1551 3902 1845 3980 πατρίδιον.

494 4011 614 4051 1357.
658 4011 859 4066 κυμινο.
895 4008 910 4049 :
941 3988 1128 4058 Παίζει
1157 3991 1407 4060 ἐνταῦθα,
1441 3987 1784 4067 σμικρολόγον
1816 3988 1972 4047 αὑτὸν

409 4077 502 4138 κοιὶΙ
523 4076 774 4155 ὀξύθυμον
794 4075 974 4152 λέγων.
1004 4074 1411 4157 κυμινοπρίστας
1436 4074 1538 4154 γὰρ
1560 4073 1676 4142 τοὺς
1696 4076 1975 4154 φειδωλοὺς

410 4166 502 4226 καὶ
529 4162 905 4246 σμικρολόγους
933 4162 1170 4223 ἐκάλουν.
1194 4161 1442 4234 συνέθηκε
1468 4162 1522 4220 δὲ
1546 4160 1651 4234 τὴν
1672 4161 1813 4231 λέξιν
1838 4160 1976 4238 μετὰ

330 4278 386 4319 45
412 4257 505 4312 τοῦ
526 4251 803 4334 καρδάμου
822 4248 1120 4309 διαὸάλλων
1146 4250 1300 4309 αὐτὸν
1320 4253 1390 4317 ὥς
1416 4248 1684 4325 ὀξύθυμον.
1710 4281 1775 4290 —
1800 4250 1975 4319 παίζει

412 4337 560 4420 παρὰ
585 4337 646 4396 τὸ
673 4336 910 4415 κύμινον,
939 4336 973 4395 ὅ
997 4339 1109 4396 ἐστι
1138 4335 1472 4418 δριμύτατον,
1496 4338 1586 4395 καὶ
1615 4338 1674 4394 τὸ
1703 4337 1977 4417 σμικρολό·

412 4447 523 4504 γον,
555 4424 779 4505 πρίστας
805 4422 907 4505 γὰρ
933 4422 1052 4491 τοὺς
1078 4422 1415 4506 μικρολόγους
1439 4424 1657 4482 ἐκάλουν
1676 4468 1690 4496 ,
1718 4424 1808 4483 καὶ
1827 4423 1975 4504 παρὰ

412 4512 474 4571 τὸ
494 4510 786 4591 κάρδαμον,
815 4510 942 4591 ὅπερ
974 4510 1086 4570 ἐστὶ
1114 4509 1268 4592 δριμὺ
1286 4556 1300 4582 ,
1328 4509 1424 4582 τὴν
1457 4510 1692 4569 σύνθεσιν
1720 4510 1975 4584 ποιήσας,

417 4602 488 4666 εἷς
509 4598 846 4681 μικρολογίαν
871 4598 1169 4657 διαὸάλλων
1198 4597 1354 4656 αὐτὸν
1378 4599 1469 4657 καὶ
1489 4602 1559 4665 ὡς
1580 4596 1852 4676 ὀξύθυμον.
1878 4610 1940 4656 V.

336 4710 393 4750 εο
500 4706 619 4746 1368.
668 4684 809 4766 (περί
847 4709 947 4763 μου
983 4684 1178 4744 δέδοικε
1203 4704 1217 4745 2
1244 4684 1325 4744 Δι’
1353 4686 1481 4762 ἐμοῦ
1520 4682 1769 4764 φειδωλός
1808 4687 1971 4763 ἔστιν,

414 4772 502 4832 ἵνα
531 4771 606 4853 μὴ
632 4776 685 4832 ἕν
709 4771 915 4854 ἐξουσία
938 4771 1075 4853 ἔχων
1103 4772 1170 4831 τὰ
1197 4771 1445 4853 χρήματα
1473 4771 1791 4852 διαφθείρω.)

495 4881 621 4924 1³5⁹.
668 4859 848 4942 πατὴρ
876 4860 979 4942 γὰρ
1016 4859 1215 4927 οὖδείςε
1250 4859 1503 4928 Ἀστείως.
1535 4858 1767 4938 (εἰώθασι
1795 4858 1896 4941 γὰρ
1928 4863 1976 4920 οἱ

416 4949 599 5015 παῖδες
623 4947 810 5027 λέγειν,
842 4945 994 5024 μόνος
1018 4946 1127 5024 εἰμὶ
1150 4951 1226 5028 τῷ
1253 4948 1432 5028 πατρί.
1459 4947 1575 5005 ἀντὶ
1603 4946 1659 5007 δὲ
1691 4953 1784 5006 τοῦ
1813 4949 1975 5007 εἰπεῖν

416 5036 526 5103 υἱὸς
549 5026 663 5094 εἶπε
684 5033 865 5115 πατὴρ
887 5033 1124 5112 παίζων.)

3475 290 3583 341 165

2116 429 2235 470 1301.
2282 408 2434 476 δετάς
2465 429 2479 469 :
2510 407 2625 477 Τὰς
2649 408 2950 488 λαμπάδας.
2975 410 3068 489 (ὡς
3086 408 3192 468 ἀπὸ
3222 415 3308 469 τοῦ
3340 409 3439 469 δέω
3467 411 3588 484 δετή

2035 500 2363 577 ῥηματικῶς,
2389 496 2447 574 [ἡ
2472 495 2816 574 συνδεδεμένη
2838 499 2897 556 ἐκ
2915 497 3218 579 παπύρων].
3245 497 3337 557 καὶ
3350 498 3596 580 Ὅμηρος

2035 591 2116 656 [n.
2137 595 2206 655 A,
2234 591 2332 656 55⁴]
2358 612 2381 637 «ι
2416 583 2694 661 καιόμεναί
2715 607 2772 643 τε
2806 583 2970 646 δεταί.
2996 611 3021 638 2
3048 584 3269 644 τωθάσω
3298 584 3352 644 δὲ
3377 587 3591 670 σκώψω·

2032 669 2135 752 πρὸ
2160 674 2264 729 τῶν
2295 669 2593 751 μυστηρίων
2615 668 2669 729 δὲ
2689 671 2838 729 ὅτιοὶ
2868 670 3196 749 μεμυημένοι
3223 671 3342 740 τοὺς
3367 672 3593 752 μέλλον-

2033 782 2126 825 τας
2170 763 2412 836 μυεῖσθαι
2453 756 2818 834 δεδίττονται.)
2861 793 2942 804 -
2991 766 3098 825 τοῖς
3143 757 3244 839 γὰρ
3293 761 3594 843 μυστηρίοις
3622 780 3648 820 ⁵

2035 843 2385 904 ἐσκώπτοντο.
2417 844 2534 912 τοὺς
2553 843 2655 928 γὰρ
2680 844 2965 925 μέλλοντας
2986 851 3229 924 μυεῖσθαι
3248 848 3601 929 προλαὸόντες

2036 931 2369 991 δεδίττονται.
2393 943 2450 990 R.
2466 944 2528 991 V.

2120 1039 2239 1079 136⁴.
2283 1019 2567 1101 τυφεδανέε
2593 1018 2784 1098 (Ἐπεὶ)
2802 1018 3174 1102 τυφογέροντας
3198 1020 3409 1082 εἰώθασι
3430 1023 3599 1103 λέγειν

2036 1104 2154 1172 τοὺς
2173 1110 2609 1188 παραληροῦντας
2631 1107 2721 1166 καὶ
2756 1106 2927 1175 ἀξίους
2953 1107 3219 1191 τετύφθαι.
3245 1111 3518 1192 χοιροθλὶψ
3545 1113 3599 1171 δὲ

2038 1197 2068 1252 6
2091 1193 2151 1252 τὸ
2175 1200 2467 1273 γυναικεῖον
2498 1197 2692 1254 αἰδοῖον
2736 1194 3055 1256 ἀποθλίὸων.
3100 1195 3151 1275 (ἢ
3180 1196 3329 1278 παρὰ
3363 1198 3456 1267 τὰς
3480 1223 3596 1279 χοι-
3631 1221 3679 1260 10

2041 1280 2211 1361 ρίνας,
2240 1286 2311 1350 ὡς
2347 1280 2725 1364 φιλοδικαστὴν
2752 1281 2845 1350 τὰς
2871 1283 3106 1364 χοιρίνας
3132 1283 3375 1353 πιέζοντα
3409 1310 3601 1369 κωμῳ-

2040 1369 2181 1446 δῶν.)

2119 1456 2370 1516 τάναντία
2392 1459 2702 1538 λοιδορεῖται
2732 1460 2760 1515 6
2782 1455 2949 1537 γέρων
2975 1460 3052 1540 τῷ
3079 1460 3194 1539 υἱῷ.
3225 1470 3362 1518 ΒΝ.

2127 1564 2256 1606 1305.
2304 1548 2502 1627 ὡραίας
2526 1551 2678 1626 σοροῦ
2712 1564 2726 1605 2
2757 1544 2948 1626 (Παρὰ
2974 1544 3069 1617 τὴν
3104 1545 3348 1607 ὑπόνοιαν
3375 1539 3480 1608 οἷον
3516 1550 3606 1609 κό-

2044 1633 2186 1711 ρης.)
2214 1631 2305 1690 καὶ
2347 1639 2498 1692 τοῦτο
2537 1630 2593 1691 δὲ
2637 1631 3110 1713 ἀντεστραμμένως
3147 1637 3218 1701 εἰς
3262 1633 3479 1716 γέροντά
3508 1642 3605 1709 τὴν
3639 1654 3684 1692 ιε

2044 1721 2336 1801 αὐλητρίδα»
2356 1719 2694 1801 [πειρῶντω].

2126 1828 2246 1868 1337.
2295 1808 2371 1884 (ἐξ
2399 1806 2540 1875 ὄξους
2565 1807 2711 1879 δίκην
2741 1826 2755 1866 :
2783 1805 2918 1866 Ἀντὶ
2940 1811 3030 1873 τοῦ
3058 1810 3222 1866 εἰπεῖν
3241 1807 3397 1890 κρέα,
3426 1810 3462 1883 ἢ
3491 1810 3606 1872 ἔτει

2049 1893 2133 1976 ρόν
2161 1917 2241 1967 τι,
2277 1894 2427 1965 δίκην
2465 1885 2597 1954 εἶπε.
2625 1898 2791 1971 μισῶν
2826 1886 2914 1953 οῦν
2942 1893 3036 1961 τὰς
3072 1894 3220 1962 δίκας
3251 1898 3432 1957 λοιπὸν
3456 1901 3609 1968 αὐτὸς

2045 1985 2074 2040 6
2101 1980 2426 2053 Φιλοκλέων,
2454 1985 2526 2048 ὡς
2553 1984 2622 2049 εἷς
2650 1980 2821 2062 ὕὸρεις
2842 1986 3009 2039 ταῦτα
3032 1980 3173 2059 λέγει
3196 1987 3271 2064 τῷ
3291 1986 3425 2066 υἱῷ.)

2129 2089 2245 2129 1303.
2294 2068 2407 2147 (τὴν
2435 2069 2726 2148 αὐλητρίδα
2765 2089 2779 2129 :
2811 2073 2862 2130 Τ
2864 2068 2891 2127 ὸ
2924 2069 3067 2147 γένος
3093 2076 3185 2128 τοῦ
3220 2071 3423 2149 γελοίου
3462 2077 3608 2159 παρὰ
3637 2094 3690 2133 20

2049 2155 2442 2238 Ἀριστοφάνους
2466 2158 2698 2214 ἐντεῦθεν
2730 2154 3066 2236 ἀρξάμενον.)

2133 2264 2253 2303 1370.
2287 2243 2394 2302 ἀπὸ
2419 2242 2623 2320 τύμὸου
2641 2243 2817 2302 πεσών
2843 2264 2858 2303 2
2887 2244 2992 2304 Καὶ
3009 2249 3162 2316 τοῦτο
3181 2248 3250 2312 ὥς
3264 2247 3335 2314 εἰς
3355 2247 3572 2331 γέροντα
3587 2296 3606 2327 ,

2049 2331 2163 2389 ἀντὶ
2184 2337 2273 2390 τοῦ
2292 2377 2307 2404 ,
2324 2330 2429 2390 ἀπὸ
2449 2337 2536 2390 νοῦ
2560 2329 2890 2391 καταπεσών.
3019 2330 3253 2409 (Ἄλλως.
3281 2334 3396 2393 ἐπεὶ
3415 2340 3484 2405 ὡς
3503 2338 3611 2407 νέος

2051 2417 2366 2495 διαλέγεται.
2393 2417 2606 2478 εἰώθασι
2636 2417 2692 2478 δὲ
2716 2422 2764 2477 οἱ
2793 2418 2897 2477 νέοι
2930 2418 3141 2502 γέρουσι
3170 2427 3323 2481 τοῦτο
3345 2422 3555 2504 λέγειν.)

2134 2528 2249 2567 1371.
2298 2512 2349 2583 (ἡ
2387 2505 2645 2587 Δαρδανίς
2676 2526 2691 2567 2
2723 2506 2879 2567 Ἐπεὶ
2908 2505 3013 2565 ἀπὸ
3049 2510 3346 2589 Δαρδανίας
3372 2510 3610 2594 φέρονται
3639 2535 3692 2576 25

2053 2597 2107 2652 αἱ
2146 2596 2496 2676 αὐλητρίδες.)

2139 2701 2258 2743 1373.
2304 2680 2469 2762 ταύτῃ
2497 2680 2550 2741 δὲ
2574 2679 2723 2764 παρὰ
2742 2687 2834 2741 τοῦ
2862 2680 3299 2768 γέροντος-εἴληφε
3320 2685 3414 2754 τὰς
3436 2689 3612 2770 δᾷδας.

2051 2781 2175 2828 Van.

2137 2877 2258 2918 1373.
2305 2855 2617 2936 ἐστιγμένην
2661 2877 2677 2917 1
2718 2854 3073 2934 Ἔστιγμένην
3122 2855 3280 2935 (λέγει
3321 2857 3417 2932 τὴν
3459 2863 3612 2945 δᾷδα)

2055 2942 2510 3026 ἐζωγραφημένην·
2530 2942 2754 3026 ἔγραφον
2774 2941 2876 3026 γὰρ
2897 2943 2985 3004 καὶ
3009 2942 3263 3022 ἐκόσμουν
3285 2945 3379 3015 τὰς
3400 2950 3613 3028 λαμπά-
3642 2969 3696 3008 3ο

2056 3032 2165 3099 δας.
2195 3067 2264 3076 -
2292 3030 2438 3113 παρὰ
2463 3037 2555 3090 τοῦ
2583 3030 2820 3112 γέροντος
2853 3032 3036 3112 εἴληφε
3070 3029 3165 3099 τὰς
3201 3033 3384 3114 δᾷδας..
3420 3037 3614 3098 διεστι-

2056 3117 2279 3196 γμένης,
2308 3116 2682 3200 διερρηγμένης
2711 3117 2832 3198 περὶ
2858 3121 2950 3177 τοῦ
2980 3118 3277 3196 γυναικείου
3315 3122 3529 3186 αἰδοίου.
3557 3137 3614 3184 R.

2060 3204 2112 3282 (ἢ
2139 3208 2209 3273 ὡς
2237 3210 2495 3286 Θρᾷσσαν
2531 3205 2624 3263 καὶ
2660 3202 2962 3285 Δαρδανίδα
2998 3202 3094 3275 τὴν
3132 3207 3422 3290 αὐλητρίδα
3460 3213 3615 3293 φησὶν

2058 3291 2394 3369 ἐστιγμένην,
2423 3292 2509 3350 διὰ
2533 3290 2593 3351 τὸ
2612 3289 3119 3364 κεκαλλωπισμένην
3150 3284 3316 3369 εἶναι,
3332 3295 3424 3357 καὶ
3450 3300 3535 3358 διὰ
3559 3301 3626 3361 τὸ

2058 3378 2299 3459 κατέχειν
2325 3381 2525 3461 δᾷδας.)
3646 3403 3698 3447 aa

2142 3486 2261 3526 1371.
2307 3466 2383 3544 (τί
2396 3465 2450 3525 δὲ
2475 3465 2535 3524 τὸ
2561 3463 2723 3541 μέλαν
2753 3484 2768 3525 t
2796 3462 2933 3545 Περὶ
2969 3468 3387 3544 τοῦγυναικείου
3425 3472 3620 3534 αἰδοίου

2060 3556 2229 3635 ἐρωτᾷ
2257 3552 2680 3633 τετριχωμένου.)

2141 3662 2261 3702 1371».
2311 3644 2363 3717 (ἡ
2392 3640 2550 3698 πίττα
2581 3658 2596 3699 z
2628 3638 2784 3698 Ἐπεὶ
2816 3637 2907 3696 καὶ
2937 3643 2993 3698 αἱ
3022 3641 3173 3722 δᾷδες
3195 3643 3471 3723 καιόμεναι
3492 3648 3619 3707 πίτ-

2059 3752 2154 3787 ταν
2187 3730 2564 3804 ἀποτελοῦσιν.)

2144 3836 2263 3877 1377.
2308 3816 2419 3883 ὄζος
2452 3837 2466 3874 :
2504 3809 2749 3892 (Κλάδος.
2783 3810 2894 3889 ἅμα
2923 3812 3032 3891 καὶ)
3052 3812 3200 3896 παρὰ
3220 3819 3281 3876 τὸ
3308 3818 3571 3882 ὀδωδέναι.
3648 3844 3702 3885 ⁴0

2145 3922 2262 3963 1373.
2307 3903 2412 3961 ἀπὸ
2439 3909 2530 3962 τοῦ
2552 3891 2660 3982 εἶμι
2700 3904 2760 3965 τὸ
2783 3895 2850 3965 εἶ.
2881 3917 2939 3965 R.
2965 3917 3027 3964 V.

2143 4011 2263 4050 1382.
2308 3990 2666 4068 Ὀλυμπίασιν
2716 4013 2730 4053 :
2789 3996 2900 4053 Νῦν
2959 3988 3426 4073 προπαροξύνεται.
3481 3993 3621 4075 λέγει

2062 4075 2164 4156 γὰρ
2192 4077 2313 4158 περὶ
2340 4082 2428 4135 τοῦ
2459 4077 2642 4138 τόπου.
2687 4079 2807 4159 [ἐὰν
2836 4079 2957 4159 περὶ
2988 4078 3302 4160 πράγματος
3326 4070 3361 4159 ᾖ
3391 4081 3622 4153 δηλοῦσα

2060 4169 2095 4235 ἡ
2120 4164 2281 4235 λέξις,
2311 4156 2412 4222 οἷον
2439 4168 2509 4232 ὡς
2536 4168 2582 4224 εἷ
2604 4165 2748 4244 λέγοι
2774 4190 2878 4238 τις,
2903 4164 3033 4224 δέκα
3056 4166 3415 4243 Ὀλυμπιᾶσιν
3445 4167 3623 4249 ἐφεξῆς

2063 4251 2301 4323 ἐνίκησεν
2328 4255 2356 4309 6
2394 4252 2567 4324 δεῖνα,
2594 4262 3036 4335 προπερισπᾶται.
3074 4252 3273 4331 γίνεται
3306 4251 3408 4335 γὰρ
3439 4253 3497 4312 τὸ
3525 4255 3619 4332 μὲν
3648 4277 3700 4318 ⁴5

2064 4339 2169 4397 ἀπὸ
2195 4343 2284 4396 τοῦ
2317 4338 2589 4416 Ὀλυμπία
2619 4341 2948 4418 Ὀλυμπίασι
2964 4385 2979 4413 ,
3005 4339 3067 4398 τὸ
3096 4338 3151 4398 δὲ
3175 4341 3281 4398 ἀπὸ
3308 4347 3398 4399 τοῦ
3429 4341 3623 4420 Ὀλυμ·

2063 4425 2189 4492 πιὰς
2222 4424 2578 4502 Ὀλυμπιᾶσι.
2605 4427 2695 4485 καὶ
2719 4425 2799 4485 ὅτι
2831 4427 2899 4485 τὰ
2932 4429 3003 4493 εἰς
3033 4450 3048 4484 ι
3075 4424 3304 4504 λήγοντα
3334 4430 3435 4485 τῶν
3466 4429 3553 4485 ἐπι
3589 4463 3620 4473 -

2066 4511 2313 4593 ρημάτων
2353 4513 2499 4582 ζητεῖ
2530 4511 2617 4571 τὸν
2659 4518 2867 4594 πρῶτον
2904 4511 2995 4597 τοῦ
3024 4513 3274 4590 ὀνόματος
3312 4512 3484 4591 τόνον,
3514 4452 3623 4575 οἷξδν

2064 4597 2364 4677 Ὀλυμπιὰς
2389 4599 2747 4676 Ὀλυμπιᾶσι,
2770 4598 2912 4672 πλὴν
2936 4604 3040 4658 τῶν
3071 4598 3156 4658 διὰ
3179 4604 3268 4659 τοῦ
3293 4606 3425 4660 οθεν.
3449 4603 3621 4662 ἐκεῖνα

2063 4686 2166 4769 γὲιρ
2208 4685 2509 4763 ἐνήλλαξεν,
2553 4679 2656 4746 οἶον
2701 4684 2861 4756 ἵππος
2905 4688 3143 4748 ἱππόθεν.
3182 4687 3534 4765 σεσημείωται
3560 4691 3621 4750 τὸ
3648 4721 3703 4761 ω

2063 4774 2312 4854 οἴκοθεν.)
2345 4808 2422 4820 -
2453 4773 2672 4856 ἄρχεται
2702 4775 2843 4835 κατὰ
2869 4775 2938 4834 τὰ
2968 4773 3356 4858 προστάγματα
3382 4783 3476 4838 τοῦ
3509 4781 3622 4838 υἱοῦ

2063 4863 2377 4944 σοφίζεσθαι.
2407 4873 2466 4919 V.

2149 4970 2265 5009 1333.
2310 4949 2423 5010 ἐπεὶ
2467 4949 2757 5032 παρῄνεσεν
2786 4953 2930 5032 αὐτῷ
2962 4955 2989 5010 6
3017 4951 3123 5019 υἱὸς
3149 4949 3401 5033 πρότερον
3428 4953 3626 5031 διηγη-.

2067 5037 2283 5116 ματικὸς
2308 5029 2455 5097 εἶναι.
2485 5050 2539 5097 R.
2569 5048 2625 5097 V.
