3859 5725
1444 301 1821 363 scnomA
1874 303 1959 362 IN
2007 302 2315 365 RANAS.

356 457 431 501 78.
474 435 755 502 ἐπαινέσας
782 435 938 495 aaa-*ov
973 437 1000 493 ὁ
1037 431 1406 514 Ἀριστοφάνης
1439 431 1520 490 ὅτι
1558 438 1710 493 τοῦτο
1747 435 1839 494 καὶ

278 523 577 604 μόνον’ἐστὶ
612 521 793 582 λοιπὸν
821 520 1032 599 ἀγαθὸν,
1060 519 1326 600 προελθὼν
1354 519 1531 602 ἔψεξεν
1566 524 1740 585 αὐτόν.
1773 533 1838 580 V.

279 611 453 693 [ὅπως
488 610 601 690 ἔχει
637 631 653 671 :
689 609 816 671 Εἴτε
862 611 1022 667 αὐτοῦ
1051 606 1289 680 δηλονότι
1327 608 1396 666 τὰ
1422 611 1696 688 ποιήματα
1735 610 1841 669 εἴτε

276 705 374 760 τοῦ
397 699 600 779 πατρὸς
624 699 782 756 αὐτοῦ
803 690 1146 777 Σοφοκλέους.
1171 693 1387 767 τοιαύτη
1417 696 1520 779 γὰρ
1543 698 1664 780 περὶ
1684 701 1841 761 αὐτοῦ

220 797 254 841 Ι
279 784 398 853 τοὺς
422 782 645 853 πολλοὺς
673 782 796 851 δόξα
824 781 1090 863 κατεῖχε]
1123 781 1392 863 (πρότερον
1418 784 1505 858 δὲ,
1528 791 1596 865 τῇ
1629 785 1841 868 ἡλικία,

278 870 316 944 ἢ
342 872 696 953 τιμιώτερον.)

360 981 433 1024 78.
478 957 563 1035 οὒ,
614 959 738 1040 πρίν
776 957 826 1035 γ’
855 956 918 1015 ἂν
959 957 1212 1039 Ἰοφῶντα
1243 977 1258 1018 :
1298 960 1652 1041 Κωμῳδεῖται
1685 959 1786 1041 γὰρ
1817 965 1846 1020 ὁ

281 1048 469 1129 Ἰοφῶν
506 1050 534 1105 ὁ
564 1045 671 1113 υἱὸς
713 1043 1038 1125 Σοφοκλέους
1073 1049 1144 1113 ὡς
1187 1043 1256 1104 τὰ
1303 1052 1395 1105 τοῦ
1429 1047 1632 1129 πατρὸς
1677 1047 1845 1128 λέγων

281 1135 579 1213 ποιήματα.
694 1131 931 1211 (Ἄλλως.
953 1136 1011 1191 οὗ
1026 1133 1183 1210 μόνον
1203 1133 1289 1192 ἐπὶ
1305 1136 1382 1215 τῷ
1403 1139 1519 1203 ταῖς
1536 1142 1629 1194 τοῦ
1650 1135 1847 1219 πατρὸς

204 1250 258 1291 1⁰
285 1222 600 1306 τραγῳδίαις
627 1220 1004 1302 ἐπιγράφεσθαι
1029 1221 1388 1301 κωμῳδεῖται,
1413 1223 1528 1282 ἀλλ’
1550 1223 1637 1283 ἐπὶ
1655 1228 1731 1305 τῷ
1756 1225 1847 1284 καὶ

399 1310 484 1393 ρὸς
514 1309 606 1368 καὶ
642 1308 879 1386 μαλακὸς
912 1298 1085 1387 εἶναι.)
1127 1342 1205 1353 -
1238 1310 1600 1392 Νικοστράτης
1643 1311 1698 1371 δὲ
1743 1312 1849 1380 υίὸς

321 1422 373 1460 ν.
406 1396 534 1479 φασὶ
553 1395 607 1456 δὲ
629 1394 710 1454 ὅτι
728 1394 825 1453 ,καὶ
847 1393 1095 1475 Ἀρίστων
1117 1401 1207 1453 τοῦ
1232 1396 1556 1473 Σοφοκλέους
1577 1398 1721 1467 νόθος
1743 1399 1849 1466 υἱὸς

291 1482 520 1564 ἐγεγόνει
547 1483 607 1543 ἔκ
628 1505 764 1549 τινος
788 1481 1052 1557 Θεωρίδος
1078 1482 1388 1551 Σικυωνίας.
1417 1496 1480 1543 V.
1503 1484 1564 1544 τὸ
1593 1484 1649 1544 δὲ
1675 1487 1848 1545 κωδω-

289 1572 421 1632 νίσω
448 1572 564 1630 ἀντὶ
587 1576 678 1628 τοῦ
706 1567 1008 1646 δοκιμάσω,
1035 1567 1116 1627 ὅτι
1141 1568 1258 1628 τινὰ
1280 1574 1382 1629 τῶν
1407 1570 1594 1653 ὀρνέων
1624 1573 1847 1651 δοκιμά-

200 1693 255 1734 1¹,
284 1663 430 1728 ζεται
457 1662 533 1739 τῷ
557 1662 650 1716 τοῦ
690 1654 926 1723 κώδωνος
961 1654 1132 1737 ψόφῳ.
1166 1656 1276 1734 (καὶ
1310 1657 1428 1726 τοὺς
1462 1656 1654 1727 ἵππους
1689 1659 1850 1728 οὕτως

282 1746 592 1822 ἐδοκίμαζον
605 1741 841 1802 κώδωσιν
855 1744 903 1799 εἰ
1087 1743 1187 1809 εεῖς
1211 1734 1331 1817 εἷεν,
1355 1743 1586 1813 καὶτοὺς
1605 1747 1845 1829 ὄρτυγας.

283 1835 334 1890 οἱ
358 1830 461 1913 γὰρ
487 1828 830 1908 ὑπομένοντες
863 1829 954 1888 τὸν
1014 1852 1111 1909 χον
1149 1836 1242 1889 τοῦ
1276 1829 1516 1898 κώδωνος
1547 1832 1850 1904 ἐπιτηδείως

285 1917 471 1998 ἔχουσι
512 1915 643 1997 πρὸς
679 1914 881 1994 μάχην.
928 1913 1061 1983 τινὲς
1085 1913 1140 1974 δὲ
1181 1915 1288 1974 ἀπὸ
1329 1920 1434 1975 τῶν
1475 1917 1714 1996 οἰγγείων1
1744 1922 1849 1978 τῶν

286 2008 516 2084 σαθρῶν,
544 2002 661 2062 ἐπεὶ
688 2000 826 2060 οὕτω
854 2001 1194 2079 δοκιμάζουσι
1224 2003 1600 2084 διακρούοντες.
1630 2004 1763 2074 τινὲς
1794 2006 1849 2064 δὲ

203 2125 264 2166 20
288 2092 397 2152 ἀπὸ
420 2096 524 2152 τῶν
565 2093 832 2174 φυλακῶν.
866 2090 1073 2170 βέλτιον
1105 2090 1160 2150 δὲ
1191 2090 1252 2151 τὸ
1289 2093 1374 2151 ἐπὶ
1402 2097 1505 2152 τῶν
1541 2091 1720 2153 ἵππων
1758 2094 1849 2154 καὶ

287 2182 393 2239 τῶν
430 2177 679 2258 ἀγγείων·
710 2177 781 2237 τὰ
808 2175 863 2236 δὲ
899 2178 1036 2236 ἄλλα
1078 2178 1431 2258 ἐσχεδίασται.
1552 2179 1771 2249 Ἄλλως.
1812 2187 1847 2254 ἡ

289 2266 562 2348 μεταφορὰ
594 2267 700 2326 ἀπὸ
725 2270 829 2325 τῶν
855 2264 1033 2325 ἵππων
1065 2270 1170 2326 τῶν
1199 2266 1401 2327 κώδωνι
1430 2268 1850 2347 δοκιμαζομένων

287 2356 336 2413 εἷ
353 2353 571 2436 θόρυόον
591 2351 865 2432 ὑπομένειν
890 2351 1152 2414 ἅνανται.
1176 2353 1477 2436 Δημήτριος
1499 2353 1555 2414 δὲ
1572 2359 1851 2437 προσλαμ-

289 2440 441 2501 6άνει
471 2441 560 2501 καὶ
590 2441 670 2501 ὅτι
694 2439 833 2500 κατὰ
857 2440 952 2509 τὰς
973 2439 1207 2522 φυλακὰς
1228 2445 1274 2501 εἰ
1297 2442 1614 2525 ἐγρηγόρασι
1640 2443 1850 2504 κώδωσι

205 2566 265 2607 25
291 2528 646 2606 διεσήμαινον,
674 2525 815 2594 ὅπως
838 2528 901 2586 ἂν
923 2526 1288 2608 φθέγγωνται.)

371 2637 444 2678 7⁹.
486 2613 769 2674 κωδωνίσω
795 2634 810 2675 :
840 2612 1156 2692 Δοκιμάσω,
1191 2616 1252 2674 ἐκ
1292 2625 1589 2697 μεταφορᾶς
1627 2620 1730 2677 τῶν
1766 2642 1849 2678 νο-

292 2701 591 2781 μισμάτων.
623 2713 677 2759 0.
702 2700 1011 2782 διακηρύξω.
1032 2713 1095 2759 D.
1122 2700 1420 2778 δοκιμάσω,
1441 2700 1687 2771 ἐξετάσω.
1723 2716 1848 2766 Vici.

390 2809 460 2849 82.
503 2787 710 2855 εὔκολος
735 2807 752 2848 2
778 2788 1052 2855 Ἁπλοῖκὸς
1078 2788 1169 2847 καὶ
1201 2788 1501 2871 ἐλευθέριος.
1538 2796 1769 2859 τοιοῦτος
1797 2792 1850 2851 δὲ

289 2880 321 2937 δ
343 2880 635 2960 Σοφοκλῆς.
659 2906 732 2918 -
759 2875 1211 2954 μαλακογνώμων.
1242 2889 1303 2937 θ.
1340 2888 1465 2937 Ποε.

203 3000 265 3040 ³0
370 2987 443 3027 83.
487 2964 717 3043 Ἀγάθων
753 2963 809 3024 δὲ
844 2984 859 3024 2
893 2955 1064 3031 Οἷτος
1096 2963 1390 3045 τραγῳδίας
1423 2964 1642 3038 ποιητὴς
1684 2967 1851 3043 (Ἀθη-

290 3058 457 3126 ναῖος,
486 3053 594 3120 υἱὸς
628 3054 964 3130 Τισαμενοῦ).
1005 3052 1340 3132 κωμῳδεῖται
1363 3051 1419 3109 δὲ
1456 3056 1527 3120 εἷς
1564 3053 1849 3127 θηλύτητα.

293 3133 377 3220 (ἦν
393 3139 448 3200 δὲ
471 3140 564 3199 καὶ
587 3139 957 3221 κωμῳδοποιὸς
968 3144 1063 3197 τοῦ
1084 3140 1427 3218 Σωκρατικοῦ
1444 3140 1849 3219 διδασκαλείου.)

369 3247 440 3288 84.
481 3225 713 3292 ποθεινὸς
737 3226 844 3292 τοῖς
869 3225 1031 3307 φίλοις
1067 3245 1082 3284 1
1112 3224 1378 3307 Γράφεται
1407 3225 1582 3294 δεξιός.
1608 3227 1775 3308 φίλοις
1798 3228 1853 3288 δὲ

290 3314 409 3374 ἀντὶ
431 3318 523 3374 τοῦ
549 3321 657 3380 τοῖς
675 3314 870 3394 σοφοῖς.
891 3303 1039 3379 οἶτος
1063 3310 1117 3371 δὲ
1142 3311 1330 3390 ἀγαθὸς
1352 3303 1417 3384 ἦν
1441 3314 1529 3371 τὸν
1549 3313 1852 3393 τρόπονκαὶ

205 3441 264 3482 ³5
292 3400 389 3474 τὴν
429 3400 695 3482 τράπεζαν
731 3398 991 3479 λαμπρός.
1030 3399 1122 3458 καὶ
1159 3397 1318 3479 φασὶν
1362 3398 1441 3457 ὅτι
1470 3398 1530 3458 τὸ
1569 3401 1852 3469 Πλάτωνος

290 3487 585 3564 συμπόσιον
618 3489 673 3546 ἐν
702 3486 935 3545 ἑστιάσει
964 3487 1123 3545 αὐτοῦ
1151 3483 1476 3566 γέγραπται,
1502 3488 1709 3545 πολλῶν
1740 3488 1851 3567 ἅμα

291 3573 586 3657 φιλοσόφων
616 3573 742 3654 παρ’
773 3575 917 3653 αὐτῷ
944 3570 1351 3652 καταχθέντων.)

372 3681 440 3722 88.
485 3664 534 3728 ές
576 3659 829 3742 μακάρων
865 3659 1091 3740 εὐωχίαν
1131 3679 1146 3719 2
1175 3656 1254 3720 Ἢ
1290 3664 1360 3726 ὡς
1388 3660 1509 3741 περὶ
1545 3664 1851 3736 τετελευτη-

212 3775 221 3784 ·
291 3749 442 3816 κότος
470 3748 640 3827 λέγει,
668 3746 861 3807 ὡσανεὶ
897 3739 1010 3807 εἶπε
1043 3748 1138 3815 τὰς
1165 3747 1419 3830 μακάρων
1452 3748 1662 3821 νήσους·
1698 3749 1735 3821 ἢ
1774 3749 1853 3809 ὅτι

205 3872 267 3914 4⁰
294 3837 563 3920 Ἀρχελάῳ
588 3840 664 3918 τῷ
695 3838 903 3917 βασιλεῖ
929 3836 1088 3917 μέχρι
1118 3841 1212 3909 τῆς
1237 3839 1481 3909 τελευτῆς
1511 3836 1647 3916 μετὰ
1674 3838 1851 3897 ἄλλων

291 3927 502 3984 πολλῶν
539 3930 695 3997 συνῆν
733 3927 786 3984 ἐν
834 3923 1136 4006 Μακεδονίᾳ
1150 3968 1169 4001 ,
1208 3923 1299 3982 καὶ
1333 3923 1584 4006 μακάρων
1626 3927 1852 4006 εὐωχίαν

292 4012 395 4093 ἔφη
423 4011 519 4084 τὴν
558 4014 613 4071 ἐν
641 4014 748 4078 τοῖς
787 4011 1067 4092 βασιλείοις
1096 4010 1388 4092 διατριὸήν.
1426 4011 1609 4093 [τοῦτο
1646 4012 1701 4073 δὲ
1726 4017 1853 4097 παρ’

292 4099 555 4159 ὑπόνοιαν.
1437 4155 1440 4158 Α

372 4208 447 4248 oo.
490 4099 758 4260 Esloxxfic
792 4209 808 4248 ε
839 4186 965 4253 Υἱὸς
1002 4185 1294 4267 Καρκίνου,
1324 4185 1379 4254 ὃς
1419 4189 1751 4269 κωμῳδεῖται
1785 4193 1855 4256 ὡς

205 4307 266 4349 ⁴5
297 4273 508 4344 ἄξεστος
535 4278 590 4334 ἐν
626 4280 692 4355 τῇ
730 4275 939 4346 ποιήσει
978 4273 1086 4352 (καὶ
1128 4272 1510 4356 ἀλληγορικός).
1553 4276 1764 4358 ἀδελφοὶ
1801 4277 1855 4336 δὲ

294 4366 458 4423 αὐτοῦ
499 4361 864 4434 Ξενόκλειτος,
909 4361 1217 4439 Ξενότιμος,
1266 4367 1442 4429 Δᾶτις.
1494 4362 1613 4441 (εἶσὶ
1664 4362 1748 4437 δὲ,
1784 4362 1854 4431 ὥς

295 4473 452 4533 φασι,
502 4450 593 4509 δύο
640 4451 918 4517 Ξενοκλεῖς
953 4448 1212 4530 τραγῳδοὶ
1248 4449 1529 4526 γεγονότες.
1575 4449 1746 4529 τρίτος
1799 4450 1856 4510 δέ

294 4539 409 4597 ἔστι
432 4536 637 4605 τούτοις.
652 4536 952 4616 ὁμώνυμος,
969 4536 1234 4602 πολιτικὸς
1248 4580 1265 4614 ,
1290 4535 1490 4617 φαύλου
1512 4535 1606 4615 μὲν
1628 4538 1853 4621 πατρὸς,

291 4628 400 4684 τῶν
422 4623 479 4683 δὲ
510 4624 692 4703 δήμων
714 4622 1053 4705 Χολαργεύς.)

210 4743 270 4786 ω
373 4731 446 4773 87.
488 4712 828 4792 Πυθάγγελος
858 4711 915 4770 δέ
942 4731 956 4771 :
991 4708 1304 4791 Τραγῳδίας
1337 4709 1560 4783 ποιητὴς
1593 4712 1856 4792 μοχθηρὸς

292 4798 389 4858 καὶ
412 4797 631 4877 ἄσημος.
653 4802 681 4858 ὁ
699 4799 931 4865 Ξανθίας
954 4795 1009 4857 δὲ
1030 4795 1379 4876 ὑπομνησθεὶς
1399 4802 1493 4868 τῆς
1510 4800 1854 4878 Πυθαγγέλου

298 4890 476 4967 φωνῆς
506 4887 661 4967 φησὶν
702 4885 783 4945 ὅτι
814 4888 874 4945 οὗ
916 4883 1208 4967 φροντίζετέ
1249 4907 1350 4961 μου
1393 4885 1735 4965 Πυθαγγέλου
1763 4887 1855 4946 καὶ

295 4980 470 5034 ταῦτα
496 4973 867 5056 (φροντίζοντες
888 4975 1002 5056 καὶ)
1025 4971 1447 5052 μνημονεύοντες.
1471 4976 1663 5051 (καλῶς
1688 4974 1743 5035 δὲ
1765 4975 1856 5035 καὶ

267 5066 493 5148 πικρῶς
516 5062 700 5133 ἔδειξεν
728 5067 799 5131 ὡς
825 5065 1000 5131 δοῦλος
1021 5062 1081 5123 τὸ
1107 5060 1489 5143 προκείμενον.)

3362 322 3477 373 277

2007 454 2076 493 91.
2121 434 2422 516 (λαλίστερα
2448 457 2461 496 :
2495 437 2930 520 Πολυλογώτερα.
2971 442 3043 508 εἷς
3073 444 3227 499 τοῦτο
3248 439 3352 522 γὰρ
3382 443 3491 503 Εὖ-

1930 520 2136 600 ριπίδης
2172 522 2481 603 ἐκακίζετο.)
2508 526 2658 583 πλεῖν
2698 524 2733 597 ἢ
2764 526 2962 606 σταδίῳ
2997 548 3011 587 :
3042 529 3199 586 πλέον
3227 526 3261 599 ἢ
3294 528 3492 611 σταδίῳ

1929 608 2216 689 Εὐριπίδου
2244 610 2590 693 φλυαρότερα.
2620 623 2677 671 R.
2705 624 2766 671 V.
2792 618 2946 673 τοῦτο
2974 614 3027 674 δὲ
3055 620 3125 682 ὣς
3149 616 3236 674 ἐπὶ
3264 616 3490 696 δρόμου,

1929 695 2101 765 καθὼς
2127 698 2219 755 καὶ
2246 700 2299 757 ἐν
2327 702 2393 778 τῇ
2423 696 2668 779 συνηθείᾳ
2696 699 2935 778 λέγομεν.
2966 715 3028 761 V.
3067 704 3185 762 ἀντὶ
3221 709 3311 763 τοῦ
3339 705 3493 762 λάλοι

1930 783 2023 843 καὶ
2051 784 2402 863 πιθανολόγοι.
2433 798 2493 844 R.
2510 797 2561 845 V.
3521 814 3548 853 8

2010 891 2082 932 92.
2127 871 2455 952 ἐπιφυλλίδες
2479 894 2493 932 :
2528 872 2735 955 Κυρίως
2768 872 2823 934 δὲ
2852 873 3207 955 ἐπιφυλλίδες·
3236 872 3372 935 οὕτω
3397 874 3492 933 λέ-

1929 981 2079 1037 γεται
2106 960 2175 1017 τὰ
2201 958 2446 1037 βοτρύδια
2474 959 2540 1018 τὰ
2566 960 2700 1037 μετὰ
2727 961 2788 1020 τὸ
2816 965 3097 1020 πατεῖσθαι
3120 966 3222 1020 τῶν
3255 962 3492 1044 στεμφύ-

1930 1047 2036 1104 λων
2060 1045 2389 1127 ἐξερχόμενα.
2418 1054 2585 1107 ταῦτα
2615 1048 2669 1107 δὲ
2699 1051 2758 1108 οὗ
2796 1049 3057 1129 χρήσιμα.
3178 1048 3396 1118 Ἄλλως.
3426 1063 3488 1108 V.

1930 1130 2001 1191 τὰ
2029 1133 2332 1211 ἐπικείμενα
2359 1135 2464 1202 τοῖς
2491 1134 2737 1214 μεγάλοις
2773 1136 2987 1215 βότρυσι
3016 1135 3280 1216 βοτρύδια.
3320 1138 3496 1213 (Καλ-

1929 1219 2205 1301 λίστρατος
2233 1219 2315 1294 δὲ,
2344 1220 2412 1280 τὰ
2438 1221 2575 1280 αὐτὰ
2603 1226 2720 1281 καθ’
2744 1222 2907 1282 ἑαυτὰ
2931 1222 3135 1304 μικρά.)
3165 1223 3416 1297 κέκληται
3441 1224 3495 1284 δὲ
3528 1244 3578 1284 ro

1934 1306 2122 1381 οὕτως,
2160 1306 2247 1366 διὰ
2282 1308 2342 1367 τὸ
2372 1313 2478 1376 τοῖς
2514 1309 2725 1391 φύλλοις
2763 1309 3137 1371 καλύπτεσθαι.
3182 1309 3235 1389 (ἢ
3270 1311 3339 1370 τὰ
3369 1312 3499 1394 πρὸς

1934 1397 2109 1463 αὐτοῖς
2135 1396 2242 1463 τοῖς
2269 1394 2497 1478 φύλλοις.
2610 1397 2826 1465 Ἄλλως.
2864 1397 3192 1479 ἐπιφυλλίδες
3213 1398 3314 1457 εἶσὶ
3349 1399 3416 1457 τὰ
3443 1403 3496 1459 ἐν

1933 1483 2041 1549 τοῖς
2073 1481 2313 1562 βότρυσιν
2350 1484 2403 1541 ἐν
2433 1485 2575 1565 ἀρχῇ
2600 1484 2993 1565 περιττώματα.
3022 1487 3071 1544 οἱ
3100 1485 3156 1544 δέ
3187 1508 3316 1567 φασι
3342 1484 3409 1545 τὰ
3443 1492 3497 1546 ἐν

1934 1570 2182 1650 κορυφαῖς
2204 1572 2307 1627 τῶν
2339 1571 2644 1648 κλημάτων.
2673 1577 2842 1630 ταῦτα
2868 1571 2970 1653 γὰρ
2998 1571 3098 1651 οὐχ
3116 1573 3369 1632 ὑποκάτω
3393 1579 3497 1633 τῶν

1934 1655 2164 1736 φύλλων,
2191 1660 2261 1723 ὡς
2283 1659 2331 1715 οἱ
2371 1656 2607 1738 βότρυες,
2645 1657 2761 1717 ἀλλ’
2796 1658 2976 1718 ἐπάνω
3000 1658 3233 1732 φύονται.
3268 1660 3492 1722 δείκνυσι
3527 1684 3576 1724 ιε

1935 1741 1992 1802 δὲ
2015 1745 2245 1803 ἐντεῦθεν
2273 1747 2342 1812 ὥς
2369 1743 2515 1804 οὐδὲν
2545 1745 2667 1827 περὶ
2693 1745 2873 1825 λόγους
2906 1749 3006 1805 εἶσ’
3034 1758 3047 1819 )

2014 1850 2087 1891 93.
2122 1829 2404 1910 χελιδόνων
2432 1834 2652 1909 μουσεῖα
2673 1852 2688 1892 :
2711 1831 2876 1914 Παρὰ
2901 1831 2969 1893 τὰ
2997 1836 3052 1893 ἐν
3084 1834 3350 1916 Ἀλκμήνῃ
3388 1839 3497 1898 Εὗ-

1937 1917 2142 1999 ριπίδου
2964 1968 2985 1981 .

2202 2039 2345 2095 πολὺς
2366 2040 2408 2088 δ’
2433 2040 2616 2104 ἀνεῖρπε
2632 2043 2797 2099 κισσὸς
2810 2077 2826 2104 ,
2845 2044 3012 2107 εὐφυὴς
3033 2043 3199 2101 κλάδος
3212 2079 3227 2105 ,

2191 2109 2439 2173 χελιδόνων
2459 2116 2693 2173 μουσεῖον.
3527 2127 3579 2167 20

1938 2210 2052 2270 ἀντὶ
2075 2217 2166 2271 τοῦ
2198 2210 2443 2294 βάρὸαρα
2470 2212 2562 2272 καὶ
2589 2212 2835 2275 ἀσύνετα.
2864 2216 2955 2274 καὶ
2981 2214 3085 2298 γὰρ
3108 2221 3142 2289 ἡ
3165 2215 3387 2296 χελιδὼν
3411 2218 3499 2277 ἐπὶ

1934 2300 2039 2356 τῶν
2070 2298 2350 2380 βαρὸάρων
2377 2300 2468 2358 καὶ
2497 2302 2549 2358 ἐν
2575 2302 2682 2368 τοῖς
2715 2299 2830 2373 ἑξῆς
2851 2302 2976 2381 [080]
2998 2330 3021 2355 α
3043 2295 3105 2363 οὗ
3124 2303 3498 2385 περιὸρέμεται

1936 2385 2170 2462 Θρηῖκία
2195 2385 2437 2466 χελιδών.
2459 2420 2540 2432 --
2570 2415 2594 2440 »
2617 2388 2677 2447 τὸ
2695 2390 2974 2467 χελιδόνων
2998 2398 3217 2469 μουσεῖα
3240 2393 3499 2473 παροιμία

1937 2471 2024 2530 ἐπὶ
2048 2475 2154 2531 τῶν
2196 2471 2502 2552 πολυλόγων
2529 2473 2620 2533 καὶ
2647 2477 2893 2555 ἐπαχθῶν
2926 2478 3236 2554 ταττομένη.
3268 2485 3498 2538 τοιοῦτον

1936 2555 2038 2641 γὰρ
2065 2558 2125 2618 τὸ
2151 2563 2256 2618 τῶν
2293 2559 2574 2640 χελιδόνων
2613 2561 2783 2639 γένος,
2820 2562 2978 2621 πλέον
3021 2561 3108 2621 διὰ
3141 2563 3202 2622 τὸ
3236 2563 3369 2624 πολὺ
3403 2569 3497 2636 τῆς
3524 2593 3576 2634 25

1936 2647 2075 2727 ᾠδῆς
2101 2649 2257 2705 ἀνιῶν
2293 2645 2411 2714 τοὺς
2437 2649 2717 2716 ἀκούοντας
2751 2647 2786 2721 ἢ
2817 2647 2905 2707 διὰ
2939 2649 3000 2709 τὸ
3030 2648 3184 2727 μέλος
3206 2653 3494 2733 εὐφραῖνον.

1937 2732 2030 2791 καὶ
2057 2734 2111 2791 ἐν
2132 2742 2239 2801 τοῖς
2266 2732 2379 2805 ἑξῆς
2408 2760 2432 2786 α
2457 2726 2517 2792 οὗ
2542 2733 2920 2816 περιόρέμεται
2946 2735 3179 2816 Θρηϊκία
3207 2737 3448 2817 χελιδών.
3473 2767 3498 2791 υ

1937 2831 1996 2880 Θ.
2017 2842 2048 2879 ιι
2065 2842 2132 2879 m.
2153 2842 2250 2880 reo.

2016 2927 2089 2969 οι.
2133 2908 2198 2990 [ἃ
2221 2911 2421 2991 φροῦδα
2451 2929 2467 2970 2
2493 2909 2689 2991 Ἄφανῆ
2713 2912 2816 2970 ὑπὸ
2841 2914 2934 2982 τῆς
2955 2920 3143 2992 χαρᾶς.

2017 2993 2083 3067 ἣν
2120 2996 2273 3074 μόνον
2314 3017 2329 3057 :
2362 2996 2583 3077 Ἥγουν,
2621 2996 2768 3078 εἴπερ
2811 2997 2952 3067 ἅπαξ
2986 2997 3104 3066 τοὺς
3144 3004 3498 3081 περιεστῶτας
3525 3034 3578 3074 30

1938 3082 2211 3149 ἱπαινέτας
2231 3090 2405 3162 σχοῖεν
2427 3087 2531 3141 τῶν
2560 3082 2890 3164 δραμάτων]

2015 3190 2084 3230 ⁹⁶.
2128 3168 2597 3251 [προσουρήσαντα
2626 3189 2641 3230 :
2670 3169 3184 3252 Εὗθυδρομήσαντα,
3216 3173 3497 3251 εὖδοκιμή·

1939 3280 2104 3318 σαντα
2122 3259 2176 3315 ἐν
2194 3256 2487 3337 τραγῳδίας
2503 3255 2733 3338 δράματι
2751 3259 3105 3319 ἐπαινεθέντα.
3128 3297 3196 3307 -
3212 3259 3397 3341 οὗρίζω
3408 3305 3425 3334 ,
3439 3260 3499 3321 τὸ

1938 3344 2044 3404 ἀπὸ
2081 3350 2173 3403 τοῦ
2196 3344 2350 3425 οὔρου
2379 3343 2589 3421 ἀνέμου.
2635 3346 2798 3425 οὖρῶ,
2833 3344 2897 3404 τὸ
2934 3346 3153 3406 ἀπὸτοῦ
3179 3346 3331 3429 οὔρου
3350 3393 3370 3426 ,
3403 3353 3497 3408 τοῦ

1865 3479 1874 3482 -
1939 3432 2300 3515 ἐκκρινομένου
2341 3436 2515 3514 ὑγροῦ.
2552 3433 2988 3514 προσουρήσαντα
3035 3427 3142 3509 οὗν,
3191 3437 3253 3494 τὸ
3295 3433 3496 3518 βραχύν
3526 3467 3579 3507 ³⁵

1937 3541 2053 3579 τινα
2098 3518 2281 3602 χρόνον
2323 3519 2694 3601 διατρίψαντα,
2721 3519 2944 3579 καὶτῶν
2977 3523 3151 3581 αὐτῶν
3187 3522 3362 3604 λήρων
3410 3526 3497 3584 έκ-

1935 3605 2136 3686 χέαντα
2161 3611 2227 3686 τῇ
2254 3606 2541 3689 τραγῳδίᾳ.
2570 3605 2669 3686 Q]

2017 3714 2087 3755 98.
2128 3693 2338 3773 γόνιμον
2362 3695 2417 3754 δὲ
2445 3692 2666 3767 ποιητὴν
2694 3714 2709 3753 :
2740 3694 2877 3753 Ἀντὶ
2897 3700 2990 3755 τοῦ
3027 3695 3243 3777 φυσικόν
3264 3719 3382 3757 τινα
3406 3697 3499 3757 καὶ

1940 3779 2015 3859 μὴ
2049 3781 2409 3862 βεὸιασμένον.
2431 3780 2468 3852 ἢ
2485 3780 2805 3859 γεννητικόν.

2017 3891 2089 3933 ου.
2132 3866 2729 3951 παρακεκινδυνευμένον
2752 3888 2766 3929 :
2789 3867 2927 3927 Ἀντὶ
2963 3876 3052 3928 τοῦ
3086 3870 3303 3952 ὑψηλὸν,
3335 3872 3498 3953 βλάσ-
3524 3905 3579 3947 ⁴0

1940 3979 2134 4037 φημον,
2160 3954 2278 4032 (καὶ
2300 3955 2573 4034 ὀγκῶδες.)
2599 3953 2944 4035 [παράδοξον,
2979 3955 3289 4038 ἀσύνηθες]

2021 4065 2117 4106 ιοο.
2161 4042 2347 4125 αἰθέρα
2372 4042 2493 4110 Διὸς
2523 4062 2537 4103 :
2567 4042 2854 4123 Εὐριπίδου
2878 4046 2939 4102 ἐκ
2962 4043 3313 4116 Μελανίππης

2124 4176 2293 4240 ὄμνυμι
2313 4176 2354 4224 δ’
2379 4175 2475 4238 ἱρὸν
2493 4172 2651 4238 αἰθέρ’,
2671 4173 2853 4231 οῐκησιν
2876 4174 3001 4231 Διὸς.

1938 4289 2000 4351 τὸ
2039 4288 2095 4350 δὲ
2127 4288 2316 4370 χρόνου
2347 4287 2485 4348 πόδα
2517 4287 2657 4348 ἐστὶν
2688 4286 2743 4356 ἐξ
2769 4287 3107 4370 Ἀλεξάνδρας
3146 4317 3169 4344 α
3196 4288 3288 4349 καὶ
3310 4289 3498 4369 χρόνου

1941 4407 1966 4432 α
1991 4376 2274 4459 προῦὅαινε
2296 4376 2442 4442 πούς.
2470 4403 2495 4429 ¹⁹
3524 4421 3576 4460 ⁴⁵

1980 4522 1991 4533 ,
2021 4485 2115 4526 ιω.
2158 4467 2397 4544 γλῶτταν
2423 4455 2467 4521 δ’
2497 4463 2889 4545 ἐπιορκήσασαν
2918 4483 2933 4522 :
2961 4460 3123 4544 Παρὰ
3145 4462 3214 4523 τὰ
3235 4459 3288 4533 ἐξ
3313 4463 3497 4525 Ἱππο-

1938 4552 2092 4616 λύτου
2116 4551 2404 4634 Εὖριπίδου
2424 4551 2567 4631 [012]

2122 4684 2353 4747 ἡγλῶσσ’
2368 4683 2606 4746 ὀμώμοκ’,
2625 4684 2656 4740 ἡ
2678 4682 2731 4730 δὲ
2751 4682 2863 4745 φρὴν
2885 4680 3142 4745 ἀνώμοτος·

2023 4817 2116 4859 103.
2153 4795 2212 4857 σὲ
2247 4796 2304 4857 δὲ
2331 4796 2477 4856 ταῦτ’
2510 4795 2720 4875 ἀρέσκει
2756 4815 2770 4854 :
2812 4794 2947 4854 Ἀντὶ
2981 4799 3074 4853 τοῦ
3113 4792 3196 4853 σοί
3229 4794 3493 4862 Ἀττικῶς.

1946 4885 2296 4966 (σημειωτέον
2333 4883 2385 4943 δὲ
2417 4882 2572 4942 ὅτιοῑ
2608 4881 2829 4942 Ἀττικοὶ
2865 4879 3149 4962 κέχρηνται
3175 4883 3252 4964 τῷ
3277 4880 3493 4964 τοιούτῳ
3522 4912 3577 4954 ⁶0

1941 4976 2317 5054 σχηματισμῷ.
2339 4975 2408 5038 ὡς
2431 4971 2521 5030 καὶ
2542 4969 2831 5052 Εὐριπίδης
2853 4971 2906 5028 ἐν
2931 4968 3167 5051 Βάκχαις
3186 4976 3328 5044 [ωε]
3346 4995 3372 5023 ι
3395 4993 3497 5029 κα·-

1889 5085 1902 5125 ι
1939 5062 2184 5142 ταφρονεῖ
2204 5083 2270 5138 με
2297 5058 2389 5120 καὶ
2408 5057 2597 5130 Θῆὅας
2625 5055 2725 5117 ὅδε.
2758 5060 2814 5137 κ)
