3859 5725
391 232 511 287 ⁶70

391 364 449 431 4,
496 376 547 414 c.
588 355 658 423 83
693 351 847 410 illius
874 348 932 420 5,
977 371 1030 422 ι,
1064 348 1169 421 26,
1210 343 1585 427 Θρασῦθουλος
1632 350 1663 405 δ
1707 346 1914 403 Κολυτ·

388 442 505 509 τεός
525 465 540 480 ·
566 441 667 499 ubi
691 438 849 518 quod
870 457 941 496 ex
960 455 1077 495 uno
1095 435 1296 494 codice
1314 447 1481 492 notat
1500 438 1569 492 H.
1595 432 1921 510 Stephanus

392 527 696 609 Κολλητεῦς
720 547 830 606 pro
859 522 1177 598 Κολλυτεὺς,
1198 524 1370 602 plane
1388 543 1519 580 cum
1539 541 1607 579 ea
1629 519 1922 579 scribendi

393 619 581 677 forma
608 616 910 694 congruit,
940 634 1146 692 quam,
1176 625 1447 671 monente
1485 611 1744 690 Sponio,
1773 608 1925 666 anti-

394 707 497 784 qui
519 705 741 784 lapides
773 703 1103 761 ostendunt.
1123 700 1390 761 Eundem
1412 699 1586 758 habet
1608 695 1926 778 Θρασύὸου-

392 796 485 855 λον
512 791 600 851 τὸν
626 788 902 852 Kolonia
928 789 1228 849 Demosth.
1248 789 1307 846 in
1333 790 1582 846 Timocr.
1613 806 1670 865 p.
1700 792 1840 861 794,
1861 792 1925 856 Α,

394 901 566 958 quem
594 880 770 937 refert
795 877 871 944 δὶς
894 874 1104 935 δεθέντα
1127 875 1218 934 καὶ
1241 875 1486 957 κριθέντα
1508 871 1806 956 ἀμφοτέρας
1833 870 1927 939 τὰς

394 968 592 1049 κρίσεις
612 969 666 1026 ἐν
692 972 770 1047 τῷ
802 965 955 1045 δήμῳ
976 987 991 1002 ·
1017 963 1110 1022 καί
1130 987 1246 1038 τοι,
1284 965 1475 1042 inquit
1494 1008 1512 1038 ,
1541 967 1645 1022 τῶν
1692 965 1752 1020 ἐκ
1794 963 1926 1020 Πει-

397 1059 584 1138 ραιῶς,
619 1055 711 1114 καὶ
734 1054 841 1113 ἀπὸ
864 1055 1055 1124 Φυλῆς
1078 1043 1229 1121 οἶτος
1256 1043 1340 1124 ἦν.
1367 1060 1503 1126 Quo
1524 1050 1656 1129 jure
1680 1051 1926 1127 conglu-

400 1146 569 1203 tinari
614 1145 880 1222 possint,
921 1139 1146 1223 ἀδελφὸν
1179 1140 1396 1220 ἔγγιστα
1433 1139 1733 1219 συγγενείας
1756 1130 1890 1197 εἶναι
1910 1182 1928 1212 ,

399 1233 543 1289 mihi
576 1252 695 1289 non
730 1232 911 1308 liquet
940 1253 952 1285 :
985 1229 1189 1287 melius
1217 1231 1329 1287 erit
1366 1229 1501 1287 huic
1540 1230 1668 1285 loco
1701 1229 1928 1286 consul-

397 1331 549 1392 tum,
573 1319 622 1377 si
648 1319 948 1396 interjecta
1023 1317 1262 1375 articula
1289 1336 1622 1394 separemus
1649 1314 1870 1396 ἀδελφὸν
1893 1313 1928 1387 ἢ

398 1405 617 1485 ἔγγιστα
637 1405 935 1486 συγγενείας
952 1338 1086 1463 εῖναι
1107 1428 1122 1441 ·
1142 1424 1340 1463 sensus
1358 1405 1510 1462 enim
1528 1428 1542 1462 ε
1552 1411 1735 1480 potius
1747 1420 1928 1461 autem

397 1500 704 1571 suspicetur
726 1499 932 1569 aliquis
946 1497 1121 1549 alium
1155 1513 1273 1549 esse
1311 1497 1637 1567 Dionysiaewt
1682 1493 1932 1563 Thrasy·-

403 1582 520 1640 bule·
548 1585 869 1656 Col-rtoensis
886 1624 901 1651 ‚
927 1581 1290 1654 autfratoem
1306 1626 1327 1653 ,
1370 1596 1474 1638 aut
1494 1601 1698 1657 genere
1724 1587 1930 1656 ρωπί-

400 1691 550 1727 mum
576 1691 594 1725 .·
621 1671 721 1746 qui
749 1669 963 1727 scilicet
992 1669 1137 1727 facie
1162 1670 1375 1728 fuerint
1401 1683 1514 1727 tam
1535 1669 1818 1741 dissimili,
1849 1684 1932 1744 ut,

400 1757 450 1815 si
479 1757 609 1834 quis
629 1777 720 1815 res
744 1756 1073 1832 longissime
1095 1756 1419 1835 disparatas
1442 1758 1593 1815 inter
1611 1776 1672 1815 se
1692 1777 1934 1834 compo-

401 1864 541 1903 nere
588 1845 1027 1923 aggrederetur,
1060 1845 1214 1903 idem
1248 1844 1383 1922 jure
1427 1844 1778 1903 contendere
1820 1846 1935 1906 dici

403 1945 620 2010 posset,
641 1932 1008 2008 Thrasybulo
1035 1933 1278 1991 similem
1303 1953 1425 1992 esse
1444 1934 1535 1992 vel
1566 1934 1821 2007 fratrem,
1843 1936 1933 1993 vel

402 2021 800 2099 propinquum
820 2021 946 2098 ejus
971 2022 1338 2098 Dionysium.
1369 2022 1473 2080 His
1496 2043 1627 2100 quae
1654 2024 1936 2083 continuo

402 2109 822 2186 subjiciuntur,
842 2110 1013 2169 velim
1050 2110 1189 2168 mihi
1217 2111 1346 2169 dari
1380 2112 1482 2188 qui
1521 2113 1613 2170 vel
1644 2125 1899 2188 exponat
1919 2159 1937 2188 ,

403 2199 494 2255 vel
525 2199 753 2276 potius,
791 2196 1066 2275 quoniam
1104 2198 1165 2256 id
1207 2218 1281 2256 ne
1318 2198 1668 2275 sperandum
1703 2201 1936 2279 quidem

402 2296 491 2340 est
507 2326 525 2355 ,
556 2297 691 2360 apte
720 2285 973 2360 corrigat
995 2285 1089 2342 :in
1125 2297 1375 2343 mentem
1397 2285 1539 2344 mihi
1560 2300 1716 2345 vemt
1733 2331 1751 2361 ,
1779 2287 1813 2359 ἢ
1844 2288 1937 2367 ἔγ-

401 2390 558 2447 γιστα
587 2371 885 2449 συγγενείας
907 2361 1043 2430 εἶναι
1062 2393 1077 2408 ·
1109 2369 1199 2430 καὶ
1231 2375 1283 2430 ἐν
1310 2372 1590 2452 Γηρυτάδῃ
1615 2373 1935 2456 σαφέστερον

402 2448 559 2517 οἶδεν.
603 2459 677 2518 *H
726 2456 861 2517 κατὰ
904 2459 1164 2535 Δίδυμον,
1219 2461 1291 2525 ὣς
1338 2458 1388 2519 εἴ
1424 2483 1503 2527 τις
1528 2460 1672 2538 λέγοι
1720 2477 1847 2534 etc.,
1883 2476 1942 2519 et

403 2550 566 2602 istum
601 2549 823 2621 quidem
865 2550 1192 2620 Dionysium
1220 2550 1629 2624 Aristophanes
1652 2557 1708 2607 in
1718 2550 1937 2624 fabula

404 2636 685 2706 Ger-stade
704 2638 909 2691 clarius
926 2641 1073 2692 novit
1083 2655 1153 2691 ac
1173 2638 1458 2711 descripsit
1473 2658 1492 2693 :
1517 2638 1727 2696 exinde
1750 2640 1940 2716 sequi-

402 2734 501 2780 tur
540 2723 849 2800 explicatio
889 2742 1129 2800 prorsus
1175 2724 1285 2782 alia
1308 2745 1322 2780 :
1348 2731 1469 2782 Aut
1488 2729 1818 2785 enodandus
1856 2744 1944 2785 est

402 2811 491 2868 laic
527 2832 722 2869 versus
759 2813 1056 2869 secundum
1102 2814 1333 2887 Didymi
1368 2820 1697 2872 sententiam
1709 2836 1735 2885 ,-
1782 2836 1851 2872 ac
1890 2824 1942 2874 st·

401 2905 526 2974 qu1's
565 2904 720 2957 dieat
747 2912 858 2957 etc.
897 2904 1013 2958 Ista
1043 2899 1168 2978 jam
1198 2901 1368 2959 initio
1407 2902 1635 2960 fuerant
1676 2905 1936 2981 prolata3

401 2986 502 3042 sed
526 3006 679 3044 nunc
707 2998 915 3044 auctor
947 2986 1236 3063 Didymus
1265 2988 1490 3046 accedit
1525 2990 1761 3050 minime
1790 3012 1937 3049 con-

404 3073 773 3146 temnendus,
819 3093 992 3151 quem
1022 3093 1159 3133 sane
1210 3077 1718 3152 grammaticorum
1767 3078 1935 3139 labo-

315 3181 319 3185 *
402 3161 782 3219 riosissimum
800 3173 1025 3219 constat
1038 3162 1482 3220 commentarios
1497 3164 1668 3222 etiam
1689 3166 1938 3227 edidisse

401 3245 475 3304 ad
507 3247 727 3307 fabulas
747 3249 1165 3327 Aristophanis.
1192 3253 1378 3323 Quam
1399 3251 1633 3310 difficile
1660 3273 1798 3313 vero
1813 3256 1936 3314 sue-

400 3336 479 3392 rit
506 3335 693 3393 visum
720 3336 994 3408 definire,
1030 3356 1200 3413 quem
1235 3338 1659 3414 Thrasybulum
1702 3343 1933 3400 Aristo-

402 3423 651 3501 phanes,
702 3443 990 3501 quemque
1033 3425 1380 3500 Dionysium
1425 3427 1797 3505 cogitaverit,
1839 3430 1937 3488 illa

406 3512 651 3568 varietas
678 3512 1019 3588 opinionum
1056 3515 1406 3590 permolesta
1439 3516 1758 3574 luculenter
1791 3536 1937 3595 pro—

401 3597 520 3670 dit;
550 3618 679 3675 quae
707 3600 1071 3676 potissimum
1103 3613 1233 3658 orta
1264 3601 1406 3659 mihi
1438 3601 1669 3660 videtur
1714 3623 1787 3662 ex
1821 3605 1936 3663 du-

402 3690 539 3767 plici
562 3689 770 3747 fabulae
791 3691 943 3748 Pluti
968 3692 1242 3751 editione.
1265 3693 1323 3750 si
1353 3695 1413 3751 in
1445 3695 1572 3752 solo
1614 3715 1810 3754 versus
1841 3697 1937 3756 hie

400 3779 684 3835 exstiterit
710 3777 878 3836 Pluto
906 3779 1163 3838 secundo
1184 3822 1200 3851 ,
1234 3781 1357 3838 fieri
1395 3802 1511 3839 non
1555 3785 1745 3860 potuit
1792 3787 1935 3862 quin

400 3867 592 3944 quivis
615 3866 904 3942 interpres
932 3866 1191 3925 historiae
1216 3870 1426 3926 veteris
1451 3870 1601 3927 haud
1631 3872 1936 3949 imperitus

399 3966 607 4031 sponte
644 3953 1012 4014 delaberetur
1050 3953 1121 4012 ad
1161 3955 1589 4032 Thrasybulum
1620 3973 1676 4016 et
1704 3961 1935 4038 Diony-

398 4047 577 4116 sium,
623 4046 722 4122 qui
769 4058 889 4103 tum
934 4045 1167 4121 utrique
1204 4046 1263 4103 in
1299 4047 1514 4104 Graecis
1561 4047 1709 4107 fama
1739 4070 1932 4109 rerum

399 4146 686 4211 gestarum
710 4175 727 4204 ,
757 4133 858 4191 sed
895 4134 1065 4210 longe
1091 4132 1318 4190 diversa
1343 4173 1359 4202 ‚
1388 4133 1744 4195 celeberrimi
1786 4139 1934 4198 fere·-

400 4221 648 4279 bantur:
672 4235 732 4279 at
752 4221 999 4280 eundem
1028 4240 1257 4280 versum
1287 4223 1334 4280 si
1361 4223 1584 4301 primus
1603 4224 1800 4283 itidem
1826 4228 1934 4286 ha-

398 4308 595 4368 buerit
618 4312 849 4382 Plutum,
868 4310 991 4386 jam
1026 4311 1172 4369 nihil
1216 4322 1343 4369 erat
1377 4310 1717 4386 absurdius,
1758 4334 1929 4392 quam

396 4398 639 4459 istorum
657 4417 691 4455 a
710 4400 946 4457 Comico
966 4400 1172 4458 factam
1194 4419 1319 4458 esse
1338 4401 1688 4460 mentionem
1708 4416 1930 4481 putare,

398 4488 499 4563 qui
525 4498 658 4563 post
692 4487 953 4545 Dioclem
988 4488 1220 4546 demum
1242 4527 1260 4560 ‚
1293 4509 1412 4565 quo
1454 4490 1733 4550 archonte
1770 4494 1933 4569 prior

396 4575 545 4634 Pluti
574 4575 767 4634 sabula
797 4577 906 4635 suit
929 4578 1266 4651 commissa,
1295 4577 1457 4635 factis
1481 4578 1802 4654 insignibus
1830 4580 1933 4637 flo-

397 4676 683 4722 ruerunt:
715 4678 891 4743 atque
937 4665 1085 4724 adeo
1126 4683 1303 4742 opera
1352 4664 1457 4723 suit
1497 4665 1719 4739 danda,
1766 4678 1832 4724 ut
1869 4668 1929 4726 in

400 4754 836 4813 Atheniensium
862 4755 1095 4814 civitate
1116 4756 1186 4812 iis
1206 4754 1538 4813 nominibus
1557 4755 1817 4813 homines
1840 4756 1927 4813 in-

397 4842 817 4920 vestigarentur
832 4885 850 4914 ,
876 4842 1088 4921 quibus
1115 4857 1172 4902 et
1202 4856 1427 4922 tempus
1454 4858 1595 4903 actae
1619 4843 1843 4916 fabulae,
1869 4857 1929 4904 et

395 4928 805 4989 dissimilitudo
847 4930 1014 4990 faciei
1044 4934 1136 4991 vel
1166 4953 1392 4992 morum
1432 4933 1507 4996 ab
1536 4933 1927 5011 Aristophane

398 5031 598 5077 notata
643 5019 1040 5080 convenirent.
1084 5025 1221 5082 Haec
1255 5020 1432 5097 igitur
1487 5021 1558 5079 ad
1603 5041 1703 5079 eos
1751 5041 1922 5080 enar..

1513 211 1966 276 ADNOTATto
2003 209 2088 269 ΙΝ
2130 209 2397 271 SCHOL.

2009 352 2228 399 ratores
2270 358 2409 399 cura
2458 339 2771 418 pertinuit,
2809 340 2912 418 qui
2977 355 3301 403 versantes
3363 345 3435 403 in
3487 345 3597 405 isto

2011 451 2182 490 versu
2206 430 2550 490 illustrando
2575 433 2820 509 primam
2848 431 3001 490 Pluti
3041 433 3326 493 fabulam
3366 435 3437 493 in
3469 454 3596 493 ma·

2010 518 2182 577 nibus
2200 517 2414 576 habere
2443 538 2504 576 se
2528 517 2840 578 credebant
2863 540 2879 577 ε
2909 534 3066 579 recte
3090 543 3164 580 an
3185 544 3420 598 εοεαε,
3441 544 3598 582 nunc

2011 628 2130 665 non
2161 607 2431 685 disput03
2469 627 2829 684 quanquam,
2866 609 2913 666 si
2943 611 3166 685 Phylen
3204 626 3597 689 occupatam

2012 695 2343 754 consideres
2372 715 2427 752 v.
2473 715 2494 751 1
2514 697 2622 761 146
2642 739 2660 767 ,
2689 695 2848 755 litem
2872 695 3191 773 dijudicare
3223 700 3300 757 in
3331 700 3596 778 proclivi

2013 784 2087 841 sit
2113 805 2128 841 ε
2158 782 2242 840 ibi
2266 795 2457 840 tamen
2489 781 2648 859 quod
2678 802 2830 840 unus
2855 785 3325 844 scholiasta-um
3381 785 3601 844 obser-

2012 881 2145 943 vat,
2189 890 2308 928 non
2338 870 2542 928 leviter
2592 883 2678 928 est
2727 870 3325 933 animadvertendum
3366 897 3386 932 :
3420 877 3602 935 Totius

2012 949 2103 1016 οὗν
2137 956 2278 1016 ἔοικέ
2319 980 2398 1024 τις
2435 959 2497 1015 ἐκ
2528 964 2622 1016 τοῦ
2663 956 2905 1039 δευτέρου
2943 959 3186 1020 Πλούτου
3223 962 3602 1041 μετενεγκὼν

2014 1045 2196 1104 ἐνθάδε
2214 1048 2536 1125 ὀλιγωρῆσαι
2553 1049 2648 1117 τῆς
2670 1046 2881 1125 ἀλογίας
2900 1046 3113 1121 ταύτης.
3137 1054 3398 1108 litus-r.
3419 1049 3602 1109 valde

2014 1134 2236 1193 incerta
2264 1133 2437 1211 hujus
2465 1134 2581 1191 loci
2606 1135 2935 1193 emendatio
2954 1149 3064 1194 est.
3092 1136 3384 1196 Dobraeo
3411 1136 3600 1195 verba

2014 1226 2114 1285 illa
2140 1226 2361 1308 ἀδελφὸν
2390 1225 2609 1304 ἔγγιστα
2634 1226 2933 1304 συγγενείας
2965 1218 3101 1287 εἶναι
3129 1230 3436 1288 scholion
3471 1247 3602 1289 &se

2015 1314 2366 1373 videbantur
2395 1333 2594 1372 versus
2617 1314 3028 1392 praecedentis,
3056 1319 3150 1387 τῆς
3171 1316 3484 1397 πτωχείας
3509 1339 3600 1374 πε-

2017 1403 2130 1463 νίαν
2179 1398 2352 1484 φαμὲν
2398 1390 2533 1459 εἶναι
2578 1401 2838 1482 ἀδελφήν,
2882 1415 2945 1460 ut
2985 1405 3432 1481 corrigendum
3484 1407 3597 1475 sit,

2016 1482 2154 1551 εἶναι
2177 1486 2409 1570 ἀδελφήν
2435 1511 2449 1546 2
2477 1485 2746 1568 Ἔγγιστα
2771 1492 3078 1569 συγγενείας
3105 1482 3264 1550 εἶναι.
3307 1498 3598 1570 Sequen-

2021 1579 2100 1637 tia
2127 1591 2319 1636 autem
2355 1575 2446 1635 καὶ
2467 1577 2521 1635 ἐν
2554 1580 2622 1657 τῇ
2654 1576 2843 1637 Ἰλιάδι
2888 1576 3208 1660 σαφέστερον
3248 1570 3414 1639 οἶδεν
3476 1600 3596 1638 non

2018 1680 2294 1744 corrupta
2316 1666 2495 1742 magis
2519 1685 2691 1743 quam
2715 1666 2844 1725 loco
2867 1666 3059 1725 alieno
3082 1667 3244 1726 illata
3266 1669 3590 1726 videntur.

2018 1758 2091 1810 Et
2113 1754 2216 1812 illa
2243 1753 2480 1831 quidem
2509 1752 2599 1810 καὶ
2625 1755 2680 1811 ἐν
2703 1756 2772 1833 τῇ
2802 1751 2990 1812 Ἰλιάδι
3015 1753 3292 1830 leguntur
3335 1756 3505 1813 iufra
3534 1755 3591 1811 in

2020 1844 2241 1902 scholio
2273 1844 2493 1902 recenti
2530 1863 2590 1903 v.
2620 1843 2754 1919 589.
2783 1848 2966 1901 Dian.
3000 1845 3117 1918 Qui
3139 1846 3201 1902 in
3227 1845 3548 1903 Addendis
3571 1862 3590 1900 ε

2021 1960 2046 1986 α
2070 1931 2260 1991 Verba
2281 1918 2718 2010 ἀδελφὸν-οἶδεν
2742 1930 3088 1990 secludenda
3112 1952 3241 1990 esse
3267 1945 3448 1991 recte
3471 1952 3591 1990 mo-

2021 2021 2149 2079 nuit
2178 2017 2654 2077 Hemsterhusius
2673 2060 2689 2087 ,
2715 2019 2809 2075 cui
2836 2020 2995 2095 quod
3015 2020 3222 2099 objicit
3248 2021 3585 2079 Schneide-

2022 2128 2139 2176 rus,
2162 2106 2431 2185 proxima
2450 2102 2630 2162 verba
2648 2102 2683 2174 ἢ
2712 2102 2851 2162 κατὰ
2873 2105 3104 2185 Δίδυμον
3130 2110 3260 2165 usui
3283 2109 3584 2186 loquendi

2022 2206 2353 2252 constanter
2367 2193 2426 2250 in
2448 2192 2681 2250 scholiis
2700 2191 3008 2252 observato
3028 2215 3388 2274 repugnare,
3405 2215 3578 2273 quem

2023 2282 2195 2349 ἄλλως
2218 2304 2229 2316 ·
2255 2280 2516 2356 Δίδυμος,
2539 2291 2640 2337 aut
2667 2279 2897 2358 Δίδυμος
2924 2279 2982 2339 δὲ
3006 2285 3328 2361 postulare,
3357 2283 3581 2341 nullius

2023 2370 2298 2428 momenti
2324 2381 2426 2426 est.
2452 2369 2550 2426 Sic
2575 2388 2752 2446 supra
2773 2370 2956 2429 schol.
2981 2391 3039 2429 v.
3068 2374 3132 2430 31
3148 2375 3178 2430 3
3213 2392 3327 2450 pro
3351 2374 3578 2430 usitato

2021 2459 2103 2517 illi
2132 2457 2383 2535 simplici
2413 2455 2587 2522 ἄλλως
2617 2458 2678 2515 in
2705 2457 2796 2515 ed.
2828 2458 2954 2515 Ald.
2987 2456 3023 2530 ἢ
3048 2458 3139 2517 καὶ
3187 2461 3372 2527 ἄλλως
3419 2459 3572 2518 scri-

2023 2559 2186 2626 ptum
2216 2558 2320 2605 est.
2363 2544 2470 2605 Καὶ
2499 2542 2639 2603 οὕτω
2662 2547 2722 2602 iu
2752 2547 2885 2602 cod.
2925 2551 3154 2605 Veneto
3191 2549 3377 2606 schol.
3423 2547 3574 2607 Nub.

2023 2638 2157 2694 213.
2184 2662 2208 2687 ιο
2239 2673 2304 2684 .-.
2343 2641 2419 2704 48
2460 2623 2533 2691 ὧν
2579 2633 2671 2692 ed.
2701 2634 2872 2693 Basil.
2912 2625 2975 2704 ἦς
3014 2635 3145 2694 Ald.
3169 2674 3233 2686 --
3267 2639 3349 2695 50
3394 2635 3570 2699 εὔνους

2020 2723 2377 2782 Dindorfius.
2409 2720 2560 2789 ἄνους
2583 2722 2737 2780 libri.
2761 2758 2823 2771 --
2852 2743 2876 2778 1
2912 2711 3048 2781 εἶναι
3065 2723 3237 2803 λέγοις
3257 2726 3352 2782 vel
3381 2725 3570 2783 simile

2019 2810 2160 2892 quid
2200 2813 2458 2873 additum
2506 2812 2799 2871 desiderat
2842 2817 3146 2872 Kusterus.
3179 2850 3245 2864 --
3290 2815 3329 2873 5
3376 2817 3565 2874 ἑαυτοῦ

2020 2904 2202 2961 Paris.
2234 2900 2399 2973 αὐτὴν
2442 2902 2861 2961 Dorvillianus.
2897 2902 2995 2973 τὴν
3028 2901 3185 2962 πόλιν
3227 2904 3391 2962 αὐτοῦ
3421 2907 3561 2979 Reg.

2019 2992 2185 3050 Idem
2211 2995 2247 3049 6
2277 3011 2365 3067 sq.
2396 2988 2565 3070 φυλὴν
2592 2989 2718 3067 μίαν
2745 2989 3016 3065 ὑπελθὼν,
3050 2990 3142 3048 καὶ
3170 2990 3265 3050 σὺν
3294 2994 3440 3070 αὐτῇ
3463 2991 3559 3050 λά·-

2020 3082 2118 3161 θρα
2145 3087 2250 3146 τοῖς
2267 3077 2537 3160 τυράννοις
2561 3076 2793 3137 ἰπελθὼν
2812 3124 2828 3152 ,
2854 3078 3056 3146 πάντας
3084 3079 3277 3139 ἀπέκτ.

2103 3167 2236 3235 554.
2267 3167 2632 3243 Moschopul.
2667 3167 2816 3226 Ἐκλ.
2850 3167 2923 3227 Ἀ.
2956 3168 3040 3227 ’0.
3070 3180 3129 3225 et
3164 3170 3381 3228 Thom.
3413 3175 3555 3245 Mag.

2021 3256 2080 3314 in
2109 3255 2471 3337 Περιεγένετο.
2505 3261 2727 3314 Husr.

2106 3343 2241 3414 555,
2266 3365 2342 3401 ao
2371 3338 2504 3403 Ὅτι
2535 3363 2651 3401 om.
2686 3348 2774 3418 V.,
2801 3356 2986 3403 totum
3029 3345 3292 3403 scholion
3339 3366 3462 3406 om.
3491 3345 3554 3404 Θ.

2019 3465 2085 3480 -
2107 3451 2141 3487 a
2156 3452 2175 3488 ι
2204 3432 2305 3513 ἄρα
2329 3452 2445 3490 om.
2466 3437 2537 3489 V.
2557 3467 2622 3480 —
2645 3451 2719 3489 Μ
2744 3437 2931 3514 νεκροῦ
2956 3432 3068 3511 βίον
3091 3434 3263 3491 etiam
3286 3435 3494 3492 Suidas
3515 3453 3555 3489 s.

2022 3518 2352 3600 Μακαρίτας.
2368 3518 2638 3600 νεκρόδιον
2656 3520 2730 3580 Θ.
2754 3521 2882 3579 Ald.
2908 3521 3224 3597 Sequentia
3247 3542 3360 3579 om.
3383 3522 3554 3580 etiam

2021 3607 2279 3667 9.-23
2329 3611 2377 3666 οἱ
2417 3607 2680 3666 additum
2726 3628 2799 3666 ex
2846 3610 3021 3666 Paris.
3069 3623 3129 3667 et
3177 3608 3471 3686 Regem
3505 3630 3553 3665 τι

2019 3694 2214 3753 iidem.
2239 3693 2390 3754 ἴδωσι
2418 3696 2595 3754 Paris,
2619 3733 2686 3745 —
2713 3706 2787 3765 al,
2812 3695 2950 3754 οὕτω
2975 3695 3039 3767 δὴ
3068 3696 3159 3755 καὶ
3189 3701 3333 3775 neg.

2105 3783 2239 3858 559,
2268 3784 2339 3850 45
2366 3782 2481 3861 βίου
2508 3784 2774 3842 additum
2797 3803 2868 3842 ex
2896 3786 3073 3842 Paris.
3103 3798 3163 3843 et
3182 3790 3325 3861 Reg-

2104 3870 2217 3929 560
2235 3914 2252 3943 ,
2311 3871 2378 3926 51
2439 3871 2531 3928 καὶ
2575 3869 2914 3952 γαστρώδεις.
2961 3871 3063 3931 ὑπὸ
3104 3871 3206 3953 γὰρ
3249 3871 3440 3954 ἀργίας
3483 3878 3534 3931 R

2020 3991 2098 4004 —-
2122 3959 2194 4015 53
2239 3956 2356 4016 ἀντὶ
2383 3963 2477 4016 τοῦ
2519 3968 2830 4042 καταφερεῖς
2865 3979 2978 4018 om.
3018 3962 3263 4029 G.—54
3309 3959 3550 4043 ἀσωφρό-

2017 4069 2119 4113 νως
2171 4047 2408 4125 proprie
2457 4048 2708 4124 pertinet
2734 4049 2809 4106 ad
2864 4047 3269 4126 explicandum
3302 4051 3548 4128 ἀσελγῶς.

2019 4139 2244 4192 Ηειιετ.

2100 4224 2236 4295 561,
2269 4225 2302 4281 3
2336 4224 2408 4281 Οἱ
2430 4219 2534 4303 γὰρ
2564 4221 2782 4296 πένητες
2806 4233 2916 4292 τοῖς
2942 4225 3147 4303 ἐχθροῖς
3169 4225 3300 4284 εἰσιν
3331 4221 3542 4306 ὀργίλοι.

2015 4310 2198 4369 λεπτοὶ
2227 4308 2284 4368 δὲ
2303 4307 2441 4368 κατὰ
2475 4314 2540 4368 V.
2562 4311 2633 4371 Θ.
2673 4309 2834 4388 μέσον
2863 4315 2911 4370 οἱ
2949 4314 3147 4386 σφῆκες
3186 4313 3281 4387 9.,
3313 4316 3412 4392 qni
3456 4334 3544 4372 se-

2017 4400 2255 4477 quentia
2281 4419 2395 4457 om.
2413 4438 2477 4450 —
2504 4406 2536 4467 4
2562 4398 2652 4457 καὶ
2673 4420 2786 4457 om.
2808 4405 2875 4459 V.
2897 4437 2964 4452 -
2994 4403 3032 4458 6
3082 4404 3296 4483 σφῆκες.
3341 4401 3379 4473 ἢ
3429 4401 3541 4461 ἀντὶ

2015 4493 2104 4546 τοῦ
2131 4485 2317 4547 λεπτοί
2343 4509 2357 4523 ·
2392 4487 2737 4569 λελίπρυνται
2758 4488 2946 4567 (corr.
2984 4486 3329 4547 λελέπτυνται
3350 4510 3426 4548 ex
3454 4492 3542 4567 G.)

2013 4573 2114 4657 γὰρ
2141 4579 2196 4635 ἐν
2222 4574 2374 4658 μέσῳ
2401 4578 2450 4635 οἱ
2471 4580 2666 4658 σφῆκες
2693 4580 2786 4650 V.,
2822 4576 3063 4655 reliquis
3108 4578 3353 4637 omissis.
3377 4617 3442 4629 —
3475 4580 3540 4638 13

2013 4662 2082 4722 τὰ
2107 4664 2333 4742 σώματα
2358 4664 2618 4724 additum
2640 4684 2712 4722 ex
2735 4666 2810 4725 Θ.

2097 4753 2209 4813 563
2228 4773 2344 4812 om.
2361 4754 2533 4812 etiam
2556 4753 2774 4830 6.-19
2796 4741 2864 4810 αὖ
2898 4771 3012 4810 om.
3035 4755 3178 4828 Reg.
3207 4756 3366 4810 Junt.
3393 4755 3538 4812 Din-

2012 4841 2231 4902 dorfius
2262 4843 2424 4901 malit
2449 4841 2910 4901 τοῦναντίου.-οο
2935 4860 3020 4917 sq.
3040 4837 3188 4916 ἔλεγε
3214 4837 3333 4906 τοὺς
3363 4844 3535 4923 ἀνθρ.,

2013 4931 2248 5011 ἀσελγεῖς
2284 4929 2387 4990 ὑπὸ
2425 4936 2518 4989 τοῦ
2565 4931 2658 4988 πλ.
2707 4928 2855 5005 ἔλεγε
2897 4926 3157 5004 γίνεσθαι,
3184 4948 3258 4985 22
3292 4929 3364 4995 εἷς
3386 4934 3536 4989 τοῦτο

2010 5027 2149 5102 Reg.
2171 5028 2329 5083 Junt.
2353 5060 2417 5076 --
2447 5021 2521 5080 25
2551 5019 2669 5081 ἀλλ’
2695 5017 2731 5090 ἢ
2761 5017 2821 5077 τὸ
2848 5022 2990 5095 Reg-
3019 5030 3191 5078 recte.
