3859 5725
1641 251 2002 327 EQUITUM.

285 383 414 444 -καὶ
435 385 778 465 θηλυδριῶδες
813 385 902 444 καὶ
936 382 1448 463 κατεγλωττισμένον
1484 384 1572 443 καὶ
1606 386 1807 461 μανδα-

283 471 541 622 2miffii&
571 559 690 618 24-
706 569 777 622 27
808 552 890 608 sic
915 556 983 609 Β.
1011 548 1138 608 ἔνιοι
1154 548 1244 608 τὸν
1267 548 1546 629 Λάμαχον,
1573 546 1660 608 ἵνα
1685 540 1722 629 ᾖ
1749 548 1811 608 τὸ

280 644 440 702 κινεῖς
465 635 578 694 ἀντὶ
603 641 695 694 τοῦ
729 636 937 703 σαίνεις.
962 636 1169 695 ὡσεὶ-

368 743 435 781 12
448 744 470 780 1
487 746 537 798 1,
556 726 628 791 34
651 722 1259 802 ἐπήνεγκεν-συμὸολὰς
1282 723 1813 792 οω.Β.-35παίζει

283 791 448 889 πρ.“τ.
469 809 773 888 ὁμωνυμίαν
805 815 835 870 6
858 809 1192 877 Δικαιόπολις
1222 817 1290 870 Β.

370 899 540 968 1213,
567 906 637 969 47
660 905 935 955 παιωνεῖον
959 899 1173 957 rectius
1196 897 1471 957 scribitur
1490 898 1646 977 apud
1665 898 1811 957 Pho-

280 982 431 1040 tium
460 1003 519 1061 p.
549 985 681 1057 370,
713 1004 808 1041 22.
834 981 1017 1042 Dum.

369 1078 540 1139 1224,
578 1071 612 1128 8
645 1070 795 1141 δηλοῖ
830 1090 943 1128 om.
984 1075 1057 1131 R.
1079 1093 1195 1148 ——9
1222 1061 1333 1151 εἶχε
1354 1073 1457 1130 τῶν
1482 1072 1696 1143 ληνα....
1735 1075 1805 1130 Β.

276 1159 546 1215 Fortasse
562 1159 667 1215 τῶν
688 1155 937 1228 ληναίων.
961 1163 1140 1219 Dum.

367 1260 538 1321 1229,
568 1243 605 1301 8
628 1240 802 1302 ἔπινον
836 1263 953 1301 om.
974 1248 1044 1304 R.

3307 281 3422 337 8⁹⁷

1988 393 2168 461 1230,
2209 411 2297 462 ιο,
2331 413 2392 449 11
2436 413 2509 452 ex
2541 395 2845 457 scholiasta
2877 401 3105 460 Pindari
3147 405 3242 464 01.
3276 426 3334 483 9,
3368 427 3423 464 12

1898 476 2092 537 addidi
2126 466 2171 536 ὦ
2200 491 2257 537 et
2293 482 2519 539 correxi
2558 481 2834 564 Ἡράκλεις
2873 490 3187 566 vulgatum.
3232 497 3414 554 Dum.

1897 565 2122 623 Deinde
2198 565 2477 625 edebatur
2527 568 2621 627 καὶ
2670 569 2885 640 Ἰόλαος.
2915 578 3184 635 Correxit
3224 580 3415 640 Elms-

1896 649 2042 709 leius
2081 666 2138 711 et
2181 653 2301 710 haec
2346 657 2640 714 annotavit
2676 678 2690 715 ε
2742 660 2936 718 «Vide
2973 667 3078 721 Av.
3117 666 3285 738 1764,
3317 666 3420 726 ubi

1898 739 2328 798 Archilocheum
2353 739 2580 812 τήνελλα
2607 744 2901 814 καλλίνικος
2928 749 3133 807 iterum
3178 766 3419 831 usurpat

1898 837 2085 901 poeta.
2139 829 2381 885 Carmen
2419 827 2722 910 τρίστροφον
2763 846 2914 908 erat,
2960 849 3198 896 auctore
3241 840 3417 899 scho-

1896 911 2061 970 liasta
2085 913 2337 972 Pindari.
2376 916 2609 975 Initium
2633 918 2807 977 fuisse
2834 921 3059 981 videtur
3085 946 3099 981 :

2129 1049 2209 1119 Ὦ
2238 1060 2503 1121 καλλίνικε
2529 1066 2671 1146 χαῖρ’
2697 1065 2824 1135 ἄναξ
2851 1068 3136 1149 Ἡράκλεες
3145 1117 3163 1147 ,

2133 1145 2284 1213 αὐτός
2311 1171 2369 1207 τε
2399 1147 2633 1225 κίόλαος,
2669 1153 2910 1232 αἰχμητὰ
2930 1154 3021 1217 δύο
3037 1179 3054 1196 ·

2246 1233 2473 1307 τήνελλα
2498 1237 2809 1306 καλλίνικος.
2831 1268 2856 1296 n

1583 1465 2112 1579 EQUITES.

356 1642 709 1714 Argumenta
737 1653 851 1693 om.
882 1638 954 1692 R.

1893 1631 2015 1692 τάλ.
2041 1669 2107 1683 —-
2136 1638 2515 1713 9ὀτελᾸῙ...
2539 1659 2717 1714 11-17
2746 1660 2859 1703 0111.
2878 1647 2947 1703 V.
2987 1645 3222 1707 9.-12
3254 1649 3414 1712 πάλιν

357 1730 509 1783 Ano.
541 1728 585 1781 1.
638 1724 675 1779 6
707 1719 761 1788 ὅς
793 1718 1121 1802 ἐπιτροπεύει
1149 1724 1239 1780 τοῦ
1265 1726 1336 1780 V.
1376 1733 1435 1780 et
1468 1726 1607 1801 Reg.
1650 1741 1803 1795 2712
1896 1723 1949 1780 ἐν
1971 1720 2171 1781 ἐκθέσει
2196 1725 2324 1782 Ald.

272 1809 422 1889 (sive
448 1808 794 1868 membrana
819 1809 1138 1886 Brunckiifl,
1160 1829 1331 1887 quem
1356 1812 1716 1869 contulimus.
1741 1841 1807 1856 —

276 1919 310 1970 7
344 1897 489 1956 αὗτοὶ
518 1896 576 1956 δὲ
603 1899 651 1956 οἱ
674 1901 744 1955 V.
761 1939 822 1954 -
852 1917 891 1972 9
918 1896 1205 1977 διανεχθεὶς
1236 1901 1379 1974 Reg.
1403 1932 1466 1944 —
1491 1916 1562 1956 10
1598 1893 1804 1973 ἀλογώ-

272 2005 419 2064 τερος
448 1986 519 2040 V.
551 1979 684 2062 σφὰς
718 1985 859 2068 ng.
905 2017 970 2031 -
1005 2002 1068 2038 11
1111 1982 1573 2060 συνομωμοκότας.
1625 1987 1803 2042 Deest

272 2070 521 2128 verbum
560 2066 856 2126 διαὸάλλων
898 2067 988 2127 vel
1029 2069 1214 2128 simile
1249 2070 1407 2146 quid.
1449 2075 1710 2128 Kos-rna.
1736 2109 1801 2120 -

273 2159 336 2214 ἐκ
373 2159 470 2226 τῆς
505 2161 579 2213 V.
618 2158 758 2232 Reg.
794 2190 858 2201 —
889 2151 1026 2214 ἵεται
1065 2158 1207 2232 Reg.
1242 2156 1431 2232 Vulgo
1457 2153 1693 2214 ἵεται.-
1729 2175 1798 2213 12

274 2241 559 2307 διώσαντος
586 2242 731 2318 Reg.
761 2275 823 2287 —
848 2245 915 2302 13
943 2243 1047 2299 τῶν
1077 2261 1192 2300 om.
1226 2246 1369 2319 Reg.
1402 2240 1798 2302 κινδυνευόντων

271 2329 402 2389 Ald.
432 2374 491 2384 -
518 2349 537 2386 ι
553 2329 586 2385 5
606 2325 782 2386 ἵππων
807 2349 921 2387 om.
942 2330 1007 2387 V.
1027 2329 1150 2387 Ald.
1169 2361 1233 2374 -
1252 2327 1371 2396 τοὺς
1392 2326 1614 2401 ποιητὰς
1634 2334 1798 2407 Reg.,

273 2418 377 2493 qui
402 2429 460 2474 et
479 2414 559 2473 ὅτι
587 2418 738 2493 pro6
765 2414 981 2475 stand.
1006 2412 1041 2473 8
1056 2418 1292 2474 τε.-16
1314 2413 1798 2497 παραγεγενημένος

140 2540 147 2544 -
271 2507 346 2561 V.
380 2508 519 2579 Reg.
547 2502 666 2560 Ald.
691 2539 753 2552 -
772 2508 914 2579 Reg.
942 2507 1034 2561 τοῦ
1059 2504 1164 2563 Κλ.
1195 2500 1340 2579 μάλα
1375 2502 1606 2580 γελοίως.
1636 2538 1700 2551 -
1727 2524 1798 2580 19

273 2587 710 2672 διαφθειρομένων
737 2594 810 2648 V.
840 2588 1254 2671 διαφθειρόμενος
1282 2588 1541 2669 ἀκροατὴς
1574 2595 1715 2669 Reg.
1735 2625 1800 2638 —

273 2698 346 2735 21
390 2685 497 2743 τοῖς
531 2673 761 2754 νοήμασι
788 2682 928 2754 Reg.
954 2711 1017 2723 —
1042 2696 1114 2734 22
1174 2682 1618 2759 κατακρατοῦντος
1652 2683 1794 2755 Reg.

270 2800 336 2813 —
366 2767 439 2822 23
474 2765 553 2822 sio
587 2769 728 2840 Reg.
756 2767 785 2821 6
813 2766 1001 2829 Δ.τοῖς
1037 2765 1091 2822 λ.
1133 2763 1250 2822 ΑΙᾶ.
1277 2798 1339 2813 ·-
1365 2767 1438 2823 26
1476 2767 1552 2823 ἐκ.
1591 2763 1796 2838 σίτησιν

270 2851 557 2923 Aut-27
586 2849 817 2930 ἑλεχθεὶς
833 2856 903 2910 V.
929 2850 1150 2909 Deinde
1169 2853 1239 2918 ὡς
1256 2854 1549 2933 περιφανῶς
1572 2856 1797 2911 Brunc-

268 2940 424 2997 kius.
463 2937 642 3019 ὥσπερ
678 2936 963 3019 περιφανὴς
1003 2944 1145 3015 Reg.
1195 2938 1325 2997 Ald.
1352 2974 1417 2988 -
1452 2943 1525 2999 28
1554 2938 1682 2998 εἴκει
1708 2945 1796 2998 θα-

266 3025 408 3107 τέρῳ
449 3029 534 3084 Re
574 3069 589 3085 .
631 3022 939 3083 ἕκὸάλλεται
968 3024 1098 3084 ΑΜ.
1125 3058 1189 3069 -
1217 3044 1292 3101 29
1324 3021 1379 3083 δὲ
1418 3046 1533 3084 om.
1567 3033 1706 3105 Reg.
1734 3062 1798 3075 -

273 3107 309 3163 3
324 3125 344 3161 1
380 3125 528 3181 γεγον
563 3125 646 3169 τος
676 3100 988 3183 προάγοντος
1012 3106 1155 3179 Βες.
1188 3140 1250 3152 -
1283 3103 1466 3163 Κλέων
1490 3110 1792 3164 Kusterus.

269 3196 345 3250 V.
386 3196 526 3268 Reg.
565 3191 687 3249 Ald.
729 3188 985 3256 Κλέωνος.
1012 3193 1152 3267 Reg.
1175 3190 1556 3269 παρακείμενος
1580 3191 1675 3265 τὴν
1704 3197 1795 3250 τοῦ

270 3277 406 3356 Ἀγ.,
434 3285 505 3338 V.
542 3276 640 3349 τήν
682 3300 758 3335 τε.
790 3321 852 3336 .-
885 3279 958 3334 32
994 3275 1211 3359 θατέραν
1250 3277 1441 3349 σκευὴν
1481 3284 1625 3357 Reg.
1667 3280 1793 3338 Ald.

270 3369 784 3447 παραδειγματισμῷ
819 3372 1120 3425 KusteruS.
1156 3365 1336 3425 Codd.
1361 3386 1559 3427 omnes
1578 3369 1795 3461 peniti-

268 3474 409 3512 vum
432 3452 710 3531 praebent.
725 3489 788 3501 —
804 3454 876 3511 35
889 3495 906 3524 ,
932 3455 1006 3512 36
1030 3451 1201 3511 καὶ-
1219 3453 1562 3533 παραδίδοται
1585 3474 1700 3514 om.
1721 3461 1791 3514 R.

352 3536 501 3590 Aac.
518 3537 595 3590 11.
624 3551 646 3587 1
674 3529 854 3592 Πύλου
870 3534 939 3586 V.
956 3573 1019 3585 ...
1035 3531 1067 3587 5
1088 3532 1193 3590 Κλ.
1214 3533 1306 3600 τῆς
1323 3535 1388 3587 V.
1407 3576 1471 3589 ..
1489 3534 1524 3589 6
1540 3533 1796 3603 ἐναντίους

266 3618 399 3680 ΔΙά.
420 3652 484 3664 -
498 3614 809 3698 12,κρύπτει
834 3623 976 3694 Reg.
996 3617 1217 3675 Deinde
1232 3622 1299 3675 V.
1327 3619 1585 3700 προφανὲς
1611 3620 1763 3690 αὐτὸς
1776 3668 1793 3697 ,

265 3705 395 3767 ΑΜ.
409 3708 685 3786 προφανῶς
703 3702 938 3764 αὐτὰ-1
950 3706 984 3763 8
994 3700 1063 3763 τὰ
1075 3723 1188 3765 om.
1199 3693 1437 3764 Affl.—-2
1449 3727 1472 3763 1
1491 3710 1797 3790 θεράποντες

268 3789 624 3871 οῖστρατηγοί
636 3811 750 3850 om.
768 3790 899 3850 Ald.
919 3810 1024 3849 neo
1042 3792 1213 3850 habet
1232 3795 1341 3852 hoc
1363 3795 1493 3853 loco
1503 3802 1572 3855 V.
1591 3799 1796 3858 Addita

264 3896 343 3938 ex
367 3885 458 3952 V.‚
487 3880 588 3956 qui
613 3879 764 3937 infra
804 3890 936 3956 post
968 3880 1006 3937 Ι.
1041 3880 1113 3937 33
1149 3883 1362 3958 repetit
1389 3883 1564 3942 verba
1593 3885 1733 3945 οἰκία
1757 3892 1792 3959 ἡ

267 3965 446 4039 πόλις,
483 3964 734 4036 δεσπότης
772 3967 802 4022 6
844 3966 1034 4042 δῆμος,
1076 3965 1381 4046 θεράποντες
1405 3971 1453 4027 οἱ
1491 3972 1790 4053 στρατηγοί.

268 4089 334 4103 ...
358 4054 456 4122 23,
475 4061 551 4120 24
566 4051 862 4128 ἐζημίωσαν
884 4050 1042 4111 πέντε
1068 4053 1357 4129 ταλάντοις,
1370 4057 1505 4115 vide
1524 4060 1790 4121 Dindorf.

268 4141 344 4198 ad
376 4140 622 4199 Acharn.
667 4158 723 4197 v.
771 4139 824 4197 6.
850 4175 913 4186 —
936 4139 1170 4199 τάλαντα
1190 4146 1261 4200 V.
1281 4175 1344 4190 -—
1369 4163 1440 4216 27
1464 4144 1521 4205 δὲ
1543 4145 1622 4205 ὅτι
1641 4154 1708 4209 V.
1732 4187 1796 4202 .-

274 4227 346 4284 32
371 4227 475 4303 Κρ.
503 4224 746 4304 σαγύροις
766 4231 836 4283 V.
859 4259 925 4273 —-
943 4229 1014 4286 33
1045 4228 1125 4286 sic
1150 4230 1222 4289 V.
1260 4230 1523 4312 ὀλοφύροις
1558 4236 1687 4296 Ald.

350 4318 497 4369 Ano.
524 4316 628 4371 111.
667 4313 741 4371 35
781 4311 983 4391 Ἀνάγει
1020 4316 1206 4375 codex
1245 4321 1592 4381 Matritensis
1636 4327 1791 4405 apud

269 4398 458 4456 Iriart.
489 4419 547 4477 p.
584 4420 712 4476 179.
748 4442 808 4455 -.
843 4401 917 4457 36
954 4399 1075 4459 κᾶτι
1116 4407 1451 4466 Brunckius.
1491 4409 1581 4469 καὶ
1614 4408 1692 4470 ἔτι
1716 4419 1788 4473 V.

267 4483 402 4543 Md.
422 4518 487 4532 —
505 4487 578 4543 38
611 4488 706 4544 κάν
734 4491 1033 4547 Kusterus.
1062 4490 1116 4546 ἓν
1139 4495 1208 4548 V.
1245 4493 1375 4551 Ald.
1412 4498 1792 4582 παραλογισμῷ

266 4576 341 4630 V.
392 4570 683 4653 διαφέροντ’
724 4579 1023 4634 Kusterus.
1064 4576 1388 4658 διαφοροῦντ’
1430 4583 1560 4645 Ald.
1602 4586 1788 4668 διαφο-

268 4662 460 4732 ροῦντα
487 4663 550 4717 V.
573 4703 638 4717 -
653 4662 727 4736 39
744 4682 802 4719 τε
830 4660 1048 4720 addidit
1074 4666 1405 4725 Brunckius.

858 4885 1196 4949 SCHOLIA.

228 5028 233 5031 -
346 4997 383 5053 6
400 5039 418 5069 ,
448 5016 479 5069 7
506 5001 572 5055 V.
599 4998 670 5059 Θ.
700 4999 843 5058 nihil
867 5002 976 5061 nisi
1004 5003 1156 5079 haec,
1183 5005 1354 5088 στίχοι
1383 5009 1622 5088 ίαμὸικοὶ
1650 5015 1788 5074 ἀκα-

1981 1829 2033 1883 1,
2060 1828 2153 1870 21.
2174 1808 2242 1867 τὰ
2263 1815 2480 1870 τοιαῦτα
2504 1820 2691 1875 om.V.
2707 1815 3175 1898 ἀλλὰ...σχήμασιν
3195 1843 3309 1884 om.
3327 1831 3413 1888 M.

1974 1914 2029 1967 2,
2051 1896 2138 1953 25
2159 1939 2175 1967 ,
2210 1898 2284 1954 26
2312 1899 2388 1959 Π.
2422 1898 2511 1957 τὸν
2547 1904 2614 1980 τῇ
2655 1903 2910 1985 ἐκκλησία
2944 1907 3284 1988 παφλάζοντα
3323 1910 3412 1972 τὸν

1889 1980 2346 2141 ΜΞἭᾙ·
2373 2027 2438 2129 312·
2461 1984 2851 2144 33²5&
2883 2006 3054 2148 ἓξὲξ
3070 1996 3414 2145 {QZ}

1890 2160 1946 2219 δὲ
1973 2160 2191 2220 Κλέωνα
2218 2177 2351 2241 post
2387 2169 2674 2242 γεννηθεῖσι
2719 2171 2884 2246 ponit
2912 2178 2981 2231 Β.
3010 2208 3073 2223 ·—
3102 2177 3176 2234 36
3215 2178 3414 2260 πέφυκε

1888 2244 1985 2324 μὲν
2009 2253 2076 2308 V.
2106 2251 2305 2326 μᾶλλον
2329 2271 2445 2312 om.
2466 2258 2537 2311 R.
2570 2291 2632 2306 --
2653 2257 2722 2328 37
2752 2268 3112 2340 συντραφεῖσιν
3138 2265 3343 2324 Suidas
3364 2288 3413 2327 s.

1888 2333 2185 2407 Νεώνητον.
2223 2339 2451 2397 Deinde
2490 2333 2564 2405 οἷς
2603 2339 2723 2419 (οὓς
2751 2347 2863 2422 Μ.)
2897 2343 2959 2405 ἂν
3003 2351 3413 2431 ἐπικτησώμεθα

1886 2421 2061 2494 idem',
2084 2424 2153 2482 Θ.
2183 2438 2239 2482 et
2261 2430 2345 2483 M.
2369 2463 2432 2476 -
2461 2427 2533 2484 38
2561 2425 2754 2508 οὖχὸτι
2775 2435 2844 2489 V.
2866 2435 2936 2493 Θ.

1970 2510 2023 2581 3,
2056 2518 2128 2578 42
2159 2510 2291 2570 sort.
2315 2511 2554 2590 λέγομεν.
2583 2520 2763 2575 Dum.

1969 2606 2024 2667 4,
2056 2608 2127 2670 47
2155 2597 2216 2657 τὸ
2239 2601 2563 2672 ἕπιπηδῆσαι
2588 2604 2658 2662 Θ.
2697 2661 2704 2668 ,

1969 2685 2024 2751 5,
2061 2706 2085 2742 1
2127 2685 2330 2762 πληγὰς
2367 2687 2508 2747 κακὰ
2545 2688 2852 2772 πράγματα.
2877 2696 2944 2751 V.
2969 2731 3032 2743 —-
3059 2698 3091 2754 3
3117 2698 3208 2756 καὶ
3237 2721 3409 2781 προσ-

1883 2778 2108 2829 ποιεῖται
2135 2772 2293 2831 addit
2316 2775 2385 2833 Θ.
2416 2783 2764 2858 περιποιεῖται
2792 2793 2879 2838 est
2909 2783 3068 2862 apud
3092 2787 3331 2848 Suidam
3361 2810 3409 2849 s.

1884 2855 2287 2939 Προστρίὸεται.

1966 2967 2020 3019 7,
2045 2947 2080 3003 8
2105 2944 2194 3004 καὶ
2215 2969 2306 3027 πρ.
2334 2949 2410 3028 τῷ
2435 2947 2587 3028 δήμῳ
2611 2968 2723 3009 om.
2754 2956 2825 3011 R.

1964 3052 2030 3107 9,
2077 3052 2144 3089 12
2196 3033 2423 3091 αὐλῶσιν
2464 3054 2800 3112 anonymus.
2837 3039 3144 3117 Vulgatum
3184 3044 3406 3125 λέγωσιν

1882 3116 2054 3175 habet
2070 3118 2267 3177 Suidas
2286 3138 2330 3177 s,
2353 3120 2801 3181 Ξυναυλίαν.-Β.
2822 3124 2994 3184 habet
3013 3131 3041 3185 6
3061 3127 3117 3187 δὲ
3135 3128 3409 3209 Ὄλυμπος

1885 3202 2114 3275 αὐλητὴς
2133 3204 2338 3282 γέγονεν
2367 3206 2457 3264 καὶ
2481 3206 2630 3273 αὐτὸς
2656 3209 2988 3289 δυστυχήσας
3012 3212 3101 3274 διὰ
3124 3220 3400 3294 μουσικήν.

1880 3328 1945 3341 -
1974 3293 2042 3349 18
2076 3295 2345 3352 συναυλεῖν
2371 3294 2603 3367 Suidas3
2637 3298 2908 3373 συναλγεῖν
2944 3303 3076 3363 Ald.
3114 3308 3181 3362 In
3217 3311 3293 3365 M.
3331 3311 3406 3386 gl.

1883 3389 1970 3436 est
2006 3377 2282 3455 ὁμαυλίαν.

1970 3479 2060 3544 ix,
2093 3493 2188 3545 27,
2214 3474 2288 3530 28
2339 3474 2400 3532 in
2442 3479 2511 3533 Β.
2559 3477 2675 3535 sic:
2706 3477 2891 3546 ἄλλως.
2918 3481 2972 3540 τί
2992 3485 3279 3566 θρηνοῦμεν
3315 3489 3406 3549 καὶ

1882 3558 2174 3640 ὀδυρόμεθα
2200 3559 2373 3638 μάτην
2396 3560 2487 3621 καὶ
2510 3563 2782 3646 ἀνωφελές.
2818 3568 3092 3631 Scholion
3118 3593 3232 3635 om.
3261 3581 3325 3636 V.
3348 3615 3409 3629 -

1885 3650 1955 3705 31
1994 3645 2378 3725 βουλευσόμεθα
2415 3649 2540 3709 ΑΙά.
2579 3692 2643 3704 --
2678 3655 2749 3712 32
2779 3654 2894 3715 ἐπεὶ
2936 3658 3090 3727 αὐτὸς
3131 3661 3313 3739 μέλλει
3334 3671 3404 3724 V.

1971 3735 2070 3804 13,
2099 3734 2173 3791 38
2204 3732 2266 3792 τὸ
2295 3736 2459 3793 εἰπεῖν
2496 3737 2566 3795 Θ.
2595 3775 2656 3788 -
2685 3748 2754 3808 41
2788 3740 2984 3802 εἰπόντι
3010 3768 3092 3804 σοι
3129 3753 3195 3806 G.
3235 3787 3296 3800 -
3330 3761 3402 3823 44

1884 3818 2126 3900 μάχομαι
2146 3827 2216 3880 Β.
3114 3892 3120 3899 .

1969 3936 2058 3987 17,
2101 3915 2167 3972 51
2204 3917 2486 3998 θαρσαλέον
2518 3920 2646 3979 ΔΜ.
2692 3958 2757 3972 -
2793 3923 2868 3982 52
2910 3924 3021 4007 ἔχω
3065 3948 3403 4009 anonymus.

1882 4000 2205 4079 Legebantur
2222 4000 2380 4082 ἔχων.
2398 4026 2493 4064 -1
2521 4009 2725 4086 πρῶτος
2742 4009 2916 4069 idem.
2935 4015 3260 4092 Legebatur
3276 4020 3406 4100 πρὸς

1880 4088 2046 4147 τὸ.-
2075 4081 2443 4155 2πῶςοῧνᾶν
2470 4098 2542 4151 V.
2571 4098 2702 4154 —3
2729 4095 2945 4157 rbadd.
2972 4103 3043 4161 Θ.

1965 4176 2035 4233 18
2061 4180 2132 4234 Β.
2163 4175 2336 4235 habet
2366 4182 2671 4262 πανουργῶς
2702 4187 2773 4251 ὡς
2798 4187 2828 4243 6
2855 4187 3161 4269 Εὐριπίδης.

1967 4283 2059 4339 19,
2096 4272 2162 4331 14
2189 4262 2264 4342 μὴ
2290 4267 2511 4347 εὖριπιδ.
2541 4272 2610 4327 Β.
2634 4308 2697 4320 —-
2726 4292 2790 4343 17
2821 4271 2878 4332 δὲ
2900 4294 3014 4333 om.
3041 4281 3115 4337 R.

1964 4420 2059 4473 21,
2095 4421 2167 4460 22
2196 4414 2533 4484 προσποιεῖ-το
2565 4407 2897 4470 ὑποτίθεσθαι
2939 4369 3009 4472 a:
3037 4413 3205 4494 λέγειν
3242 4419 3401 4478 αὖτο-

1882 4487 2183 4567 μολήσομεν
2207 4497 2277 4550 Β.
2300 4528 2364 4543 -
2386 4494 2460 4552 25
2479 4492 2623 4573 λέγει
2645 4498 2716 4556 Θ.
2741 4495 2798 4556 δὲ
2820 4518 2936 4558 om.
2958 4506 3022 4560 R.

1961 4602 2064 4659 22,
2094 4606 2168 4665 29
2197 4593 2289 4647 τοῦ
2319 4586 2564 4668 μόλωμεν
2589 4589 2651 4651 τὸ
2677 4592 2834 4668 αὐτό,
2863 4586 2977 4655 εἶτα
3006 4596 3166 4659 πάλιν
3193 4606 3284 4660 τοῦ
3316 4600 3398 4680 (τὸ

1879 4672 1975 4750 Θ.)
2010 4673 2152 4733 αὐτό.
2188 4673 2431 4753 βούλεται
2462 4683 2535 4738 V.
2561 4679 2631 4740 Θ.
2657 4718 2723 4732 -
2754 4684 2825 4750 34
2855 4685 2885 4740 6
2924 4681 3019 4760 μὲν
3061 4685 3399 4757 Ἀπολλώνιος

1882 4761 2157 4842 βαρύνεται
2201 4767 2374 4843 (corr.
2418 4767 2682 4850 βαρύνει),
2723 4772 2752 4829 6
2787 4769 2844 4829 δὲ
2869 4769 3189 4852 Ἡρωδιανὸς
3232 4778 3398 4847 ὀξύνει

1878 4852 1945 4907 V.
1983 4849 2162 4927 (Quae
2202 4852 2380 4911 verba
2416 4872 2532 4912 om.
2566 4857 2670 4934 G.)
2717 4858 2866 4917 Huic
2905 4861 3201 4940 scripturae
3241 4865 3395 4925 favet

1878 4937 2037 5012 quod
2066 4939 2408 5015 Apollonius
2433 4946 2523 5000 De
2552 4946 2776 5020 syntaxi
2813 4967 2872 5026 p.
2904 4950 3046 5024 264,
3079 4952 3142 5025 3,
3185 4967 3396 5030 oxyto-

1876 5039 2017 5083 num
2062 5023 2185 5105 φαθί
2213 5026 2534 5106 improbat,
2572 5032 2934 5096 Herodianus
2976 5051 3195 5118 autem,
3223 5054 3290 5101 ut
3320 5061 3393 5102 ex
