3859 5725
417 183 532 235 ⁶⁰2

1535 172 1984 236 ADNOTATIO
2024 172 2108 233 IN
2147 173 2414 236 SCHOL.

413 321 548 361 nem
580 303 877 380 impurum
910 302 1102 380 dignis
1142 302 1326 361 modis
1361 303 1686 363 lacerat-int.
1721 308 1940 362 thsr.
2034 291 2080 361 ι’ἷι
2099 303 2202 382 Θ.)
2227 302 2409 363 πόντιε
2423 301 2696 363 Πόσειδον.
2716 306 2822 365 θεοὶ
2851 306 2907 366 δὲ
2925 308 3277 390 πρεσὸυτικοὶ
3305 311 3364 367 οἱ
3383 311 3594 375 tot-:0-

417 425 492 436 —
510 411 578 449 21
613 393 916 472 ἀρτοπῶται
938 396 1004 451 V.
1039 389 1457 472 ἐπιξηραίνεσθαι
1487 395 1558 455 Θ.
1583 392 1946 473 ἐπιξηραίνου-

416 508 500 545 σιν
524 486 656 545 Ald.
690 484 823 553 τινὲς
840 484 897 545 δὲ
925 488 996 548 Θ.
1023 523 1089 537 -
1117 506 1190 544 22
1209 485 1271 545 τὸ
1292 500 1427 546 ante
1448 491 1615 566 πῶμα
1629 490 1797 568 ponit
1818 489 1947 548 Sui-

418 575 538 633 das.
567 610 633 624 —
661 577 734 631 23
771 574 1075 645 ἐλκυσθείης
1107 571 1190 648 ἂν,
1217 574 1308 635 ἐὰν
1342 576 1604 633 Diodors.
1629 611 1693 625 -
1726 597 1795 647 27
1833 574 1946 653 ἔχει

418 659 514 738 μίν
536 682 618 719 τοι
645 660 777 720 ΛΙά.
809 659 1031 739 ἔχειμέν
1057 684 1111 719 τι
1138 664 1208 721 Θ.
1237 698 1300 711 --
1336 665 1409 721 28
1433 684 1560 743 φασι
1584 668 1653 721 V.
1682 664 1753 722 Θ.
1776 699 1842 713 -
1871 665 1946 720 30

408 752 651 822 ζητεῖται
678 753 748 806 V.
778 753 842 806 Iu
864 754 934 807 R.
969 747 1116 816 σανὶς
1148 753 1183 821 ἡ
1215 748 1718 830 λεγομένη-τούτῳ.
1757 751 1869 809 ἔστι
1892 749 1947 810 δὲ

415 840 451 909 ἡ
485 835 903 916 ἀτρύπητος-τὸ
924 835 1194 917 τρύπημα.
1224 874 1287 888 -
1321 840 1395 896 32
1425 838 1584 908 τηλία
1606 844 1698 912 V.,
1735 858 1808 895 ex
1826 857 1946 915 quo

418 924 658 981 accessit
692 924 788 981 οὔκ
813 921 876 982 ἂν
907 922 1144 990 διέλθοις.
1175 926 1228 981 ἐν
1255 925 1415 1005 τηλία
1446 925 1509 984 τὸ
1537 924 1788 1006 τρύπημα
1813 926 1948 983 Ald.

418 1044 481 1059 —
505 1010 575 1077 34
606 1008 835 1091 σήμερον
861 1010 1117 1091 σάμερον,
1149 1011 1223 1069 35
1244 1012 1464 1085 σανίδος,
1494 1015 1563 1084 37
1590 1012 1813 1094 ὄρτυγας
1838 1014 1949 1071 ἐκεῖ

417 1093 639 1155 ἔδαλλον
666 1102 816 1156 V.-
845 1100 920 1175 39
947 1098 1098 1179 γύρος
1121 1104 1401 1168 cit-culum,
1420 1100 1603 1158 orbem
1633 1101 1946 1177 significat:

416 1184 711 1241 Onomast.
733 1196 841 1242 vet.
872 1207 886 1242 ε
920 1187 1122 1261 Spita,
1148 1190 1311 1266 γῦροι.
1338 1189 1605 1246 Latinum
1629 1186 1948 1262 grta-vinde

418 1282 632 1345 manat,
664 1283 722 1329 et
753 1273 1156 1349 antiquitatem
1181 1274 1363 1332 Graeci
1391 1275 1657 1333 vocabuli
1687 1286 1944 1332 testatur.

418 1359 700 1439 Περιγυρὶς
738 1361 776 1417 i.
807 1381 862 1437 q.
899 1358 1238 1441 περιφέρεια,
1273 1376 1341 1419 ut
1376 1364 1697 1439 Hesychius
1739 1362 1947 1419 docet:

416 1465 588 1522 quam
618 1466 728 1525 ego
759 1466 965 1505 vocem
994 1447 1354 1525 depromtam
1376 1449 1630 1508 arbitror
1651 1468 1725 1507 ex
1750 1448 1948 1525 aliquo

416 1533 791 1612 Pythagoreae
823 1536 915 1592 vel
938 1537 1149 1593 Ionicae
1176 1536 1405 1595 familiae
1429 1537 1794 1616 philosopho.
1819 1536 1944 1595 Πα-

417 1618 652 1702 ραγύρως
689 1620 1025 1680 adverbium
1076 1623 1229 1700 apud
1282 1624 1529 1683 eundem
1578 1624 1834 1701 reperies
1888 1623 1946 1679 in

416 1706 736 1786 Διαμπερὲς,
765 1728 942 1787 quam
970 1709 1507 1787 interpretationem
1531 1712 1675 1770 mihi
1690 1709 1946 1788 persuasi

417 1795 777 1854 referendam
813 1816 939 1855 esse
966 1797 1040 1855 ad
1067 1798 1178 1857 Od.
1211 1798 1282 1871 Ξ,
1324 1822 1345 1857 1
1365 1821 1382 1856 ι
1419 1821 1434 1858 2
1464 1800 1577 1857 erit
1611 1812 1801 1858 autem
1835 1819 1949 1856 πα·-

419 1881 679 1963 ραγύρως,
691 1884 738 1942 si
757 1884 937 1962 legem
959 1887 1142 1945 Graeci
1161 1888 1442 1945 sermonis
1467 1887 1751 1957 consulas,
1767 1904 1947 1962 quum

417 1987 512 2027 res
543 1982 924 2047 quaecumque
951 1993 1018 2030 ea
1051 1973 1280 2030 ratione
1315 1989 1619 2043 movetur,
1660 1987 1722 2031 ut
1755 1974 1949 2030 circu-

417 2055 536 2113 lum
560 2056 801 2115 interius
820 2070 921 2115 aut
943 2060 1199 2118 exterius
1232 2062 1522 2119 rotatione
1546 2062 1810 2138 proxima
1846 2081 1946 2118 ra-

416 2143 531 2203 dat.
584 2148 759 2203 Vetus
805 2146 1044 2204 verbum
1087 2159 1146 2206 et
1186 2167 1350 2226 paene
1386 2148 1709 2208 obsoletum
1753 2151 1947 2208 Graeci

420 2233 802 2304 recentioreS,
853 2235 1022 2292 sicuti
1069 2255 1184 2293 non
1229 2256 1362 2294 raro
1410 2238 1596 2294 solent
1614 2281 1630 2309 ,
1670 2238 1733 2295 in
1781 2257 1946 2295 usum

418 2338 784 2379 communem
820 2334 1204 2380 revocarunt:
1234 2322 1310 2380 ab
1338 2325 1407 2382 iis
1430 2326 1626 2402 itaque
1648 2324 1801 2404 γύρος
1831 2346 1948 2384 non

418 2428 530 2487 pro
573 2407 794 2465 circulo
830 2420 1049 2465 tantum
1079 2451 1098 2484 ,
1144 2410 1304 2485 quod
1356 2424 1520 2470 notat
1568 2412 1831 2471 Eustath.
1875 2412 1949 2469 ad

417 2496 530 2555 Od.
562 2498 626 2565 T,
661 2512 720 2571 p.
755 2494 903 2563 1864
933 2515 945 2549 :
980 2490 1062 2552 ὅτι
1091 2492 1148 2553 δὲ
1189 2493 1344 2577 γύρος
1373 2496 1668 2578 βαρυτόνως
1696 2500 1754 2558 οὗ
1791 2497 1950 2576 μόνον

416 2580 710 2662 κοινότερον
751 2581 779 2636 ὁ
823 2578 1010 2649 κύκλος
1049 2595 1158 2638 etc.
1180 2625 1200 2656 ,
1242 2583 1341 2640 sed
1380 2585 1553 2641 etiam
1595 2604 1705 2661 pro
1742 2591 1953 2643 annulo

417 2669 699 2747 ponitur:
742 2668 803 2725 in
846 2668 1095 2726 Rabolio
1138 2673 1248 2727 Ms.
1291 2677 1517 2748 χρυσοῦν
1556 2670 1710 2753 γύρον
1756 2681 1949 2754 φορεῖν.

418 2757 748 2835 Ducangitts
813 2756 963 2814 hanc
1030 2777 1230 2816 vocem
1303 2759 1576 2817 intactam
1656 2761 1950 2839 praeteriit.

418 2849 643 2905 qus‘r.

506 2934 678 3004 1038,
715 2941 785 3000 41
830 2930 1082 3014 Πρόεισιν
1110 2933 1242 2991 Ald.
1266 2932 1548 3015 Πρόσεισιν
1580 2933 1723 3004 ὅπως
1755 2934 1950 3015 κομίσῃ

417 3024 495 3080 τῶ
518 3022 623 3080 Πλ.
645 3026 716 3079 V.

465 3078 478 3103 ⁸
507 3117 655 3176 1040
695 3107 898 3165 meiius
941 3107 1119 3165 schol.
1154 3109 1398 3168 Theocr.
1437 3109 1508 3168 ad
1527 3110 1615 3169 Id.
1648 3112 1681 3166 3
1704 3156 1721 3184 ‚
1768 3132 1819 3182 1,
1849 3109 1952 3168 ubi

421 3197 686 3255 meminit
704 3194 873 3272 hujus
895 3214 1111 3253 versus.
1141 3200 1368 3255 Hans-r.
1398 3235 1462 3247 —
1490 3206 1561 3266 44
1586 3197 1748 3277 μέθην
1780 3196 1952 3257 habet

421 3287 492 3344 Θ.
520 3321 585 3339 .-
612 3289 685 3352 46
717 3283 845 3341 dele
868 3284 965 3342 οὐκ
987 3303 1118 3341 cum
1145 3286 1347 3363 Regio.

507 3381 657 3441 1042
695 3371 958 3430 scholion
1002 3376 1306 3432 metricum
1349 3395 1463 3433 om.
1506 3377 1677 3435 ctiam
1725 3377 1795 3435 Θ.
1824 3412 1889 3425 -
1916 3395 1947 3446 7

423 3461 648 3520 ἔπελθοι.
678 3461 774 3520 sic
796 3460 868 3518 ad
897 3481 953 3518 ν.
983 3461 1122 3519 851:
1144 3462 1296 3544 ἄχρις
1323 3463 1385 3523 ἄν
1410 3487 1491 3530 τις
1521 3463 1712 3541 ἐπέλθῃ
1741 3467 1954 3544 ὑποκρι-

422 3549 516 3620 τὴς
543 3548 713 3629 ἔτερος
733 3570 746 3584 ·
772 3550 958 3606 soient
981 3550 1202 3627 alioqui
1232 3551 1490 3610 crebrius
1513 3550 1786 3610 adhibere
1804 3549 1951 3633 ἐξέρ-

422 3640 642 3718 χεσθαι,
675 3633 864 3703 ἐξιέναι
886 3659 899 3671 ·
929 3634 1279 3718 πρόερχεσθαι
1301 3682 1318 3710 ,
1348 3638 1606 3719 προϊέναι.
1648 3644 1870 3698 Entsr.
1895 3679 1953 3689 —

433 3747 494 3784 11
531 3726 640 3783 δοκ.
672 3744 785 3782 om.
812 3724 983 3782 etiam
1011 3727 1085 3785 Θ.
1119 3728 1189 3791 ὡς
1212 3724 1385 3805 ἔρωτα
1409 3733 1480 3784 V.
1509 3731 1579 3793 ὡς
1602 3728 1655 3784 ἐν
1680 3725 1835 3807 ἔρωτι
1870 3728 1946 3788 Θ.

424 3813 547 3872 Ald.
575 3814 811 3893 ἐπερωτᾷ
834 3812 923 3870 vel
949 3818 1183 3894 ἀνερωτᾷ
1223 3820 1440 3873 Hemst.
1464 3852 1526 3864 -
1561 3824 1626 3884 14
1674 3821 1828 3894 χαῖρε
1858 3816 1950 3873 vel

425 3901 626 3984 χαίροις
658 3907 875 3960 Heiust.
908 3900 1109 3982 χαίρεις
1138 3903 1343 3962 codex.
1371 3942 1434 3955 -
1469 3904 1537 3961 15
1589 3905 1758 3985 ἐρωτᾷ
1797 3905 1950 3961 Din-

426 3990 661 4049 dorlius.
686 3992 740 4047 ἐν
772 3987 911 4068 ἔργῳ
939 3989 1219 4047 codex.—
1242 4011 1308 4061 17
1348 3989 1435 4048 διὰ
1453 3990 1515 4049 τὸ
1534 3995 1598 4049 V.
1627 3998 1814 4072 γραῖαν
1838 3996 1908 4049 R.

514 4079 688 4154 1048,
738 4080 927 4149 33-37
961 4080 1033 4137 Οἱ
1079 4076 1455 4159 γὰρ-ἀπῄει,
1502 4077 1572 4146 ὥς
1614 4100 1745 4161 φησι
1802 4080 1953 4138 infra

426 4178 562 4243 post
584 4163 719 4225 ἀλλὰ
738 4163 941 4242 μεθύων
970 4164 1010 4221 l.
1044 4167 1119 4223 38
1146 4168 1310 4243 pouit
1336 4172 1406 4224 R.
1425 4202 1488 4215 —
1519 4170 1591 4236 34
1623 4165 1703 4225 ὅτι
1732 4187 1851 4225 om.
1878 4173 1949 4225 V.

425 4293 490 4306 --
514 4256 589 4313 35
615 4257 644 4313 ὁ
665 4250 778 4318 νέος
807 4253 985 4332 νήφων
1011 4250 1047 4323 ἢ
1073 4250 1153 4311 ὅτι
1181 4252 1337 4322 ὀξέως
1358 4252 1611 4314 ἐὸιάσατο
1641 4254 1734 4321 τὰς
1763 4254 1953 4323 πολιὰς

428 4346 589 4413 αὐτῆς
628 4346 656 4401 ὁ
695 4340 805 4407 νέος
844 4342 1207 4420 ἀμαυροῦσθαι
1243 4347 1334 4421 V.‚
1369 4342 1470 4420 qui
1510 4362 1623 4400 om.
1652 4343 1954 4422 ὀφείλων-

430 4434 611 4510 μέθης.
638 4431 796 4487 -36
840 4425 896 4486 δέ
949 4450 1107 4509 φησιν
1155 4435 1220 4489 V.
1264 4442 1323 4487 et
1366 4435 1581 4489 Heinst.
1634 4428 1691 4488 δὲ
1731 4431 1831 4511 ἔφη
1886 4439 1950 4489 Β.

429 4522 499 4580 Θ.
530 4518 662 4578 Ald.
710 4515 891 4588 ἐπειδὴ
919 4518 1010 4576 καὶ
1054 4523 1124 4577 R.
1157 4519 1229 4579 Θ.
1276 4516 1456 4586 ἐπειδὴ
1504 4518 1635 4576 Ald.
1691 4519 1952 4598 ἐπίκωμος

429 4605 616 4686 ἀπῄεις
643 4611 712 4664 V.
735 4644 796 4655 -
821 4608 892 4678 37
930 4609 999 4672 ὣς
1025 4604 1124 4688 ἔφη
1151 4610 1366 4664 Hemst.
1391 4605 1520 4688 φησὶ
1549 4611 1614 4665 V.
1640 4604 1710 4673 ὥς
1730 4630 1857 4687 φησι
1881 4615 1950 4668 R.

431 4696 502 4760 Θ.
528 4696 658 4755 Am.
681 4735 744 4747 —
767 4700 841 4756 38
861 4693 1097 4755 πέπονθα
1124 4697 1198 4756 Θ.
1230 4695 1390 4775 ἔγνων
1413 4698 1498 4772 R„
1529 4699 1627 4775 qui
1657 4719 1769 4757 om.
1790 4704 1951 4779 γραῦν

431 4777 611 4850 οὖσαν.

521 4875 690 4949 1050,
713 4883 787 4948 49
803 4871 908 4931 θεοὶ
918 4869 1256 4952 πρεσὸυτικοὶ
1271 4874 1366 4932 :Oi
1379 4879 1485 4940 τοῖς
1503 4879 1572 4932 R.
1585 4878 1651 4931 V.
1671 4873 1781 4931 nisi
1794 4873 1953 4952 quod

435 4964 639 5021 lemma
655 4965 701 5019 θ.
718 4983 806 5042 πρ.
819 4960 1108 5018 omittunt.
1130 4947 1176 5018 ὦ
1192 4957 1606 5020 Ποντοπόσειδον
1619 4983 1637 5016 .·
1654 4949 1844 5040 «ἶβιν-τὶ
1859 4966 1952 5020 τοῦ

2031 390 2294 449 Μελ-50
2322 389 2500 463 ἐπειδὴ
2529 392 2659 451 ΔΙά.
2679 395 2823 452 -51
2857 392 3035 471 ὅμοιος
3056 400 3133 476 τῷ
3150 402 3220 455 Δ.
3244 400 3350 469 V„
3376 417 3457 454 ex
3478 417 3596 474 qun

2035 475 2163 548 52ἢ
2191 469 2236 537 ὦ
2258 477 2438 539 πόντιε
2481 478 2733 540 Πόσειδον
2759 483 3035 558 (ποσειδῶν
3064 485 3155 559 G.)
3206 482 3495 541 additum
3515 482 3592 555 ,ἢ

2033 570 2392 647 μεταφορικῶς
2409 568 2587 643 (quod
2607 569 2745 644 legit
2758 570 2961 628 Suidas
2987 591 3034 629 ³.
3050 570 3278 647 Πόντος)
3298 590 3384 629 ex
3409 577 3492 629 R.
3519 575 3592 627 V.

2031 690 2096 702 —
2120 654 2194 722 54
2241 661 2312 715 R.
2345 655 2492 713 infra
2529 671 2662 733 post
2704 657 2968 716 scholaev.
3005 660 3150 731 1057
3191 659 3321 716 haec
3369 658 3594 731 habet,

2033 741 2145 799 ἐπεὶ
2174 747 2336 823 γραῦς
2371 745 2511 801 ἐστιν
2531 788 2550 818 ,
2572 746 2646 811 ὥς
2670 750 2762 803 τοῦ
2795 744 2953 827 ὅρκου
2983 744 3170 805 τούτου
3213 746 3596 827 πρεσὸιντικοῦ

2032 826 2197 894 ὄντος.
2227 828 2289 887 τὸ
2316 819 2430 887 δὲᾶ
2452 820 2488 887 ἆ
2515 829 2594 908 (v.
2615 832 2804 911 ,1052)
2825 833 3091 915 ἐπίρρημα
3119 834 3241 910 μετ’
3266 833 3594 905 ἐκπλήξεως

2033 915 2123 974 καὶ
2160 915 2464 982 κελεύσεως.
2504 920 2574 977 ln
2604 924 2673 976 V.
2709 921 2795 977 sic
2835 924 3044 1001 σῶφρον
3077 921 3181 999 γὰρ
3225 921 3324 980 καὶ
3355 922 3591 980 πάν-ουν

2034 1004 2277 1079 ἀγαθῶν,
2306 1024 2379 1062 ex
2400 1025 2520 1083 quo
2538 1005 2800 1064 additum
2837 1030 2861 1066 1
2895 1029 2983 1085 sq.
3017 1007 3486 1085 αὖτὴ-μῶμοπν.
3515 1040 3591 1055 --

2039 1092 2070 1147 3
2096 1089 2472 1171 πρεσὸυτίρων
2496 1092 2630 1151 Ald-
2656 1091 2692 1163 ἢ
2711 1082 3067 1153 «ii-tadum«
3087 1096 3364 1154 additum
3395 1116 3476 1154 ex
3501 1102 3595 1168 V„

2034 1180 2139 1255 qui
2182 1178 2215 1235 5
2246 1178 2647 1257 χρήσασθαιμ-
2681 1183 2750 1238 15
2803 1179 2838 1252 ἢ
2868 1181 3176 1240 Ἀπόλλωνα
3219 1183 3594 1243 Schaeferoe.

2034 1266 2101 1324 δι’
2124 1264 2412 1326 Ἀπόλλωνι
2430 1269 2687 1326 Parim-
2707 1289 2770 1340 17
2795 1268 3083 1351 ζαρῶματα
3105 1275 3248 1348 Reg.
3271 1270 3596 1352 ζωρῶματι

2034 1354 2182 1412 vict.

2123 1442 2271 1500 1052
2301 1463 2416 1502 om.
2445 1449 2518 1502 G.
2549 1444 2621 1504 Θ.
2668 1446 2752 1502 sic
2781 1445 2842 1503 in
2873 1451 2969 1523 V.,
3004 1445 3278 1527 ἐπίρρημα
3323 1448 3594 1524 ἐπιτιμή-

2033 1551 2182 1596 σεως.
2206 1532 2319 1608 μετ’
2343 1529 2641 1602 ἐκπλήξεως
2671 1531 2769 1616 γὰρ
2799 1537 2831 1591 ὁ
2855 1531 2968 1599 νέος
2997 1531 3096 1603 τὴν
3123 1534 3261 1614 δᾷδα
3284 1539 3370 1615 τῷ
3397 1558 3584 1616 προσ-

2034 1614 2166 1698 ώπῳ
2195 1621 2356 1690 αὐτῆς
2388 1617 2693 1700 προσέφερε.
2713 1658 2777 1670 -
2804 1641 2880 1678 20
2901 1626 3057 1680 τοῦτο
3076 1659 3139 1672 -
3160 1622 3470 1691 κελεύσεως
3493 1624 3592 1681 hic

2035 1723 2152 1762 om.
2180 1710 2274 1778 R.,
2309 1706 2412 1765 sed
2458 1708 2612 1764 insta
2652 1708 2781 1765 ioco
2827 1709 3021 1766 alieno
3065 1708 3239 1767 habet
3285 1709 3351 1768 τὸ
3381 1711 3446 1768 δὲ
3495 1702 3592 1768 ἔξ

2034 1791 2303 1873 ἐπίρρημα
2328 1794 2442 1872 μετ’
2463 1792 2758 1865 ἐκπλήξεως
2779 1794 2871 1853 καὶ
2900 1794 3203 1863 κελεύσεως.
3231 1803 3401 1875 nega
3420 1796 3588 1859 Ἔστι

2042 1878 2098 1937 δὲ
2144 1882 2314 1939 κῶλον
2368 1880 2613 1960 ῖαμόικὸν
2659 1880 2982 1964 μονόμετρον
3030 1883 3556 1964 βραχυκατιίληκτον
3569 1929 3588 1957 ,

2033 1967 2122 2045 ἤγ.
2144 1974 2238 2026 τοῦ
2278 1966 2326 2047 β’
2364 1970 2518 2035 ποδὸς
2541 1969 2831 2035 λείποντος.
2879 1970 2940 2030 τὸ
2972 1970 3026 2029 δὲ
3069 1970 3167 2043 τὴν
3206 1972 3348 2053 δᾷδα
3380 1974 3468 2050 μή
3495 1996 3589 2051 μοι

1988 2060 1997 2111 ί
2033 2055 2296 2138 πρόσφερε
2319 2058 2501 2137 στίχος
2527 2057 2700 2138 ἔτερος
2725 2059 3016 2140 τρίμετρος.

2121 2144 2292 2217 1054,
2325 2146 2401 2202 25
2431 2143 2731 2225 Εἰρεσιώνη
2752 2165 2871 2204 om.
2902 2146 2974 2206 Θ.
2993 2181 3056 2194 -
3081 2149 3155 2204 26
3187 2148 3586 2226 περιειλημένα

2035 2232 2323 2290 Gelenius.
2355 2233 2681 2309 Legebatur
2707 2232 3149 2311 περιειλημμένα.
3185 2259 3209 2284 ι
3231 2237 3590 2295 Πλακουντι·

2035 2318 2148 2388 κὸς,
2178 2321 2286 2378 etsi
2314 2320 2578 2398 analogia
2616 2340 2733 2377 non
2764 2319 3101 2379 adversetur
3122 2365 3138 2391 ,
3179 2321 3452 2380 nondum
3487 2344 3586 2383 re·

2036 2407 2192 2485 peri,
2229 2426 2416 2485 neque
2448 2408 2625 2478 adeo,
2670 2409 2839 2466 sicuti
2884 2407 3292 2481 πλακουντώδης
3311 2451 3327 2478 2
3373 2413 3437 2469 in
3475 2433 3588 2472 usu

2039 2493 2211 2551 fuisse
2237 2493 2410 2552 credo
2439 2514 2453 2550 ι
2479 2514 2587 2552 nec
2625 2494 2773 2551 sorte
2795 2495 3104 2571 quisquam
3135 2509 3223 2553 est
3253 2499 3359 2574 qui
3377 2498 3585 2581 κόλυρα

2036 2581 2127 2640 vel
2154 2579 2401 2662 κολόρους
2425 2583 2783 2659 cognoverit.
2814 2582 3170 2641 Emeudnndi
3194 2585 3290 2644 via
3318 2589 3542 2664 dupiex
3566 2610 3583 2646 ε

2038 2669 2288 2746 primum
2315 2669 2677 2733 πλακουντίοις
2695 2669 2802 2728 τισὶ
2825 2669 2916 2728 καὶ
2944 2669 3128 2750 λύραις
3147 2694 3162 2708 ·
3209 2674 3462 2731 multum
3479 2676 3584 2751 ju-

2039 2769 2136 2815 vat
2177 2759 2438 2835 egregius
2471 2757 2667 2816 Suidae
2691 2757 2853 2815 locus
2892 2778 2967 2817 ex
2995 2760 3250 2818 Menecle
3285 2761 3347 2818 in
3376 2764 3582 2822 Διακό-

2036 2867 2142 2904 νιον
2171 2868 2184 2901 :
2217 2844 2479 2918 Ἀθηναῖοι
2505 2847 2581 2926 τῷ
2607 2842 2898 2904 Ἀπόλλωνι
2936 2844 3032 2919 τὴν
3060 2847 3395 2925 καλουμένην
3435 2853 3579 2933 εἰρε-

2038 2931 2233 3006 σιώνην
2260 2932 2386 2992 ὅταν
2409 2937 2632 3007 ποιῶσι,
2656 2934 2975 3000 πλάττοντες
3009 2936 3175 3015 λύραν
3198 2959 3258 2995 τε
3294 2937 3390 2997 καὶ
3417 2961 3578 2999 κοτυ-

2036 3021 2135 3092 λην
2158 3064 2176 3092 ,
2205 3020 2293 3079 καὶ
2327 3021 2512 3096 κλῆμα
2532 3061 2550 3090 ,
2577 3020 2667 3078 καὶ
2698 3021 2837 3079 ἄλλα
2865 3019 2934 3081 τὰ
2964 3023 2986 3100 (
3000 3023 3205 3081 melius
3231 3025 3394 3102 leges
3413 3027 3576 3105 τινὰ)

2036 3110 2326 3190 κυκλοτερῆ
2351 3107 2645 3186 πέμματα,
2673 3113 2842 3167 ταῦτα
2859 3112 3080 3169 καλοῦσι
3103 3110 3362 3172 διακόνιον
3380 3136 3396 3150 ·
3421 3116 3580 3174 unde

2038 3196 2258 3273 liquido
2281 3208 2442 3274 patet
2474 3193 2632 3277 λύρας
2654 3195 2731 3254 ab
2760 3196 3029 3277 εἰρεσιώνη
3049 3219 3164 3256 nou
3188 3219 3314 3257 esse
3331 3202 3575 3264 alienas.

2037 3291 2183 3344 Tum
2212 3286 2391 3345 altera
2418 3305 2654 3363 quoque
2682 3286 3009 3363 conjectura
3041 3301 3253 3363 praesto
3280 3303 3368 3347 est
3394 3315 3410 3349 ε
3439 3294 3583 3351 πλα-

2036 3371 2290 3439 κουντίοις
2315 3371 2422 3432 τισὶ
2439 3371 2532 3430 καὶ
2552 3370 2799 3453 κολύραις
2813 3417 2832 3448 ,
2857 3375 2945 3433 vel
2974 3375 3249 3456 κολλύραις
3266 3421 3283 3449 ,
3308 3380 3426 3436 nisi
3445 3383 3580 3457 quis

2036 3459 2322 3541 κολλυρίοις
2355 3459 2772 3537 praeferendum
2799 3474 2979 3539 putet.
3005 3463 3277 3543 Κολύρας,
3314 3485 3449 3541 quae
3486 3481 3580 3525 ta-

2035 3569 2169 3606 men
2192 3551 2403 3607 rectius
2431 3547 2682 3628 κόλλυραι
2707 3549 3069 3624 scribuntur,
3111 3555 3438 3629 Hesychius
3464 3577 3578 3616 ex-

2039 3638 2236 3714 ponit,
2266 3634 2474 3717 ἅρτίδια
2513 3635 2679 3717 μικρὰ
2711 3637 2919 3719 καθαρά
2940 3661 2953 3675 ·
2991 3659 3025 3696 a
3050 3640 3228 3699 Suida
3252 3641 3573 3718 docemur,

2038 3722 2343 3806 κολλούρια,
2363 3724 2453 3781 vel
2475 3725 2669 3802 potius
2691 3724 2946 3806 κολλύρια
2965 3771 2984 3800 ,
3016 3728 3316 3808 ἐπιχωρίως
3341 3752 3473 3791 &sse
3503 3735 3577 3792 τὰ

2035 3806 2320 3887 λαλάγγια,
2340 3822 2398 3867 et
2418 3808 2738 3889 κολλυρίζειν
2765 3809 2827 3870 τὸ
2848 3810 2939 3876 τὰς
2959 3813 3230 3891 λαλάγγας
3251 3818 3573 3893 τηγανίζιιν·

2037 3920 2110 3957 ex
2141 3902 2355 3978 quibus
2393 3901 2602 3977 liquet,
2651 3920 2748 3959 eas
2788 3921 2914 3960 esse
2952 3902 3237 3984 κολλύρας,
3280 3927 3408 3983 quae
3434 3918 3576 3969 e'um

2039 3990 2243 4046 ceteris
2265 3989 2616 4046 scitamentis
2639 3987 2715 4046 ad
2740 3988 3038 4068 εἰρεσιώνην
3079 3991 3280 4050 itidem
3309 3996 3574 4074 adpendi

2038 4089 2380 4134 mereantur.
2401 4100 2427 4128 υ
2465 4080 2767 4135 Ηιιιιετ.-
2793 4096 2863 4147 27
2909 4076 3175 4158 κολλύροις
3219 4082 3290 4140 Θ.
3329 4084 3575 4165 κολύροις

2036 4164 2127 4222 καὶ
2148 4164 2324 4229 ἄλλοις
2347 4186 2455 4222 τισι
2474 4163 2597 4222 Ald.
2623 4205 2684 4216 -
2704 4165 2778 4221 28
2803 4163 2979 4230 ἐλαίας
2997 4167 3410 4247 ἀποκρεμάμενα
3438 4179 3573 4232 Ru-

2039 4266 2242 4310 veru&
2286 4249 2446 4332 ἐλαίῳ
2486 4248 2892 4332 ἀποκεκραμένα
2935 4253 3409 4337 (ἀποκεκραμμένῳ
3463 4263 3570 4338 Θ.)

2037 4342 2107 4400 Θ.
2144 4340 2357 4398 ΑΙιΙ.-
2386 4340 2458 4396 30
2495 4338 2682 4405 θαλλὸς
2723 4343 2794 4399 V.
2835 4336 3102 4419 εἰρεσιώνη
3134 4340 3190 4398 δὲ
3231 4345 3301 4403 Θ.
3340 4347 3451 4404 Ald
3513 4348 3569 4416 ἐξ

2039 4428 2189 4508 ἐρίων
2213 4427 2303 4486 καὶ
2332 4428 2523 4485 θαλλοῦ
2543 4425 2719 4492 ἐλαίας
2742 4426 3204 4504 συμπεπλεγμένοις
3221 4435 3290 4490 V.
3311 4432 3364 4500 ἐξ
3386 4435 3568 4500 ἐλαίας

2040 4516 2231 4574 θαλλοῦ
2257 4514 2345 4573 καὶ
2369 4512 2423 4581 ἐξ
2451 4512 2601 4594 ἐρίων
2627 4514 3096 4591 συμπεπλεγμένος
3123 4518 3196 4577 Θ.
3225 4516 3278 4586 ἐξ
3302 4521 3452 4600 ἐρίων
3472 4525 3563 4582 καὶ

2041 4604 2230 4662 θαλλοῦ
2272 4599 2738 4680 συμπεπλεγμένοις
2783 4601 2912 4660 Ald.
2939 4601 2991 4669 ἐξ
3020 4602 3173 4684 ἐρίων
3204 4607 3566 4685 πεπλεγμένος

2040 4691 2247 4751 suidas
2286 4709 2336 4749 s,
2366 4686 2680 4768 Εἷρεσιώνη.
2705 4724 2768 4738 -
2792 4690 2860 4746 31
2892 4688 3117 4761 κοτύλην
3154 4690 3333 4758 ἐλαίας
3354 4694 3565 4771 (scrib.

2040 4780 2215 4841 ἐλαίου
2243 4801 2314 4839 εκ
2341 4780 2567 4838 scholio
2594 4781 2742 4839 infra
2762 4779 3076 4859 afferendo)
3098 4780 3188 4840 καὶ
3220 4781 3360 4840 οἴνου
3384 4789 3457 4842 V.
3482 4816 3566 4833 —-

2043 4870 2115 4927 33
2143 4867 2351 4948 τάγαθά
2374 4869 2599 4927 Suidas.
2624 4903 2687 4917 --
2713 4870 2782 4935 34
2818 4867 3108 4928 ἀνετίθεντο
3148 4874 3214 4927 V.
3246 4872 3295 4927 οἱ
3334 4891 3452 4934 om.
3483 4877 3562 4936 Θ,

2042 4997 2103 5009 -
2125 4960 2197 5018 35
2226 4958 2425 5030 ἤλαντο
2442 4970 2498 5015 et
2527 4956 2614 5015 ὑπ’
2647 4944 2894 5034 αὖτῇ,36
2924 4954 3094 5038 φέρων
3110 4959 3279 5036 λέγειν
3299 4965 3369 5024 V.
3393 5000 3456 5015 -
3480 4968 3558 5044 37

3715 0 3791 5638 ψμῌ-Λ-Η
