3859 5725
1651 314 2018 392 EQm‘mM.

3294 329 3407 384 418

268 460 378 520 λων
398 459 622 542 πρῶτος.
642 492 705 506 -
727 456 803 513 28
822 454 1003 536 ἐφεῦρε
1029 452 1102 512 Θ.
1133 439 1277 531 εὗρεν
1299 447 1518 508 Suidas.
1539 451 1794 524 Sequen-
1881 443 2160 524 ἐπίσημον.
2205 443 2268 504 τὸ
2316 443 2373 504 δὲ
2427 443 2634 527 ἕτερον,
2688 465 2755 504 10
2788 446 3028 520 ἐπιτηδὲς
3060 448 3118 509 δὲ
3159 450 3410 514 &amu-

270 548 351 607 tia
372 566 485 606 om.
509 547 583 606 Θ.

350 635 485 712 899.
504 632 747 693 Suidas:
778 626 933 709 Ἀνὴρ
956 624 1168 706 κόπριος
1187 644 1203 685 z
1223 626 1294 689 ὣς
1314 621 1418 682 ἀπὸ
1441 622 1631 700 δήμου.
1650 618 1795 699 λέγει

269 718 329 780 δὲ
373 720 464 780 τὸν
501 716 823 800 κοπρολόγον
844 739 859 753 ·
913 712 949 786 ἢ
993 711 1255 793 κηπουρὸν
1286 724 1401 774 etc.
1436 717 1526 770 De
1572 715 1795 786 Copto,

267 803 752 885 Hippothontidis
771 803 955 861 tribus
978 801 1169 873 dem0,
1191 798 1410 856 dictum
1433 795 1509 855 ab
1527 794 1797 854 Boeckhio

268 894 332 952 in
349 895 615 971 Inscript.
636 893 751 951 vol.
787 912 839 965 1,
864 909 922 968 p.
948 890 1082 962 216,
1109 889 1244 964 903.
1266 912 1292 939 α
1311 887 1487 957 Νῆσος
1516 885 1562 942 si
1593 903 1797 942 verum

270 993 392 1055 est,
412 982 596 1039 insula
619 979 823 1037 demus
848 978 956 1036 suit
977 1019 994 1049 ,
1024 988 1086 1034 ut
1111 974 1351 1034 Salamis
1378 995 1391 1030 ε
1426 972 1528 1031 sed
1557 973 1799 1030 fortasse

270 1067 638 1127 scribendum
663 1066 844 1144 δῆμος.
865 1090 890 1118 n
912 1069 1163 1122 Boacxn.

352 1175 492 1234 901,
517 1156 588 1228 37
627 1152 830 1234 Πυρίου
857 1157 923 1211 V.
954 1148 1164 1234 Πυρρία
1194 1151 1268 1210 Θ.
1287 1187 1350 1200 -
1380 1150 1454 1209 38
1490 1146 1800 1230 Πύρανδρος

268 1248 341 1303 V.
370 1245 442 1304 Θ.
460 1280 525 1293 -
545 1252 619 1312 40
642 1240 743 1300 εἶσὶ
770 1237 826 1298 δὲ
844 1242 894 1300 οἱ
908 1245 978 1300 V.
997 1241 1070 1300 Θ.
1100 1238 1314 1296 omisso
1343 1234 1661 1316 βωμολόχοι.

356 1331 494 1407 905,
525 1331 599 1399 45
622 1326 931 1410 ὀξυὸάφιον,
964 1337 1033 1399 47
1058 1323 1113 1384 δὲ
1139 1314 1255 1384 εἶπε
1274 1326 1345 1386 Θ.

354 1417 490 1492 906,
515 1416 589 1484 48
606 1414 777 1493 λέγει,
808 1416 883 1473 50
914 1411 1146 1490 πώματα
1191 1412 1262 1472 Θ.
1298 1409 1557 1488 πείσματα
1599 1407 1801 1469 Suidas

271 1521 320 1560 s.
354 1501 653 1582 Κυλίχνιον.
1374 1502 1379 1508 ’

356 1609 510 1666 909,
544 1591 618 1651 53
657 1588 747 1648 καὶ
795 1585 931 1649 ὥστε
979 1585 1073 1654 τὰς
1107 1587 1178 1647 Θ.
1203 1621 1267 1632 -
1298 1608 1322 1644 1
1372 1588 1609 1669 περιψεῖν
1651 1590 1718 1644 V.
1744 1597 1802 1644 et

272 1676 499 1737 SuidaS.

357 1785 427 1841 9¹
443 1785 468 1821 1
499 1783 614 1822 om.
630 1765 701 1825 Θ.
723 1797 788 1809 -
814 1772 847 1834 4
864 1783 1023 1841 seqq.
1044 1761 1324 1844 τριάκοντα
1345 1759 1556 1820 πάντων
1582 1758 1800 1837 ἷάμὸου,

274 1841 351 1910 ὗν
383 1849 450 1909 τὰ
475 1853 663 1933 πρῶτα
696 1848 789 1909 δύο
817 1848 1144 1931 μονόμετρα,
1180 1846 1249 1907 τὰ
1270 1848 1318 1917 ς’
1341 1848 1562 1925 δίμετρα
1589 1845 1800 1907 ἀκατά-

270 1939 478 2011 ληκτα,
502 1937 565 1998 τὸ
593 1936 649 1997 δὲ
670 1938 966 1997 τελευταῖον
998 1935 1061 1996 τὸ
1091 1940 1136 1993 θ’
1159 1933 1436 2018 τρίμετρον
1480 1936 1805 2007 καταληκτι-

275 2023 369 2084 κόν
408 2030 475 2084 V.
537 2032 681 2099 Quae
728 2026 810 2083 sic
862 2022 1203 2102 corrigenda
1232 2068 1250 2097 ,
1294 2021 1480 2081 κώλων
1523 2021 1805 2103 τριάκοντα

275 2111 491 2171 πάντων
516 2111 777 2191 ῖαμὸικῶν
794 2156 811 2185 ,
834 2101 906 2170 ὧν
939 2110 1007 2170 τὰ
1042 2113 1230 2192 πρῶτα
1257 2108 1346 2168 δύο
1373 2110 1395 2192 (
1416 2111 1557 2169 dicit
1592 2110 1808 2188 duplex

279 2199 420 2259 illud
451 2200 579 2277 ἐμοῦ
607 2196 701 2277 μὲν
730 2190 1108 2278 οῧηειυοωηι
1133 2200 1375 2257 alterum
1403 2197 1803 2276 Allantopolae‚

277 2289 525 2347 alterum
544 2287 926 2365 Paphlagonis
944 2288 1062 2364 est)
1090 2284 1388 2366 μονόμετρα
1407 2329 1424 2360 ,
1450 2284 1519 2345 τὰ
1547 2283 1629 2354 κς’
1654 2284 1806 2361 δίμε-

276 2398 381 2456 τρα
433 2374 775 2446 ἀκατάληκτα
796 2418 813 2448 ,
868 2373 930 2433 τὸ
977 2372 1032 2432 81
1074 2375 1370 2433 τελευταῖον
1421 2374 1496 2451 (1.
1546 2394 1596 2431 e.
1629 2372 1808 2431 verba

280 2463 594 2542 βουλόμενος
621 2460 803 2521 ἐσθίων
829 2459 1202 2540 ἀποπνιγείης)
1226 2460 1287 2520 τὸ
1313 2458 1396 2519 κθ’
1420 2460 1696 2542 τρίμετρον
1716 2482 1809 2518 κα·

277 2549 616 2623 ταληκτικόν.
636 2555 820 2608 Dum.
1072 2589 1083 2594 -

364 2658 479 2714 9¹²
501 2681 519 2713 ,
554 2658 624 2695 10
664 2635 961 2717 λειτουργία
995 2634 1151 2717 γὰρ...
1190 2634 1532 2694 Addendum
1578 2635 1810 2695 videtur

276 2728 465 2797 τοῦτο,
505 2725 597 2782 vel
626 2723 688 2783 τὸ
726 2731 1061 2804 τριηραρχεῖν
1104 2712 1189 2795 ἦν.
1225 2727 1407 2781 Dum.
1441 2760 1505 2771 —
1547 2743 1615 2780 12
1653 2722 1807 2781 idem

279 2813 536 2872 correxit
587 2813 828 2893 εὐτρεπῆ.
855 2811 1143 2871 Edebatur
1176 2811 1428 2892 εὐπρεπῆ.
1457 2809 1600 2870 Ibid.
1629 2832 1809 2892 παρα-

280 2904 524 2972 σκευάζει
549 2904 620 2968 εἰς
642 2901 738 2974 τὴν
767 2904 838 2963 Θ.
870 2901 1135 2961 Dindorf.
1157 2901 1403 2978 conjecit
1424 2899 1810 2983 παρασκευάζει

278 2982 358 3057 εἷς
396 2995 428 3051 ὃ
466 2989 638 3061 τὴν-.
663 3026 730 3039 -
758 3009 828 3066 19
851 2990 1097 3068 glossam
1133 2989 1193 3048 οὖ
1215 2987 1409 3047 παύσει
1433 2988 1607 3048 habet
1632 2995 1721 3065 V.,
1751 3002 1811 3048 et

280 3076 634 3160 διαπράξομαι
660 3084 750 3148 V.‚
771 3097 889 3135 non
913 3079 984 3135 G.

363 3188 509 3244 919,
542 3169 616 3224 26
669 3163 986 3245 ὑπαχθέντος
1011 3166 1250 3237 9.-27
1289 3164 1543 3246 μαγείρῳ.
1578 3165 1804 3224 Intelli-

281 3254 533 3332 gendum
587 3253 677 3312 vel
731 3252 1061 3311 addendum
1101 3249 1415 3330 διαλέγεται.
1462 3257 1647 3310 Dum.
1692 3254 1810 3325 Qui

281 3341 496 3400 deinde
513 3341 591 3399 κθ’
616 3341 785 3399 κῶλον
815 3340 1028 3418 posuit,
1054 3360 1165 3418 pro
1194 3339 1348 3417 vulg.
1374 3335 1419 3396 θ’
1444 3340 1632 3397 κῶλον.
1660 3340 1808 3398 Vide

282 3449 461 3507 supra
493 3427 566 3487 ad
593 3447 648 3486 v.
680 3448 745 3503 9¹
760 3448 812 3485 2.
841 3460 905 3473 -
945 3427 1019 3484 30
1054 3425 1306 3508 τρίμετρα
1335 3425 1701 3498 καταληκτικά
1735 3429 1806 3488 Θ.

283 3553 347 3566 -
374 3519 441 3574 31
469 3514 647 3597 βράζει
675 3521 741 3576 V.

368 3624 506 3679 921,
529 3605 601 3661 33
627 3605 738 3661 τῶν
765 3601 926 3661 δετῶν
981 3602 1333 3660 Dindorfius.
1356 3600 1683 3679 Legebatur
1701 3604 1806 3660 τῶν

282 3688 481 3772 δᾴδων,
513 3691 729 3748 omittit
760 3691 832 3749 Θ.
866 3722 926 3736 -
953 3691 1026 3748 35
1070 3687 1456 3771 ὑπερκειμένων
1475 3733 1492 3761 ,
1539 3688 1617 3766 39
1634 3691 1807 3771 ἀπαρ-

282 3776 494 3858 ρύονται
520 3791 580 3837 et
603 3775 930 3858 ὕπερχέηται
952 3778 1024 3838 Θ.
1058 3777 1354 3856 ὑποχέηται
1384 3777 1517 3837 Ald.

364 3886 479 3942 922
503 3864 779 3945 κρεάγραν.
812 3869 937 3923 Imo
965 3866 1160 3943 potius
1186 3862 1489 3945 ζωμήρυσιν
1514 3865 1636 3923 sive
1664 3872 1808 3925 trul-

279 3959 399 4012 lam
430 3975 451 4009 .·
484 3967 727 4031 propter
766 3972 970 4011 vocem
1014 3953 1428 4031 praecedentem
1459 3954 1805 4033 ἀπαρυστέον.

282 4048 434 4103 Nam
458 4040 688 4122 κρεάγρα
705 4053 828 4099 erat
844 4041 1286 4099 instrumentum
1307 4040 1645 4100 culinarium
1665 4043 1807 4102 den-

283 4141 466 4188 tatum
489 4172 506 4201 ‚
527 4130 649 4186 sive
670 4129 888 4186 fuscina
920 4127 1095 4207 (unde
1121 4126 1560 4208 σιδηροδάκτυλος
1598 4129 1808 4190 dicitur

281 4218 345 4276 in
389 4216 801 4295 epigrammate
834 4215 988 4292 apud
1018 4215 1254 4275 Suidam
1293 4236 1349 4274 v.
1380 4214 1663 4295 Κρεάγρα),
1694 4238 1807 4296 qua

278 4304 508 4365 extrahi
536 4303 769 4381 quidem
797 4303 1013 4379 aliquid
1035 4308 1107 4361 ex
1146 4303 1257 4361 olla
1285 4315 1540 4381 poterat,
1563 4306 1665 4363 sed
1689 4326 1806 4364 non

275 4392 518 4452 hauriri.
537 4396 723 4451 Kos-r.
750 4389 1025 4448 Scholion
1048 4410 1164 4449 om.
1189 4396 1259 4450 G.
1288 4392 1361 4456 ὣς
1386 4390 1630 4473 μάγειρος
1654 4395 1725 4454 Θ.

361 4489 501 4556 924,
531 4481 605 4549 43
648 4476 943 4549 ἀπατήσεσι
983 4479 1048 4535 V.
1091 4477 1223 4537 Ald.
1247 4475 1549 4556 πιεζόμενος
1581 4499 1695 4538 om.
1737 4487 1805 4540 V.

280 4569 361 4629 Θ.
379 4565 583 4625 Suidas
612 4589 625 4623 :
654 4562 964 4643 Ἰπούμενος
988 4585 1003 4621 2
1032 4564 1353 4642 πιεζόμενος,
1372 4565 1803 4651 ἀναγκαζόμενος.

365 4655 504 4731 926,
537 4654 609 4722 45
650 4654 722 4718 εἷς
748 4650 809 4710 σὲ
843 4673 957 4711 om.
979 4653 1051 4713 Θ.
1078 4688 1143 4703 -
1165 4661 1236 4726 47
1266 4674 1357 4736 πρ.
1398 4656 1504 4713 τῶν
1541 4653 1804 4715 πλουσίων

280 4739 520 4820 τάγματι
546 4740 677 4800 Α1ι1.
696 4777 762 4789 -
780 4742 855 4808 48
881 4738 1189 4818 γενήσονται
1220 4745 1294 4800 V.
1319 4739 1644 4818 γενήσωνται
1673 4742 1804 4802 Ald.

281 4829 517 4889 Glossas
566 4825 680 4885 ἀντὶ
723 4830 817 4885 τοῦ
862 4830 1179 4910 καταρῶμαι
1230 4839 1290 4887 et
1336 4818 1470 4896 εἶδος
1508 4826 1700 4908 ἰχθύων
1748 4844 1806 4890 et

278 4913 432 4975 ποιὸν
458 4904 590 4992 ἦχον
617 4914 886 4972 ἀποτελῶν
916 4913 1089 4974 habet
1112 4920 1205 4990 V.,
1233 4935 1348 4979 om.
1376 4921 1446 4976 G.

363 5002 479 5077 935
501 4999 819 5080 προσλάὸοις
850 5006 921 5060 V.

364 5099 475 5167 941
502 5133 520 5163 ,
567 5098 601 5157 4
644 5092 803 5170 χοροῦ
844 5087 1060 5156 δίκωλος
1099 5093 1182 5165 ἐν,
1231 5113 1261 5164 7
1293 5093 1718 5166 καταληκτικοῢ,
1766 5096 1802 5151 8

1884 531 2048 609 μόνη,
2074 545 2132 591 et
2171 530 2283 591 lea-rt
2318 529 2373 591 δὲ
2411 532 2501 592 καὶ
2535 531 2708 592 πολλὰ
2742 534 2869 616 παρ’
2915 537 2987 597 Θ.
3023 537 3351 601 Dindorfius
3387 564 3404 601 ε

1882 644 1908 670 α
1938 624 2081 691 Quae
2108 618 2181 678 de
2203 632 2388 678 metro
2415 619 2586 698 hujus
2617 641 2818 681 versus
2855 623 3162 685 traduntur
3198 648 3406 689 recen-

1885 707 2046 766 tioris
2081 709 2433 786 grammatici
2474 708 2650 767 verba
2687 722 2820 767 sunt
2845 730 2861 769 t
2886 712 3180 789 antiquior
3227 717 3412 777 inter·

1886 813 2019 870 pres
2062 796 2162 853 illa
2204 807 2424 854 tantum
2460 796 2767 875 scripserat
2811 796 3411 880 ἐπίτηδες-σεσημειω-

1886 879 2041 960 μένα,
2063 884 2142 941 sic
2163 884 2403 942 sortasse
2424 884 2785 962 corrigenda,
2806 883 3043 956 ἐπίτηδες
3067 887 3414 968 διαλελυμένα

1886 972 1958 1035 εἷς
1977 969 2066 1030 τὸν
2089 970 2242 1040 πεζὸν
2275 968 2447 1049 λόγον.
2476 969 2589 1030 ἔστι
2618 969 2675 1029 δὲ
2701 970 2876 1032 πολλὰ
2910 979 3128 1033 τοιαῦτα
3168 977 3258 1036 καὶ
3284 979 3414 1061 παρ’

1889 1055 2145 1118 Εὐπόλιδι
2166 1058 2585 1136 σεσημειωμένα.
2609 1086 2634 1112 ι»

1969 1150 2115 1224 948,
2144 1168 2216 1223 27
2250 1170 2381 1225 μου,
2426 1161 2485 1205 et
2526 1145 2779 1219 διοικήσει
2802 1149 2872 1209 Θ.
2897 1185 2961 1198 -
2994 1151 3070 1209 28
3107 1162 3413 1232 πρυτανεῖα.

1887 1241 2162 1295 Perverse
2180 1235 2485 1294 scholiasta
2515 1236 2638 1294 sola
2674 1242 2960 1315 πρυτανεῖα
2983 1239 3258 1301 nominat.
3288 1246 3417 1301 No-

1890 1323 2272 1381 tavitBoeckh.
2308 1326 2399 1381 De
2432 1322 2750 1380 oeconomia
2788 1322 2897 1381 civ.
2922 1323 3126 1384 Athen.
3144 1326 3260 1385 vol.
3286 1349 3338 1404 1,
3357 1350 3415 1408 p.

1897 1410 2026 1468 180.
2050 1415 2228 1468 Dum.

1969 1498 2108 1575 950,
2133 1500 2205 1555 3ο
2235 1497 2357 1569 Κλ,
2379 1494 2596 1555 πλείονα
2619 1498 2677 1578 ψ.
2707 1498 2777 1558 Θ.

1971 1586 2086 1661 954
2109 1630 2126 1659 ,
2163 1587 2236 1655 34
2274 1583 2413 1667 θρίον
2450 1585 2588 1644 libri
2621 1584 2715 1644 hic
2758 1597 2818 1643 et
2844 1584 3014 1644 infra.
3036 1617 3099 1636 ·-
3124 1586 3201 1645 35
3234 1589 3294 1648 οὖ
3323 1589 3415 1650 de-

1890 1675 2159 1747 lendum,
2195 1673 2310 1732 nisi
2347 1673 2567 1751 aliquid
2603 1672 2836 1731 excidit.
2870 1678 3133 1733 Drum-
3171 1676 3247 1735 38
3283 1674 3419 1738 ἴοτει

1891 1767 1964 1821 V.
1990 1797 2053 1809 -
2083 1764 2159 1838 39
2182 1783 2270 1820 σκ.
2291 1762 2405 1819 ἐστι
2425 1762 2494 1821 Θ.
2518 1783 2572 1819 τι
2600 1760 2805 1819 Suidas
2831 1780 2876 1819 ε.
2917 1760 3100 1843 Θρίον.
3119 1805 3182 1817 .-
3201 1771 3276 1831 42
3296 1764 3420 1825 ἔπι·

1892 1859 2065 1932 χεῖται
2081 1856 2382 1910 KusteruS.
2411 1851 2688 1929 ἅποχεῖται
2711 1849 2841 1907 Ald.
2866 1851 3090 1910 Deinde
3115 1851 3167 1911 εἴ
3194 1874 3248 1910 τι
3268 1875 3420 1935 περι-

1890 1938 2057 2016 λαμὸ.
2080 1939 2152 1998 Θ.
2174 1975 2238 1988 -
2260 1946 2333 2011 47
2360 1950 2620 1996 correcta
2648 1957 2680 1995 a
2717 1937 3023 1996 Dindorfio
3053 1951 3113 1997 et
3145 1944 3418 2002 Kustero.

1891 2025 2222 2103 Legebatur
2248 2018 2365 2083 εῗτα
2389 2023 2662 2104 ἐπαίρεται
2686 2025 2748 2082 ἐκ
2780 2026 2887 2082 τῶν
2924 2023 3098 2084 ἄλλων
3126 2048 3421 2108 περιαιρ...

1894 2121 1973 2190 49
1997 2112 2179 2195 ἕψεται
2204 2118 2274 2171 G.
2302 2111 2503 2193 ἑψίεται
2538 2117 2611 2169 V.
2642 2113 2843 2191 ἑψεῖται
2868 2111 3000 2170 Ald.
3034 2113 3259 2172 Deinde
3285 2114 3420 2174 libri

1893 2198 1982 2259 ὅτε
2008 2203 2083 2260 tx.
2121 2202 2192 2262 Θ.
2232 2198 2360 2278 ἔχει.
2390 2205 2462 2258 V.
2492 2199 2623 2258 Ald.
2653 2195 2797 2278 ἔχον.
2829 2199 3030 2258 Codex
3052 2202 3421 2262 Taurinensis

1902 2310 1922 2347 ι
1937 2290 2033 2363 65,
2058 2289 2158 2347 sol.
2195 2307 2325 2363 122,
2351 2288 2506 2366 apud
2527 2292 2773 2363 Peyron.
2800 2287 2872 2345 ad
2891 2291 3081 2364 Etym.
3101 2293 3178 2346 Μ.
3205 2310 3261 2366 p.
3282 2290 3421 2366 896,

1894 2379 2085 2458 ἑψηθῇ.
2106 2413 2172 2424 -
2202 2375 2275 2433 50
2313 2372 2570 2456 ἐξαιρεθὲν
2596 2374 2802 2452 μέλιτος
2835 2372 3099 2442 ἱπιθίντος
3130 2375 3263 2455 (scr.
3297 2378 3421 2436 ἔπι-

1894 2460 2170 2543 χυθόντος)
2214 2461 2561 2543 παρατίθεται
2600 2463 2672 2523 Θ.
2716 2462 2913 2520 Codex
2944 2463 3313 2522 Taurinensis
3349 2465 3423 2532 εἰς

1899 2555 2093 2633 βρῶσιν
2118 2548 2296 2609 addit.
2319 2555 2529 2610 —Post
2557 2551 2629 2608 52
2654 2547 2815 2608 addit
2841 2549 2971 2608 ald.
2993 2548 3181 2616 ἄλλως.
3206 2553 3326 2632 θρῖα
3352 2549 3422 2610 τὰ

1897 2641 2070 2723 φύλλα
2099 2642 2194 2711 τ’ῆς
2217 2642 2399 2710 συκῆς.
2442 2637 2533 2696 καὶ
2574 2635 2714 2719 θρῖόν
2740 2638 2856 2696 ἐστι
2887 2634 3169 2715 σκεύασμά
3204 2659 3258 2696 τι
3294 2637 3423 2720 παρ’

1896 2729 2212 2805 Ἀθηναίοις,
2235 2729 2264 2790 8
2286 2725 2674 2809 περιλαμὸάνει
2712 2724 2847 2785 ὕειον
2887 2724 3046 2807 στέαρ
3082 2724 3173 2783 καὶ
3200 2724 3421 2807 ἐρίφειον

1896 2818 1987 2879 καὶ
2018 2818 2292 2898 σεμίδαλιν
2320 2814 2410 2876 καὶ
2443 2814 2585 2893 γάλα
2603 2857 2621 2891 ,
2647 2813 2739 2872 καὶ
2764 2810 3088 2881 λεκυθώδους
3120 2811 3267 2891 ὠμὸν
3293 2813 3423 2895 πρὸς

1894 2906 1958 2966 τὸ
1984 2905 2281 2987 πήγνυσθαι
2299 2951 2317 2981 ,
2344 2903 2434 2964 καὶ
2452 2901 2616 2968 οὕτως
2648 2903 2718 2968 εἰς
2744 2900 2918 2982 φύλλα
2964 2904 3128 2972 συκῆς
3149 2900 3424 2978 ἐμὸαλλό-

1898 3018 2053 3074 μενον
2076 2994 2289 3068 ἥδιστον
2324 2991 2569 3051 ἀποτελεῖ
2597 2992 2804 3070 βρῶμα.
2833 2987 2972 3047 οὕτω
3011 2989 3256 3065 Δίδυμος.
3296 2990 3424 3048 ἕκα-

1895 3084 2037 3141 λεῖτο
2072 3082 2128 3142 δὲ
2170 3079 2260 3140 καὶ
2302 3078 2437 3149 ἄλλη
2479 3100 2558 3143 τις
2603 3076 2858 3135 σκευασία
2902 3080 3042 3156 θρῖον
3074 3120 3093 3151 ,
3139 3074 3425 3158 ἐγκέφαλος

1898 3168 2033 3247 μετὰ
2054 3169 2219 3250 γάρου
2247 3167 2337 3227 καὶ
2358 3169 2516 3248 τυροῦ
2545 3163 2921 3242 σκευαζόμενος
2960 3162 3051 3223 καὶ
3090 3164 3424 3245 ἑλισσόμενος

1896 3260 1951 3317 ἐν
1976 3257 2188 3340 φύλλοις
2210 3260 2374 3326 συκῇς
2395 3253 2487 3312 καὶ
2513 3250 2833 3330 ὀπτώμενος.
2857 3252 2970 3309 ἐπεὶ
3005 3251 3092 3310 ἐπὶ
3116 3252 3327 3334 φύλλων
3354 3253 3423 3314 τὰ

1894 3345 2106 3425 τεμάχη
2130 3342 2430 3423 βαλλόμενα
2459 3342 2821 3419 βαστάζονται.
2848 3337 2967 3421 περὶ
3003 3335 3060 3397 δὲ
3081 3340 3222 3420 θρίου
3247 3340 3339 3400 καὶ
3365 3343 3420 3402 ἐν

1898 3431 2197 3514 Βατράχοις
2222 3429 2425 3510 εἴρηται
2451 3431 2506 3488 ἐν
2531 3429 2608 3510 τῷ
2633 3454 2658 3480 «ι
2680 3428 2803 3486 ἀλλ’
2832 3424 3153 3507 ἀπολέσαιμ’
3179 3425 3242 3487 ἂν
3266 3430 3422 3508 ἐγκε-

1896 3522 2064 3605 φάλου
2087 3519 2214 3601 θρίω
2254 3516 2362 3579 δύο.
2385 3547 2409 3573 n
2450 3520 2615 3579 lllata
2652 3530 2786 3576 sunt
2816 3537 2890 3575 ex
2928 3515 3107 3576 Suida
3144 3537 3188 3576 s.
3220 3517 3420 3600 Θρίον,

1895 3620 2064 3668 aucta
2084 3607 2272 3666 inutili
2292 3604 2611 3686 appendice
2635 3604 2858 3663 deloco
2884 3607 3194 3663 Ranarum.
3217 3606 3422 3666 Suidas

1895 3710 2089 3755 autem
2116 3695 2361 3772 sum'psit
2393 3714 2463 3753 ex
2497 3692 2717 3751 scholio
2756 3693 3006 3752 Achai-n.
3043 3712 3209 3750 1100.
3237 3698 3419 3753 Dum.

1976 3784 2122 3862 956,
2152 3803 2186 3841 2
2229 3784 2333 3843 Κλ.
2372 3779 2517 3859 λέγει
2541 3786 2632 3855 V.,
2667 3799 2784 3839 om.
2811 3785 2881 3840 G.
2905 3778 3007 3860 γὰρ
3046 3799 3162 3839 om.
3199 3781 3272 3841 Θ.
3291 3819 3357 3833 —
3385 3784 3419 3842 3

1895 3869 1982 3930 διὰ
2015 3875 2163 3951 βῆμα
2189 3875 2262 3930 v.

1977 3959 2092 4035 958
2119 3976 2232 4016 om.
2261 3957 2333 4016 Θ.

1978 4048 2115 4123 963,
2157 4066 2227 4104 ιο
2260 4041 2557 4126 Ἡρόδοτος.
2596 4043 2847 4102 Phainus
2891 4042 3126 4101 videtur
3168 4057 3424 4103 transtu-

1894 4134 2027 4192 lisse
2066 4134 2137 4191 ad
2167 4132 2585 4211 Hippemolgos
2628 4150 2752 4208 quae
2788 4128 2960 4188 tradit
2985 4130 3315 4190 Herodotus
3348 4130 3423 4191 de

1893 4221 2229 4299 Arimaspis.
2274 4225 2581 4278 Donamus.
2622 4219 2740 4285 τοὺς
2776 4214 3020 4295 Μολγοῦς
3061 4218 3318 4277 additum
3348 4240 3422 4280 ex

1893 4310 2050 4369 9.-
2072 4329 2135 4366 11
2160 4306 2196 4380 ἢ
2220 4307 2339 4373 πέν.
2363 4308 2518 4367 Θ.-
2550 4316 2613 4376 14
2646 4305 2785 4365 οὕτω
2808 4303 3418 4383 δοκεῑΘ.ἅι·ου-πόλει;

1893 4397 2235 4470 Brunckius‚
2254 4394 2538 4475 probatus
2557 4395 2803 4472 Bergkio
2823 4392 2895 4451 ad
2911 4393 3052 4470 frag.
3076 4397 3178 4452 Ar.
3199 4413 3258 4471 p.
3289 4414 3417 4470 100,

1894 4486 1997 4562 qui
2021 4495 2354 4561 sequentem
2391 4502 2656 4554 versum,
2696 4483 2842 4540 alius
2874 4499 3135 4558 personae
3173 4500 3419 4560 respon-

1893 4592 2042 4645 sum,
2075 4572 2156 4630 ita
2203 4570 2454 4629 restituit
2483 4590 2497 4626 :
2527 4567 2684 4646 Ἐμοὶ
2720 4566 2816 4646 μὲν
2854 4564 3014 4625 αἵνειν
3058 4565 3281 4647 μολγόν;
3324 4569 3421 4628 οὐκ

1895 4658 2152 4731 ἀκήκοας,
2181 4659 2255 4719 Θ.
2283 4677 2398 4716 om.
2445 4658 2557 4715 οὐκ.
2582 4693 2646 4704 -
2683 4676 2749 4727 ¹7
2793 4652 3026 4727 τούτοις,
3069 4654 3421 4713 comicis..-

1901 4767 1922 4803 1
1936 4766 1974 4823 9
2000 4746 2096 4805 οὐκ
2115 4765 2230 4804 om.
2250 4747 2323 4806 Θ.
2344 4746 2604 4821 ἀλκμαῖον
2624 4744 2696 4806 Θ.
2729 4742 2978 4802 Cornicis
3001 4739 3194 4820 μολγός
3213 4741 3421 4801 tribuit

1892 4834 2129 4910 Suidas,
2154 4851 2273 4890 non
2307 4828 2524 4909 μόλγης.
2545 4865 2608 4879 -
2632 4849 2706 4887 20
2723 4827 2861 4887 οὕτω
2885 4825 3189 4911 Σωκράτης.
3208 4830 3417 4889 Procul

1893 4918 2075 4978 dubio
2094 4917 2496 4996 corrigendum
2527 4914 2690 4983 οὕτως
2715 4920 2744 4975 ὁ
2776 4915 3007 4996 Κράτης.
3033 4922 3234 4976 Crates
3261 4918 3417 4977 enim

1892 5007 2298 5085 grammaticus
2333 5006 2704 5084 intelligitur,
2735 5018 2795 5065 et
2830 5006 3072 5065 aliorum
3113 5017 3414 5084 poetarum

1893 5096 2178 5172 interpres
2202 5108 2257 5153 et
2281 5094 2536 5153 Hesiodi.
2582 5097 2957 5153 Vacuna-
3018 5093 3091 5151 ad
3138 5092 3410 5154 phoeniss.
