3859 5725
450 295 564 349 490

447 417 719 479 Correxit
747 413 1011 477 Dindorf.
1039 432 1112 473 ex
1135 412 1314 474 schol.
1338 411 1499 470 Pacis
1526 431 1690 484 1071.
1714 444 1789 456 —
1828 412 1867 469 8
1887 412 1981 467 τοῦ

450 505 674 573 Βάκιδος
692 508 783 563 τοῦ
807 507 1039 565 Βοιωτοῦ
1055 510 1128 564 V.

528 598 678 674 966,
733 615 800 652 12
844 592 1033 661 ἄλλως.
1070 590 1233 657 οὕτως
1260 592 1333 654 V.
1367 634 1431 649 ...
1478 590 1547 648 13
1584 587 1646 647 τὸ
1680 587 1981 646 λυσιτελοῦν

449 684 689 851 ν96181,
718 773 788 830 16
811 769 1111 850 legebatur
1139 769 1239 827 hic
1262 779 1322 827 et
1354 764 1506 825 infra
1527 766 1599 831 εἷς
1622 762 1682 823 τὸ
1707 787 1764 840 μ.
1784 760 1979 821 κτίσαι.

450 866 788 923 Cori-ectum
815 882 888 921 ex
907 859 1178 917 Athenaeo
1201 860 1265 931 5,
1291 877 1346 936 p.
1375 876 1522 932 219,
1554 866 1613 912 et
1644 853 1820 913 Suida
1844 873 1891 912 s,
1916 852 1982 910 Et

447 951 511 1011 τὸ
534 949 711 1029 μέσον.
749 996 812 1008 .-
854 967 928 1008 22
970 942 1175 1014 λύκους.
1221 944 1342 1014 τοὺς
1380 946 1625 1026 γέροντας
1653 943 1725 1003 V.
1758 940 1986 1000 Deinde

448 1039 788 1099 Dindorfius
810 1035 1217 1114 corrigendum
1246 1047 1412 1114 putat
1432 1054 1580 1115 φησι.
1617 1038 1858 1110 μιμεῖται
1886 1060 1982 1086 —-.

529 1135 679 1205 974,
712 1147 782 1199 27
814 1124 943 1208 φησὶ
981 1145 1095 1182 0111.
1120 1128 1191 1183 Β.
1215 1124 1305 1184 Ad
1331 1144 1383 1182 v.
1420 1123 1534 1199 976
1562 1122 1620 1179 in
1645 1125 1715 1179 V.
1748 1118 1987 1199 Ἀριστο-

450 1212 623 1298 ιράνης
642 1214 702 1275 τὸ
716 1217 777 1274 ἔκ
794 1221 886 1274 τοῦ
902 1210 1293 1291 ἀναλαμὸάνειν
1310 1210 1616 1291 γελοιάζειν,
1639 1227 1763 1288 quae
1784 1228 1897 1266 om.
1912 1213 1985 1266 G.

532 1306 682 1381 978,
729 1307 803 1363 30
854 1300 1169 1374 αὐξήσεσθαι
1206 1308 1278 1362 Β.
1328 1303 1401 1363 V.
1445 1347 1508 1359 ...
1549 1302 1622 1358 32
1674 1295 1730 1357 δὲ
1767 1318 1883 1357 0111.
1914 1302 1985 1354 V.

450 1391 667 1451 Eadem
686 1413 814 1470 quae
829 1397 902 1451 R.
922 1391 1137 1450 omittit
1154 1394 1223 1452 G.
1242 1389 1506 1466 Ἱππεῦσι,
1526 1386 1628 1447 uhi
1652 1388 1786 1448 vide
1804 1386 1985 1462 schol.

451 1479 525 1539 ad
558 1500 727 1538 1010.

528 1569 669 1645 983,
698 1571 770 1639 37
796 1566 1039 1649 χρησμὸν
1059 1587 1177 1627 0111.
1205 1571 1278 1626 Β.
1300 1563 1574 1647 χρησμούς
1598 1568 1669 1629 G.

528 1657 647 1734 984
684 1658 824 1717 Σπλ.
858 1657 1126 1734 ἐπιθυμεῖν
1161 1661 1232 1715 Β.

570 1745 672 1822 88,
702 1748 776 1821 39
794 1745 1156 1825 χρησμολογεῖ
1173 1749 1245 1806 Β.
1272 1744 1345 1806 V.
1374 1776 1447 1792 -
1478 1751 1553 1812 44
1579 1761 1647 1820 sq
1690 1739 1989 1819 Σύμμαχος

445 1875 513 1891 ...
575 1855 600 1890 ν
633 1832 830 1891 addita
860 1852 933 1891 ex
969 1837 1073 1906 R.,
1118 1832 1333 1911 quibus
1367 1831 1566 1891 verbis
1600 1849 1638 1888 0
1658 1830 1827 1888 nissis
1857 1828 1987 1887 Ald.

449 1931 587 1999 post
614 1918 855 1998 μανιώδη
888 1919 1020 2001 φησί
1056 1919 1231 1979 habet
1264 1919 1352 1980 τὸν
1377 1917 1630 1990 Διοπείθη
1656 1916 1747 1976 τὸν
1774 1916 1987 1998 ῥήτορα.

448 2009 624 2078 -45
653 2011 723 2075 ὡς
753 2007 845 2067 καὶ
877 2008 1007 2068 Ald.
1030 2054 1094 2067 ...
1122 2009 1195 2079 46
1235 2006 1597 2067 scribebatur
1627 2002 1987 2086 Ἆμφικτυόσι.

449 2131 530 2143 —
558 2098 635 2168 48
668 2117 752 2176 sq.
789 2097 1148 2158 scribebatur
1180 2095 1313 2178 ἀνὴρ
1340 2139 1406 2154 ...
1431 2097 1779 2176 μεταδραμῶ.
1821 2092 1986 2151 Conf.

449 2186 704 2247 Lobeck.
751 2187 1034 2265 Aglaoph.
1074 2207 1132 2265 p.
1167 2186 1303 2263 981.
1335 2223 1400 2238 -
1425 2184 1501 2242 50
1540 2182 1725 2262 Κόννῳ
1750 2182 1990 2241 Florens

450 2265 827 2335 Christianus».
863 2273 1193 2353 Legebantur
1213 2275 1407 2352 Κοινῷ.
1429 2318 1493 2331 ...
1514 2271 1582 2329 51
1613 2267 1760 2329 αὐτοὶ
1789 2266 1989 2328 διδόασ’

450 2361 592 2445 ᾄδειν
639 2361 939 2421 Dobraeus.
993 2361 1318 2442 Legebamr
1356 2361 1531 2428 αὐτοῖς
1582 2357 1815 2418 δίδοσθαι
1863 2357 1987 2416 δεῖν.

448 2451 830 2512 Schneiderus
851 2458 936 2510 De
961 2451 1163 2511 scholl.
1182 2449 1475 2531 Aristoph.
1502 2469 1562 2530 p.
1585 2449 1665 2509 65
1685 2447 1834 2507 αὐτοί
1859 2470 1989 2530 φασι

449 2540 707 2602 δεδόσθαι.
1194 2575 1224 2607 τ

530 2628 669 2696 994,
698 2639 767 2678 12
798 2617 908 2679 Καὶ
934 2619 1148 2697 δίδυμος
1168 2642 1229 2679 ου
1256 2619 1311 2679 τί
1332 2626 1404 2679 Β.
1425 2622 1490 2681 Δ.
1519 2619 1580 2679 οὗ
1608 2618 1737 2699 πρὸς
1758 2617 1819 2678 τὸ
1841 2617 1895 2677 τί
1917 2623 1989 2677 V.

448 2707 595 2767 τουτὶ
619 2711 688 2768 G.
708 2753 771 2766 ...
805 2708 873 2766 13
895 2708 979 2766 ἐπ.
1004 2712 1096 2767 τοῦ
1129 2711 1246 2767 θεοῦ
1274 2712 1344 2769 G.
1366 2707 1678 2785 Sequentia
1695 2726 1809 2765 om.
1829 2711 1900 2765 R.
1917 2710 1989 2767 G.

452 2798 642 2858 Verba
670 2789 775 2858 οἷον
794 2845 860 2858 ...
879 2797 1037 2881 πάρει
1063 2798 1242 2858 habet
1267 2804 1341 2859 V.
1370 2804 1551 2858 Dum.

529 2918 681 2973 997,
740 2917 808 2969 17
860 2894 1128 2955 τουτέστιν
1183 2902 1256 2957 R.
1299 2901 1371 2955 V.
1412 2942 1476 2955 ...
1527 2896 1596 2953 18
1636 2893 1885 2974 ἀνάθημά
1938 2918 1990 2954 τι

448 2984 653 3046 Suidas
715 3005 762 3045 S.
811 2984 1021 3043 Μέτων.
1074 2984 1391 3063 ἀναθήματα
1427 2990 1498 3045 Β.
1536 2981 1775 3060 ἀνάθεμά
1818 3008 1872 3043 τι
1913 2988 1986 3045 V.

448 3072 570 3132 Ald.
606 3119 669 3132 ...
711 3093 783 3149 ¹9
818 3071 1194 3154 ἀστρονομικόν
1235 3074 1458 3132 Suidas.
1494 3070 1584 3131 τὸν
1632 3071 1799 3149 δῆμον
1828 3077 1895 3131 V.
1929 3086 1990 3132 et

448 3162 765 3221 deteriores
797 3161 933 3221 libri
979 3162 1190 3221 Suidae.
1226 3196 1307 3208 —
1349 3182 1425 3220 20
1456 3165 1612 3219 τοῦτο
1643 3158 1740 3239 μὲν
1783 3151 1872 3220 οὗν
1913 3163 1987 3223 V.

449 3248 505 3308 δὲ
530 3270 638 3328 pro
672 3249 776 3331 γὰρ
804 3251 931 3309 Ald.
970 3251 1155 3311 Libri.
1195 3247 1496 3311 Λευκωνέα.
1535 3282 1614 3295 -
1657 3252 1731 3308 23
1759 3256 1853 3310 τοῦ
1880 3250 1989 3309 ad-

449 3337 598 3397 didit
651 3338 1005 3398 Dindorfius.
1076 3340 1235 3399 Idem
1283 3340 1356 3398 de
1397 3339 1490 3397 his
1531 3337 1782 3396 conferri
1816 3338 1989 3417 jubet

447 3425 657 3485 Ideler.
681 3426 742 3483 in
785 3430 1195 3487 Commentatt.
1235 3427 1554 3485 Academiae
1591 3427 1778 3485 Berol.
1818 3428 1988 3500 1814,

448 3533 509 3592 p.
538 3515 672 3589 239,
694 3515 832 3572 etin
854 3514 1005 3573 libro
1034 3519 1124 3573 De
1156 3515 1535 3594 chronologia
1556 3515 1666 3572 vol.
1697 3535 1748 3587 1,
1769 3534 1827 3592 p.
1850 3515 1986 3590 326,

450 3612 511 3658 et
543 3604 605 3660 C.
641 3604 716 3659 Ο.
742 3601 972 3660 Miiller.
1008 3602 1068 3660 in
1101 3605 1410 3681 Ephemer.
1433 3599 1907 3678 Gottingensibus
1932 3622 1985 3660 a.

456 3691 629 3761 1822,
664 3689 763 3748 fol.
788 3698 883 3761 47,
908 3708 969 3766 p.
988 3689 1124 3766 459.
1150 3723 1225 3735 -
1250 3692 1324 3748 26
1345 3699 1451 3749 πᾶν
1471 3680 1516 3770 ᾧ
1534 3686 1986 3768 περιλαμὸάνεται

446 3775 746 3843 Dobraeus.
780 3776 1107 3854 Legebatur
1141 3775 1324 3837 ἐπάνω
1370 3773 1868 3858 παραλαμὸάνεται.
1905 3812 1987 3826 —

449 3883 521 3936 27
558 3855 620 3924 οὗ
657 3863 958 3924 Dobraeus.
1004 3864 1331 3942 Legebatur
1374 3868 1424 3923 ὁ.
1473 3868 1688 3924 Sensus
1727 3875 1846 3934 cst,
1887 3866 1985 3924 alii

447 3965 713 4030 quaerunt
735 3973 809 4010 an
846 3952 955 4010 sita
987 3953 1157 4010 suerit
1192 3973 1350 4031 pnyx
1371 3954 1433 4011 in
1467 3952 1636 4011 demo
1660 3953 1909 4026 Colono,
1953 3974 1984 4012 a

447 4061 568 4120 quo
587 4041 846 4100 diversus
867 4041 1039 4100 fuerit
1056 4041 1200 4099 alter
1219 4043 1472 4102 Colonus
1491 4045 1520 4100 ὁ
1538 4040 1756 4118 μίσθιος.
1781 4039 1985 4121 μίσθιος

447 4130 732 4189 Meursius
765 4131 951 4207 Reliq.
982 4131 1148 4188 Attic.
1183 4150 1309 4208 cap.
1344 4133 1399 4190 6.
1428 4129 1754 4208 Legebatur
1781 4132 1981 4211 μίσθος.

447 4218 579 4277 vid.
610 4223 958 4297 Harpocrat.
988 4238 1033 4277 s.
1074 4216 1397 4285 Κολωνίτας.
1438 4262 1501 4275 .-
1540 4221 1616 4277 30
1644 4220 1699 4277 ἐν
1737 4229 1844 4290 τοῖς
1871 4226 1984 4302 ὁρι-

446 4313 615 4384 σμοῖς.
640 4308 789 4366 Vide
815 4306 1062 4365 Casauh.
1087 4306 1159 4364 ad
1192 4307 1404 4367 Athen.
1440 4327 1530 4377 12,
1548 4327 1605 4385 p.
1630 4307 1744 4379 540
1763 4353 1778 4381 ,
1810 4315 1881 4369 D.
1906 4353 1983 4365 .-

446 4397 522 4454 33
573 4399 827 4480 φροντιῶν
885 4396 1241 4456 Βίῃάοτίὶιιε.
1299 4396 1627 4475 Legebantur
1678 4399 1982 4481 φροντίζων.

446 4484 641 4556 ταύτης
670 4484 886 4542 omittit
914 4484 1119 4543 Suidas
1148 4505 1191 4543 s.
1218 4483 1429 4543 Μέτων.
1459 4484 1794 4554 Λευκονοιεὺς
1818 4490 1889 4550 V.
1925 4502 1984 4547 et

445 4572 665 4630 Suidas.
711 4567 1031 4639 Λευκωνιεὶις
1078 4572 1205 4631 Ald.
1256 4572 1481 4633 Deinde
1525 4572 1822 4652 legebatur
1864 4565 1981 4635 οἶδα

445 4649 566 4736 (οἶδ’
591 4658 817 4731 Suidas)
843 4662 872 4717 ὁ
899 4656 1008 4727 τάς.
1043 4650 1161 4719 οἷοα
1188 4660 1263 4718 ab
1289 4660 1530 4719 librario
1558 4662 1819 4721 additum
1839 4684 1977 4723 cen-

445 4746 608 4806 sebat
636 4745 992 4806 Dindorfius.
1024 4748 1208 4807 Aliter
1231 4748 1354 4818 alii3
1395 4768 1449 4805 v.
1475 4750 1717 4808 Meinek.
1744 4754 1907 4811 Com.
1932 4757 1982 4825 Ι,

445 4854 507 4911 p.
533 4834 664 4911 589.
697 4866 769 4879 -
805 4834 880 4892 35
905 4833 1142 4916 Χαὸρίου
1170 4835 1482 4895 Bentleius.
1524 4837 1846 4917 Legebatur
1865 4863 1981 4921 χω-

448 4920 576 5002 ρίου.
601 4924 673 4990 ὣς
696 4920 919 4981 addidit
939 4921 1242 4983 Dobraeus.
1278 4921 1515 5006 εἴρηται,
1551 4925 1611 4984 ἰ11
1640 4941 1982 5005 argumento

448 5010 673 5071 fabulae.
702 5044 783 5056 --
819 5011 894 5068 36
930 5033 1098 5089 κατεμ
1175 5009 1409 5081 ανήσατο
1444 5013 1671 5073 Suidas.
1708 5013 1846 5075 κατὰ
1872 5040 1983 5093 μη-

446 5095 614 5179 χανὴν
663 5095 794 5166 τίως
831 5095 909 5177 (τε
941 5095 1040 5175 V.)
1079 5033 1243 5159 offiium
1282 5105 1354 5162 V.
1394 5097 1520 5160 Ald.
1547 5133 1628 5145 —
1652 5103 1720 5176 37
1759 5124 1978 5165 κατεσκ.

1567 272 2022 339 ΑΒΝΟΤΑΤΙΟ
2059 270 2144 332 IN
2183 274 2452 338 scnot..

2072 407 2218 488 αὐτῷ
2247 429 2361 468 0111.
2388 414 2463 469 V.
2501 442 2577 453 —
2615 412 2690 469 38
2718 408 3019 488 legebatur
3057 413 3134 492 τῷ
3173 411 3344 494 δήμῳ.
3395 415 3634 476 Eadem

2070 501 2397 576 corruptela
2433 499 2614 561 schol.
2648 506 2794 561 Rau.
2827 502 2919 560 86.
2949 501 3334 562 scribendum
3367 503 3490 586 γὰρ
3523 524 3637 584 pro

2072 583 2146 662 δὲ,
2165 598 2232 644 ut
2255 607 2429 665 supra
2458 589 2495 647 l.
2527 608 2623 647 20.
2656 589 2792 650 Ald.
2831 591 3133 651 Λευκωνέα.
3158 596 3341 650 Dum.

2158 698 2339 750 1001,
2376 679 2562 748 41-43
2601 680 2871 758 proximo
2914 681 3139 739 scholio
3193 682 3520 760 postponit
3565 686 3638 740 R.

2072 767 2309 843 praefixo
2337 765 2530 843 ἄλλως,
2561 767 2818 829 scribens
2838 768 2940 837 Ὦς
2962 767 3175 847 πνιγεὺς
3189 761 3279 829 οὖν
3304 770 3642 854 περίκειται.

2075 888 2148 900 -
2184 858 2256 922 13
2303 854 2359 915 δὲ
2401 848 2547 923 οὗτος
2581 861 2610 918 ὁ
2651 858 2781 919 iud.
2825 894 2889 905 -
2938 859 3014 928 45
3050 858 3288 941 καθάπερ
3309 865 3385 920 n.
3423 900 3518 914 -.
3563 860 3641 928 46

2073 942 2202 1026 φησὶ
2224 949 2292 1003 V.
2320 946 2478 1026 φησὶν
2506 950 2535 1006 ὁ
2567 944 2719 1020 Ald„
2747 947 2908 1025 quod
2936 967 3053 1006 om.
3075 954 3148 1008 R.

2162 1035 2329 1093 1005.
2360 1035 2635 1094 Scholion
2656 1036 2769 1095 hoc
2794 1056 2910 1095 om.
2927 1041 3000 1096 V.

2164 1141 2332 1197 1009,
2365 1130 2396 1190 4
2426 1124 2455 1180 ὁ
2481 1123 2553 1183 Θ.
2578 1114 2725 1191 οὗτός
2752 1124 2914 1198 ἔστιν,
2946 1125 2980 1182 5
3004 1147 3173 1203 γεωμ.
3203 1124 3539 1207 περιὸόητος
3570 1130 3643 1184 Β.

2165 1212 2335 1280 1013,
2372 1230 2438 1269 10
2460 1212 2522 1270 ἐκ
2541 1212 2933 1292 Λακεδαίμονος
2952 1213 3082 1274 AJd.
3109 1255 3190 1267 —
3217 1235 3240 1272 1
3258 1235 3280 1272 1
3313 1213 3642 1286 ξενηλασίας

2076 1297 2254 1377 γέγονε
2273 1303 2366 1371 V.‚
2389 1298 2549 1377 quod
2572 1302 2634 1359 in
2653 1301 2925 1380 γεγονυίας
2943 1302 3284 1361 mutandum
3310 1303 3496 1375 soret,
3524 1303 3642 1362 nisi

2076 1406 2148 1445 ex
2179 1388 2400 1446 scholio
2434 1389 2710 1448 inferiore
2736 1391 2961 1449 illatum
2987 1391 3303 1450 videretur.
3325 1395 3530 1449 Dum.
3557 1421 3644 1436 --

2084 1498 2152 1534 12
2180 1474 2434 1544 σιτοδείας
2461 1482 2533 1534 V.
2565 1479 2785 1544 σποδιᾶς
2804 1479 2938 1537 Ald.
2975 1493 3032 1536 et
3066 1478 3269 1537 Suidas
3288 1499 3333 1537 s.
3367 1477 3633 1550 Ξενηλα·

2075 1572 2198 1622 τεῖν.
2222 1607 2284 1617 ..-
2318 1566 2387 1623 13
2426 1568 2493 1643 τῇ
2523 1586 2638 1625 0111.
2666 1572 2734 1625 V.
2754 1570 3046 1648 τριακοστῇ
3074 1564 3124 1637 ς’
3152 1572 3223 1626 R.
3244 1573 3365 1626 Aut
3395 1566 3500 1624 hic
3530 1588 3640 1624 nu-

2079 1672 2290 1726 merus,
2318 1674 2487 1731 quem
2516 1675 2633 1713 om.
2669 1655 2825 1729 Ald„
2855 1668 2957 1715 aut
2985 1658 3254 1737 superior
3279 1667 3630 1734 corruptus.

2075 1740 2315 1799 Videtur
2339 1742 2625 1820 superior.
2653 1748 2834 1802 Dum.
3229 1805 3236 1811 ,

2163 1848 2346 1903 1020,
2377 1833 2453 1889 23
2481 1825 2564 1888 ὅτι
2587 1832 2644 1890 οὗ
2680 1829 3070 1912 γεωμετρήσεις
3097 1835 3171 1892 V.
3202 1828 3334 1891 Ald.

2166 1936 2307 1974 1021
2331 1960 2349 1989 ,
2395 1937 2472 1995 29
2504 1918 2954 1998 Σαρδανάπαλλος
2982 1919 3353 1979 scribendum
3383 1918 3632 1996 ubique.

2076 2042 2158 2055 --
2178 2004 2252 2061 32
2280 2003 2371 2063 καὶ
2403 2006 2707 2087 μυρίζεσθαι
2737 2029 2851 2068 om.
2879 2010 3010 2068 Ald.
3041 2022 3102 2067 et
3131 2008 3333 2066 Suidas
3366 2028 3414 2066 s.
3458 2007 3633 2087 Σαρδ·

2077 2124 2153 2140 --
2178 2092 2252 2162 34
2271 2094 2741 2175 πεπυρπολημὲνος
2766 2104 2838 2158 G.
2861 2100 2941 2178 τῷ
2968 2096 3097 2178 οἴκῳ
3125 2102 3197 2155 Β.
3229 2101 3303 2155 V.
3334 2133 3398 2146 —
3431 2097 3512 2155 35
3543 2095 3634 2156 ἐπὶ

2076 2181 2153 2261 τῷ
2167 2187 2233 2240 V.
2258 2182 2392 2244 Ald.
2414 2189 2500 2242 De
2521 2185 2898 2263 inscriptione
2915 2187 3168 2264 sepulcri
3190 2186 3634 2245 accuratissime

2077 2271 2350 2331 disseruit
2377 2273 2610 2331 Naekius
2632 2273 2691 2331 in
2713 2272 2864 2332 libro
2891 2274 2963 2333 de
2984 2274 3239 2334 Choerilo
3265 2294 3324 2352 p.
3354 2276 3473 2333 238
3497 2294 3629 2352 sqq.

2078 2402 2155 2414 -.
2188 2362 2261 2432 37
2296 2358 2599 2439 legebatur
2623 2360 2920 2442 Ἀγχίαλον.
2953 2410 3019 2423 ..
3047 2365 3123 2441 39
3152 2376 3287 2442 post
3316 2357 3437 2429 ἄξια
3464 2361 3633 2422 addit

2077 2454 2146 2508 R.
2175 2449 2391 2532 ὡρίζετο
2418 2448 2474 2509 δὲ
2502 2440 2646 2518 οὗτος
2681 2454 2735 2511 ἐν
2777 2455 2949 2534 τρυφῇ
2990 2451 3086 2524 τὴν
3116 2451 3492 2531 εὐδαιμονίαν,
3527 2473 3630 2512 se-

2077 2538 2388 2619 quentibus
2412 2538 2657 2604 omissis..
2685 2537 3017 2611 Ἑλλάνικος.
3047 2541 3458 2600 Callisthenem
3491 2544 3550 2601 ἐν
3583 2545 3617 2621 β

2080 2633 2352 2711 Περσικῶν
2376 2632 2638 2689 nominat
2650 2631 2894 2691 Photius
2912 2636 3054 2692 Lex.
3077 2651 3135 2710 p.
3161 2630 3296 2703 500,
3323 2649 3414 2688 12.
3433 2634 3625 2689 Dum.

2078 2751 2155 2764 —
2188 2719 2259 2788 43
2296 2717 2542 2785 Κιλικίας
2571 2719 2862 2778 Gelenius.
2894 2718 3096 2788 Λυκίας
3135 2725 3206 2778 V.
3252 2719 3389 2779 Ald.
3424 2761 3512 2774 ...-
3551 2723 3625 2791 46

2077 2807 2406 2887 ἐπίγραμμα.
2435 2812 2524 2867 De
2546 2828 2665 2887 quo
2689 2808 2826 2869 vide
2849 2809 3113 2870 Naekium
3139 2828 3197 2889 p.
3232 2810 3528 2882 218-243.
3547 2843 3628 2854 -

2080 2900 2153 2956 50
2176 2896 2254 2956 8σ’
2275 2893 2468 2978 ἔφαγόν
2497 2919 2555 2955 τε
2578 2896 2669 2956 καὶ
2693 2902 2762 2956 V.

2165 3006 2311 3043 1022
2353 3007 2438 3064 sq.
2467 2982 2885 3066 λαχὼν-ἀρχὴν
2930 3004 3045 3043 0111.
3073 2989 3144 3043 R.
3178 2988 3246 3041 V.
3279 2987 3418 3042 Post
3444 2984 3624 3065 ἀρχὴν

2075 3074 2235 3134 addit
2256 3074 2382 3134 Ald.
2409 3073 2598 3139 ἄλλως.
2619 3075 2667 3133 οἱ
2691 3074 2818 3154 παρ’
2839 3071 3119 3141 Ἀθηναίων
3150 3073 3222 3139 εἷς
3249 3068 3342 3137 τὰς
3361 3074 3623 3145 ἐπηκόους

2075 3161 2252 3228 πόλεις
2293 3160 2680 3243 ἐπισκέψασθαι
2723 3162 2790 3219 τὰ
2832 3160 2956 3241 παρ’
2999 3159 3239 3227 ἑκάστοις
3282 3159 3622 3238 πεμπόμενοι

2076 3250 2351 3310 ἐπίσκοποι
2395 3250 2486 3309 καὶ
2528 3247 2754 3332 φύλακες
2793 3250 3104 3308 ἐκαλοῦντο·
3145 3247 3234 3314 οὓς
3284 3251 3333 3307 οἱ
3370 3249 3621 3316 Λάκωνες

2075 3337 2341 3420 ἁρμοστὰς
2369 3336 2566 3417 ἔλεγον.
2615 3341 2756 3413 Quae
2784 3357 2855 3396 ex
2885 3336 3062 3398 Suida
3092 3338 3340 3415 sumpsit
3370 3357 3419 3395 s.
3455 3337 3620 3399 Ἐπί-

2076 3449 2289 3492 σκοπος.

2163 3513 2332 3587 1035,
2361 3534 2423 3571 11
2448 3514 2508 3572 οὗ
2525 3514 2590 3573 V.
2608 3534 2718 3593 pro
2744 3504 2909 3580 οὗτος.
2925 3515 3156 3591 μελετῶν
3185 3510 3274 3572 τὸν
3293 3511 3455 3591 νόμον
3470 3510 3532 3572 ὃν
3549 3521 3618 3573 G.

2163 3611 2334 3674 1042,
2373 3623 2443 3679 19
2468 3617 2605 3683 post
2630 3602 2783 3671 πόλις
2808 3603 2970 3663 addit
2997 3608 3063 3663 V.
3091 3593 3155 3677 ἦν
3177 3601 3232 3662 δὲ
3252 3603 3343 3662 καὶ
3366 3603 3482 3683 (καὶ
3502 3625 3619 3663 0111.

2075 3695 2170 3761 G.)
2198 3689 2300 3748 ὑπὸ
2329 3683 2487 3750 Ἄθω.

2163 3782 2311 3847 1046
2342 3781 2413 3845 εἰς
2440 3777 2504 3837 τὸ
2527 3798 2640 3837 om.
2661 3783 2734 3837 V.

2161 3877 2307 3941 1047
2328 3913 2346 3941 ,
2393 3868 2467 3924 26
2513 3864 2851 3945 ἀναγομένων
2882 3868 2950 3926 G.
2982 3899 3061 3910 -—
3102 3866 3178 3924 28
3217 3866 3396 3938 Μ’ἥνες
3425 3865 3623 3927 fabula

2072 3954 2304 4013 aliunde
2332 3955 2589 4013 nondum
2613 3956 2865 4031 cognita.
2884 3988 2963 3998 —
2984 3973 3061 4031 29
3080 3973 3166 4030 sq.
3190 3954 3274 4013 sic
3303 3954 3359 4012 in
3386 3954 3539 4027 Δίὰ,
3569 3956 3623 4022 ἐς

2072 4041 2159 4101 τὸν
2204 4044 2529 4123 μουνιχιῶνα
2565 4065 2581 4100 1
2620 4044 2669 4109 ἐς
2706 4041 2796 4100 τὸν
2843 4044 3292 4123 μαιμοοιτηριῶνα
3335 4041 3438 4123 γάρ
3484 4044 3622 4102 εἶσιν

2073 4134 2127 4190 αἱ
2156 4155 2190 4190 κ
2228 4177 2239 4189 .

2159 4153 2306 4276 1653
2348 4237 2465 4277 0111.
2505 4222 2574 4279 V.
2609 4216 2956 4288 ἀποπάτησας
2994 4218 3236 4277 fortasse
3269 4231 3624 4297 corruptum

2072 4327 2144 4365 ex
2171 4305 2536 4377 ἀπεπάτησας,
2566 4305 2723 4384 quod
2748 4306 3017 4383 proximo
3040 4306 3233 4364 versui
3257 4306 3622 4385 adscriptum

2072 4396 2199 4454 fuit.
2227 4394 2318 4454 Ad
2337 4414 2393 4453 v.
2430 4395 2579 4452 1052
2602 4396 2661 4452 in
2686 4391 2957 4475 Ὺ.·ὀφειλὴ
2978 4396 3045 4473 τῇ
3064 4397 3186 4476 θεῷ,
3217 4393 3375 4473 quod
3396 4413 3515 4452 om.
3539 4400 3620 4458 G.

2071 4489 2137 4543 In
2175 4484 2247 4561 gl.
2290 4483 2364 4541 ad
2410 4504 2461 4542 v.
2507 4485 2652 4552 1054
2702 4482 2884 4541 codex
2937 4478 3284 4555 ἀποπατήσας
3334 4482 3619 4553 ἀποτίλας.

2072 4579 2257 4633 Dum.

2158 4663 2338 4731 1063,
2378 4681 2402 4718 1
2438 4659 2581 4737 λέγει
2606 4666 2820 4729 0111.,Β.
2841 4705 2859 4733 ,
2883 4664 2981 4741 qui
3017 4666 3172 4741 μῦας.
3202 4696 3267 4706 ——
3304 4681 3339 4719 2
3364 4658 3469 4747 γὰρ
3491 4686 3617 4727 om.

2070 4756 2162 4825 V.‚
2197 4751 2299 4828 qui
2327 4753 2398 4817 ὣς
2414 4748 2639 4827 λαδέγω.
2664 4753 2733 4811 G.
2761 4751 2927 4829 λαγῶ.

2157 4840 2328 4915 1065,
2360 4841 2393 4897 3
2415 4835 2642 4905 κάλυκος
2661 4838 2751 4897 καὶ
2778 4844 2847 4896 V.

2157 4929 2306 5005 1069
2344 4926 2425 4985 sic
2461 4927 2523 4984 in
2553 4931 2646 4999 R.,
2675 4926 2885 4986 Δάκετα
2921 4923 3087 5007 μικρὰ
3113 4923 3332 5008 ἑρπετὰ,
3364 4923 3594 5007 σκορπίο

2070 5017 2158 5077 καὶ
2186 5014 2255 5075 τὰ
2280 5015 2460 5076 λοιπά.
3296 5026 3306 5040 ·

2160 5126 2262 5181 107
2273 5106 2326 5181 3,
2366 5126 2436 5165 10
2463 5102 2719 5174 εὖτίλιζεν
2741 5108 2812 5164 Β.
2833 5110 2908 5165 V.
2932 5138 3010 5151 —
3045 5124 3069 5161 1
3086 5124 3114 5162 r
3134 5104 3231 5176 τῆς
3257 5100 3515 5163 additum
3530 5116 3608 5163 ex
