3859 5725
1700 227 1854 290 NUB

282 365 369 428 ἐπὶ
418 370 536 426 καθ.
588 368 659 424 R.
703 399 786 417 --
834 367 910 434 48
954 365 1298 447 διαφερόντως
1341 368 1473 428 Ald.
1517 365 1573 427 δὲ
1612 369 1702 427 καὶ
1732 373 1806 428 V.

362 456 508 525 362,
541 454 616 512 50
645 452 805 532 ἤγουν
846 455 1001 514 ἀποσ.
1038 461 1125 526 Β.,
1156 455 1217 513 in
1260 474 1378 531 quo
1410 455 1532 514 haec
1569 454 1812 533 ἤγουν-

280 543 406 622 ὁρᾷς
448 541 669 600 scholio
719 542 987 619 proximo
1033 542 1248 600 inserta
1309 555 1444 599 sunt
1490 554 1623 619 post
1671 542 1808 620 μέγα

278 636 499 709 φρονεῖς.
540 628 772 687 Omittit
791 631 855 685 V.
873 629 1027 702 ,nisi
1051 630 1208 707 quod
1230 627 1490 705 ταυρηδὸν
1520 630 1663 712 (παρ’
1691 629 1808 690 ὁδὸν

277 722 347 776 G.
350 718 369 795 )
391 724 513 800 ὁρᾶς
553 718 615 776 ἰιι
654 717 766 776 fine
791 718 991 776 scholii
1025 718 1276 795 proximi
1302 718 1483 776 habet
1510 731 1644 795 post
1672 740 1808 800 καρ-

274 804 558 883 πουμένου.
580 847 643 857 -
667 805 734 862 5ι
767 806 1167 886 μεγαλοφρονεῖς
1188 809 1340 864 V.-—
1364 825 1388 863 ι
1419 804 1805 872 ἕπιδεδωκότες.

276 890 558 968 Intelligit
590 891 921 949 scholiastes
955 890 1215 964 inflatos,
1249 893 1523 970 quoniam
1552 891 1613 950 hi
1643 893 1808 969 quasi

274 998 338 1037 se
381 979 540 1056 ipsos
585 990 811 1055 augent.
854 982 1165 1037 Ηειιιιειιιε.
1203 979 1277 1038 ad
1320 981 1515 1058 Viger.
1555 1000 1612 1057 p.
1655 981 1807 1053 738,

276 1085 330 1122 ιι.
366 1068 491 1123 ι33.
521 1064 906 1131 ἀποδεδωκότες
944 1071 1010 1124 V.
1041 1078 1098 1124 ct
1135 1066 1340 1125 Suidas
1368 1087 1412 1125 3.
1442 1063 1806 1146 Βρενθύεσθαι.

273 1185 355 1198 -
385 1155 418 1211 3
447 1151 600 1226 κενὴν
628 1158 756 1229 ἡμιν
783 1157 850 1210 V.
888 1166 946 1212 et
975 1154 1170 1213 Suidae
1204 1154 1433 1214 codices
1473 1173 1710 1227 omnes,
1754 1177 1804 1214 κ.

273 1238 545 1316 μόνονεά.
572 1239 802 1299 Mediol.
831 1274 900 1285 -
928 1249 997 1309 4-
1006 1244 1177 1299 8οιιι.
1198 1247 1268 1300 V.
1293 1242 1431 1298 -5
1458 1240 1807 1322 άνθρωποιΒ.

286 1362 356 1371 -
384 1329 418 1385 8
448 1326 610 1407 περι·
580 1324 791 1385 -εἷώθει
823 1327 1018 1387 addita
1041 1349 1115 1387 ex
1137 1327 1315 1388 Suida
1342 1350 1388 1387 s.
1417 1327 1756 1411 Τῶφθαλμώ.

358 1416 494 1486 37ι,
529 1415 595 1472 ι5
629 1411 893 1494 τὸάρχειν
926 1421 998 1473 G.
1028 1450 1086 1460 —-
1123 1417 1192 1472 16
1219 1420 1372 1474 τοῦτο
1405 1406 1471 1487 ἦν
1510 1415 1658 1497 ἔργον
1691 1436 1805 1475 οιιι.

272 1505 345 1559 V.
381 1539 446 1553 -
491 1501 556 1559 ι8
600 1502 655 1560 ἐν
695 1508 803 1567 τοῖς
841 1499 1152 1603 ἔμπροσθεν.
1191 1503 1438 1562 Videtur
1479 1503 1552 1561 ad
1592 1504 1810 1562 scholia

274 1589 482 1649 fabulae
504 1589 818 1668 deperditae
832 1591 1133 1666 respicere.
1147 1592 1323 1649 Nam
1310 1611 1369 1650 ιιι
1383 1592 1621 1650 Plutov.
1660 1612 1681 1648 1
1700 1594 1808 1650 130

273 1677 478 1759 αἰθρίαν
507 1690 773 1754 correpto
798 1678 916 1736 iota
944 1678 1169 1756 legitur.
1192 1683 1371 1736 Dum.
1394 1716 1457 1729 -
1488 1699 1664 1755 ι9-37
1699 1699 1806 1738 ex-

273 1766 491 1844 cerpsit
520 1764 728 1824 Suidas
755 1784 801 1822 s.
832 1762 1158 1831 Μύσκελλος.
1188 1765 1354 1824 Conf.
1392 1766 1636 1825 Diodor.
1666 1769 1805 1825 Exc.

274 1852 459 1910 Vatic.
481 1871 540 1930 p.
563 1873 622 1929 9,
647 1850 824 1909 toed.
848 1851 910 1909 L.
933 1851 1281 1910 Dmdorf...
1306 1852 1381 1909 35
1403 1851 1496 1911 καὶ
1518 1852 1809 1931 ἀμηχανῶν

273 1942 367 1996 Do
370 1937 578 1998 braeus.
598 1943 853 2010 Frustra,
883 1949 947 1997 ut
971 1939 1205 1997 videtur
1233 1938 1555 1999 Dindorfio.
1579 1943 1810 1998 Postre-

276 2046 372 2085 ma
392 2025 562 2103 hujus
583 2026 791 2084 scholii
811 2045 942 2103 pars
963 2026 1024 2085 in
1044 2026 1173 2085 cod.
1189 2026 1449 2087 Leidensi
1471 2027 1553 2086 sic
1575 2027 1809 2106 scripta,

274 2110 704 2196 παραγενομένου
730 2111 785 2172 δὲ
808 2115 968 2171 αὐτοῦ
990 2112 1112 2194 περὶ
1131 2112 1225 2184 τὴν
1251 2113 1483 2173 Ἰταλίαν
1507 2111 1597 2173 καὶ
1626 2135 1808 2193 μηχα-

274 2203 512 2280 νωμένου
533 2199 653 2283 περὶ
673 2199 770 2273 τὴν
794 2199 984 2270 κτίσιν,
1005 2199 1368 2283 παρακαθίσας
1389 2199 1485 2274 τὴν
1508 2200 1810 2260 παλλακίδα

276 2287 602 2371 δακρύουσαν
624 2288 715 2348 καὶ
745 2286 1085 2369 ὀδυρομένην.
1121 2288 1210 2349 καὶ
1239 2286 1387 2355 τέλος
1416 2287 1696 2349 ὑπολαὸὼν
1718 2287 1808 2348 τὸν

274 2374 516 2457 χρησμὸν
553 2372 854 2457 εἰληφέναι,
879 2374 1054 2435 ἔκτισε
1114 2375 1210 2448 τὴν
1246 2373 1418 2435 πόλιν.
1458 2411 1522 2425 -
1562 2378 1637 2436 36
1685 2374 1809 2436 ἰδὼν

276 2463 503 2522 addidit
531 2462 831 2522 Dobraeus.

360 2550 502 2623 374,
547 2552 619 2617 43
658 2571 750 2607 του
789 2548 1063 2631 φοὸεῖσθαι
1101 2548 1192 2608 καὶ
1233 2547 1533 2630 τρέμεινὙ.
1520 2590 1557 2622 .,
1587 2550 1690 2627 qui
1717 2570 1811 2610 sc-

277 2638 515 2717 quentia
546 2637 779 2696 omittit.

362 2727 515 2798 380,
572 2745 606 2783 a
652 2722 1064 2806 Ἀναξαγορείων
1106 2725 1236 2783 ΔΙὰ.
1284 2725 1474 2784 «vide
1518 2726 1810 2787 Wielandi

277 2820 543 2874 Museum
574 2814 832 2873 Atticum
862 2833 928 2887 α,
960 2815 1024 2888 3,
1056 2833 1112 2893 p.
1142 2813 1285 2872 62.»
1315 2816 1508 2873 Ηιιιιιι.

359 2904 508 2976 380,
536 2903 570 2959 3
600 2898 856 2980 Ἐγγύθεν
886 2857 940 2960 δῖ
968 2907 1039 2961 R.
1068 2906 1280 2960 Totum
1305 2903 1569 2960 scholion
1597 2923 1712 2960 om.
1738 2907 1807 2961 V.

360 2989 505 3063 385,
537 3010 608 3066 ι9
637 2988 769 3047 vide
794 2989 1059 3067 Apollon.
1090 2987 1251 3046 Alex.
1279 2993 1367 3046 De
1388 2989 1613 3065 syntaxi
1634 3008 1689 3059 2,
1722 3009 1811 3065 19,

280 3097 379 3138 30.
406 3081 598 3136 Ηιιιιιι.

363 3164 510 3236 386,
538 3165 611 3221 33
636 3163 691 3221 ἐν
714 3183 827 3222 οιιι.
853 3168 924 3223 R.
950 3170 1106 3224 V.—
1128 3165 1201 3222 35
1229 3161 1616 3243 προειρήκαμεν
1643 3160 1811 3242 (παρὰ

284 3251 490 3311 πάντων
505 3248 684 3330 ᾄδεται
704 3251 837 3310 Ald.
840 3251 875 3329 ).
898 3253 1006 3310 Hic
1024 3271 1259 3329 quoque
1275 3251 1344 3309 ad
1363 3252 1581 3309 scholia
1604 3250 1813 3309 fabulae

281 3337 523 3417 perditae
570 3339 895 3415 respicitur.
936 3344 1117 3397 Dum.
1169 3376 1230 3390 -
1272 3340 1344 3396 36
1391 3329 1480 3398 οὖν
1528 3335 1674 3419 παρὰ
1706 3345 1812 3403 τοῖς

279 3422 603 3498 Ἀθηναίοις,
634 3445 706 3497 37
736 3424 920 3484 τεθυσό
892 3447 1078 3503 ομενον
1104 3431 1175 3485 V.

364 3510 499 3584 387,
515 3513 586 3580 43
606 3509 737 3619 εἴλιξ
750 3513 880 3571 Ald.
900 3510 1039 3590 ἴλιγξ
1055 3513 1324 3572 Suidass.
1342 3510 1810 3596 Διεκορκορύγησε

278 3636 344 3649 -
366 3600 439 3668 45
460 3596 827 3681 κορκορύσσειν
847 3598 993 3679 λέγει
1009 3606 1079 3659 V.
1101 3601 1228 3677 kx.
1249 3607 1317 3660 R.
1322 3639 1385 3651 —
1408 3604 1481 3672 46
1505 3600 1814 3679 ἐμιμήσατο

281 3685 340 3745 δὲ
361 3686 585 3746 Suidas.
615 3686 773 3763 μόνον
802 3687 857 3746 δὲ
880 3689 1030 3765 ἐμιμ.
1052 3693 1118 3747 V.
1140 3687 1175 3759 ἢ
1205 3692 1353 3766 ἰμιμ.
1383 3690 1513 3748 Ald.

368 3776 504 3872 393,
531 3774 603 3832 53
634 3772 764 3854 φησὶ
805 3775 1086 3853 θαυμάζειν
1115 3782 1263 3835 V.
1290 3795 1323 3833 3
1356 3798 1462 3835 των
1500 3776 1813 3855 πνευμάτων

282 3864 356 3918 V.
384 3861 508 3919 sine
525 3858 745 3939 γίνεται.

367 3951 503 4025 397,
534 3969 632 4020 ι7-
644 3968 715 4024 19
743 3949 824 4006 sic
848 3954 915 4007 R.
940 3949 1265 4027 Legebatur
1286 3941 1391 4009 οἷον
1414 3953 1676 4033 ἄρχαὶκης
1697 3953 1816 4024 εὔη-

281 4034 422 4101 θείας
435 4033 642 4101 ὀδωδός.
657 4032 771 4093 ἔστι
790 4034 846 4095 δὲ
874 4034 1073 4117 Κρόνια
1094 4035 1240 4118 παρὰ
1253 4046 1359 4105 τοῖς
1380 4036 1456 4098 F
1457 4040 1643 4110 λλησιν
1660 4036 1813 4118 ἑορτὴ

280 4124 351 4181 τὰ
377 4120 524 4203 παρὰ
545 4120 832 4201 Ῥωμαίοις
857 4120 1155 4201 καλούμενα
1193 4123 1558 4207 Σατουρνάλια
1584 4122 1619 4195 ἢ
1653 4124 1811 4184 Ἀπα-

279 4206 482 4290 τούρια,
500 4222 852 4287 postremum
868 4210 1131 4270 absurde.
1143 4213 1581 4270 Buttmannum
1565 4232 1626 4269 ιιι
1642 4215 1812 4270 Com-

282 4308 463 4355 ment.
489 4296 664 4356 Acad.
688 4299 874 4357 Berol.
901 4318 953 4357 a.
994 4301 1175 4372 1814,
1213 4319 1272 4399 p.
1308 4300 1439 4374 ι83,
1485 4301 1621 4358 citat
1661 4304 1812 4358 Her-

283 4403 483 4442 mann.
503 4420 566 4432 —
589 4403 684 4443 30.
707 4384 792 4442 Ad
829 4384 1227 4465 βεκκεσέληνε
1208 4406 1272 4444 ιιι
1309 4385 1436 4445 Ald.
1477 4387 1588 4444 hoc
1629 4397 1812 4444 exstat

279 4469 584 4544 scholion,
630 4470 965 4551 Σεσόγχωσις
1006 4476 1034 4531 6
1069 4470 1311 4552 βασιλεὺς
1345 4476 1450 4532 τῶν
1511 4471 1810 4550 Αἰγυπτίων

279 4556 666 4639 κοσμοκράτωρ
689 4558 912 4638 γεγονὼς
935 4557 1161 4633 ἠθέλησε
1186 4563 1381 4639 γνῶναι
1402 4560 1521 4627 τους
1542 4560 1814 4641 ἀρχαιοτέ-

280 4665 404 4724 ρους
430 4646 534 4702 τῶν
568 4644 873 4725 ἀνθρώπων.
901 4646 992 4705 καὶ
1014 4645 1203 4727 τροφόν
1230 4670 1347 4707 τινα
1376 4644 1813 4724 γλωποτομήσας

278 4726 567 4790 ἀπέκλεισε
595 4732 730 4810 μετὰ
755 4732 988 4815 βρέφους.
1023 4734 1329 4806 αὐξηθέντος
1362 4726 1422 4793 οὗ
1422 4760 1450 4794 ν
1472 4736 1562 4794 καὶ
1590 4738 1813 4815 βοῶντος

278 4816 412 4979 gin,
394 4816 631 4892 ,ἤκουσε
671 4820 760 4879 καὶ
800 4818 936 4899 ἔγνω
971 4824 1001 4880 6
1041 4820 1316 4901 βασιλευς,
1358 4819 1439 4881 ὅτι
1483 4818 1812 4905 ἀρχαιότεροι

3301 250 3405 301 431

1894 359 1987 420 καὶ
2033 365 2081 422 οἱ
2127 361 2367 445 Ἀρκάδες
2421 346 2731 445 προσίληνοι
2771 367 3026 447 ἐλέγοντο.
3077 368 3415 441 Ἀπολλώνιος

1897 448 2207 531 «Ἀρκάδες,
2235 449 2286 510 οἳ
2311 451 2400 511 καὶ
2421 451 2614 534 πρόσθε
2638 455 2916 529 σεληναίης
2943 455 3243 518 ὑδέονται.»
3217 463 3415 519 »τοῦτο

1895 533 1952 596 δὲ
1981 527 2171 605 τοῦπος
2208 540 2257 598 οἱ
2296 540 2415 620 περὶ
2449 541 2536 600 τὸν
2574 540 2861 603 Δούκιλλον
2903 567 2992 603 τον
3031 547 3295 627 Ταρραῖον
3323 546 3410 607 καὶ

1896 622 2212 706 Σοφόκλειον
2246 626 2334 686 καὶ
2368 626 2559 688 Θέωνα
2558 629 2971 735 ἑρμηνεύοντες,
2998 631 3122 691 τάδε
3149 631 3417 712 φασίν·οῑ

1895 710 2142 792 Ἀρκάδες
2167 714 2374 773 δοκουσι
2399 713 2502 796 πρὸ
2526 718 2619 787 τῆς
2645 714 2866 788 σελήνης
2897 716 3188 796 γεγονέναι·
3221 722 3293 788 ὣς
3322 718 3414 779 καὶ

1896 797 2121 868 Εὔδοξος
2144 803 2197 860 έν
2225 804 2291 880 τῇ
2331 800 2589 883 Περιόδῳ.
2616 802 2889 884 Θεόδωρος
2917 803 2973 862 δὲ
3010 806 3063 864 ἐν
3093 809 3161 886 τῇ
3204 808 3414 887 εἰκοστῇ

1895 883 2140 968 δευτέρα,
2193 866 2354 969 ὀλίγῳ
2401 886 2652 969 πρότερόν
2687 912 2817 972 φησι
2859 896 2952 950 τοῦ
2995 890 3124 971 πρὸς
3158 890 3417 970 Γίγαντας

1893 974 2129 1055 πολέμου
2163 973 2481 1057 Ἡρακλέους
2505 975 2603 1048 τὴν
2633 977 2857 1050 σελήνην
2886 999 3128 1058 φανηναι.
3161 978 3251 1038 καὶ
3276 980 3417 1062 ’-Αρι

1895 1060 2043 1130 στίας
2068 1066 2098 1122 6
2121 1065 2246 1130 Χῖος
2277 1065 2330 1122 ἐν
2359 1072 2474 1131 ταῖς
2496 1063 2722 1137 Θέσεσι,
2748 1063 2839 1124 καὶ
2863 1064 3131 1133 Διονύσιος
3155 1070 3185 1126 6
3212 1067 3416 1127 Χαλκι-

1895 1149 2010 1217 δευς
2035 1153 2089 1210 ἐν
2126 1149 2321 1234 πρώτῳ
2363 1150 2631 1230 Κτίσεως,
2656 1109 2746 1213 κάὶ
2772 1151 2912 1220 ἔθνος
2948 1152 3106 1235 φησὶν
3149 1152 3417 1235 Ἀρκαδίας

1896 1237 2183 1309 Σεληνίτας
2214 1215 2372 1298 εἶναι·
2414 1239 2664 1306 Μνασέας
2698 1239 2756 1299 δέ
2784 1263 2914 1322 φησι
2942 1239 3274 1349 Προσκέληνον
3302 1240 3419 1322 Ἀρ-

1895 1324 2069 1384 κάδων
2098 1327 2423 1406 βασιλεῦσαι.
2453 1326 2810 1407 Ἀριστοτέλης
2845 1326 2902 1386 δὲ
2945 1330 3000 1387 ἐν
3043 1332 3111 1407 τῇ
3139 1331 3416 1406 Τεγεατῶν

1894 1412 2135 1494 πολιτεία
2155 1413 2346 1496 φησὶν,
2371 1411 2452 1474 ὅτι
2482 1414 2734 1497 βάρὸαροι
2763 1415 2860 1487 τὴν
2886 1415 3160 1497 Ἀρκαδίαν
3181 1414 3418 1497 ᾤκησαν,

1894 1498 2077 1568 οἵτινες
2101 1500 2451 1575 ἐξεὸλήθησαν
2492 1502 2595 1562 ὑπὸ
2632 1507 2736 1562 τῶν
2769 1526 2860 1562 νυν
2891 1501 3155 1584 Ἀρκάδων
3195 1503 3297 1584 πρὸ
3327 1510 3418 1564 τοῦ

1895 1589 2153 1647 ἐπιτεῖλαι
2196 1586 2293 1662 τὴν
2349 1589 2592 1662 σελήνην.
2640 1589 2719 1649 διὸ
2762 1589 2851 1650 καὶ
2897 1588 3417 1673 προσωνομάσθησαν

1893 1676 2228 1756 προσέληνοι.
2274 1680 2459 1760 Δουρις
2512 1675 2569 1737 δὲ
2609 1680 2663 1737 ἒν
2707 1681 2785 1758 τῷ
2823 1675 3272 1758 πεντεκαιδεκάτῳ
3312 1681 3416 1735 τῶν

1898 1762 2271 1822 Μακεδονικῶν
2308 1762 2533 1846 Ἀρκάδα
2572 1763 2756 1846 φησὶν,
2793 1764 2882 1842 ἀφ’
2900 1755 2961 1822 οἶ
2983 1767 3017 1835 ἡ
3042 1763 3287 1845 Ἀρκαδία
3318 1786 3419 1824 κα-

1892 1849 2084 1921 λεῖται,
2107 1849 2435 1932 Ὀρχομενοῦ
2462 1849 2590 1912 υἱόν.
2612 1852 2692 1912 διὸ
2725 1851 2814 1913 καὶ
2843 1851 3080 1931 ποταμὸν
3115 1856 3210 1923 τῆς
3233 1852 3419 1933 Ἀρκα-

1895 1936 2030 2006 δίας.
2043 1937 2386 2020 Ὀρχομενόν.
2411 1938 2549 2009 τινὲς
2578 1938 2637 1999 δέ
2663 1961 2822 2018 φασιν
2849 1939 3185 2018 Ἐνδυμίωνα
3209 1939 3419 2021 εὑρηκὲ·

1894 2048 1982 2084 ναι
2004 2022 2095 2093 τὰς
2119 2026 2389 2109 περιόδους
2404 2032 2501 2101 τῆς
2523 2026 2774 2103 σελήνης,
2807 2025 2922 2086 ὅθεν
2946 2026 3035 2086 καὶ
3067 2025 3420 2108 προσελήνους

1894 2108 2015 2178 τους
2034 2111 2291 2195 Ἀρκάδας
2314 2117 2588 2187 κληθῆναι.
2630 2111 2759 2174 ἔνιοι
2787 2112 2844 2173 δὲ
2878 2112 2981 2172 ὑπὸ
3017 2116 3284 2195 Τυφῶνος.
3316 2114 3420 2173 ὑπὸ

1896 2197 1953 2256 δὲ
1975 2197 2253 2267 Ἄτλαντος
2270 2201 2361 2261 καὶ
2389 2198 2690 2283 Ξεναγόρας
2721 2200 2947 2280 εἴρηκεν.
2981 2205 3203 2260 Horum
3234 2202 3418 2279 prima

1894 2286 1968 2345 de
1988 2289 2323 2348 Sesonchos'
2312 2309 2329 2347 ι
2361 2290 2865 2366 (Psammetichum
2903 2290 3196 2347 nominare
3237 2289 3417 2348 debe-

1895 2373 2016 2452 bat)
2047 2376 2363 2433 Musurus
2345 2394 2471 2454 ipse
2493 2375 2724 2434 videtur
2759 2375 3171 2452 composuisse,
3202 2374 3421 2452 reliqua

1895 2479 1971 2519 ex
2001 2461 2233 2521 scholiis
2263 2461 2338 2520 ad
2384 2462 2581 2540 Apoll.
2625 2463 2736 2522 Rh.
2787 2470 2842 2536 4,
2873 2463 3010 2533 364,
3045 2463 3419 2540 transcripsit.

1895 2553 2075 2607 Dum.
2099 2587 2160 2600 —
2182 2559 2366 2620 21-41
2395 2548 2596 2609 iisdem
2626 2551 2747 2609 sere
2770 2548 2968 2608 verbis
2995 2549 3150 2627 apud
3190 2549 3421 2608 Suidam

1896 2655 1944 2693 s.
1973 2635 2344 2709 Βεκκεσέληνε.
2390 2635 2764 2717 Ψαμμήτιχος
2812 2635 3031 2696 Suidas.
3069 2635 3421 2715 Ψαμμίτιχος

1897 2728 1968 2781 V.
2004 2723 2099 2781 hic
2139 2736 2199 2782 et
2230 2725 2397 2783 infra.
2418 2762 2481 2776 -
2510 2744 2582 2782 33
2613 2723 2840 2795 ἠθέλησε
2863 2725 3060 2801 γνῶναι
3101 2722 3255 2781 Suid.
3267 2725 3420 2780 ..23

1898 2809 2202 2889 legebatur
2234 2810 2592 2893 πρεσὸύτεροι.
2614 2847 2676 2862 -
2711 2820 2782 2881 34
2809 2807 2865 2869 δὲ
2906 2808 3046 2870 πάνυ
3084 2809 3245 2869 Suid.
3263 2811 3420 2867 -26

1897 2920 1949 2957 τι
1980 2910 2037 2956 et
2083 2898 2333 2980 ἀρτίτοκα
2370 2898 2561 2958 addita
2599 2920 2673 2958 cx
2707 2899 2982 2958 Suida.-
3001 2898 3075 2955 38
3107 2896 3168 2963 ἃς
3196 2899 3420 2957 suidas.

1896 2978 2224 3051 atem-31
2259 2989 2289 3045 6
2320 2986 2448 3044 add.
2477 3006 2549 3045 ex
2573 2985 2766 3057 Sumo,
2792 2987 2894 3063 qui
2929 2986 3001 3044 33
3021 2982 3117 3057 τὴν
3138 3004 3251 3041 οιιι.
3262 3019 3327 3033 —
3347 2986 3420 3054 34

1897 3095 1991 3143 της
2014 3074 2140 3134 add.
2161 3093 2234 3133 ex
2261 3074 2528 3132 Suidan-
2551 3074 2623 3131 35
2649 3072 2936 3154 φιλτάτων,
2974 3075 3043 3144 37
3087 3071 3271 3151 βέκκος
3294 3073 3426 3130 Sui·

1897 3160 2017 3219 das.
2058 3160 2209 3239 βόκος
2237 3164 2304 3220 V.
2337 3159 2492 3240 βέκκε
2518 3167 2588 3220 G.
2629 3158 2777 3239 βέκος
2812 3159 3141 3220 Herodotus
3182 3179 3239 3232 3,
3268 3181 3325 3234 3,
3368 3171 3425 3218 ct

1899 3247 2080 3307 codex
2108 3249 2536 3326 Reg.2821.1n
2561 3267 2679 3326 quo
2699 3247 2852 3305 aliud
2880 3246 3139 3307 scholion
3161 3250 3423 3325 sequenti
3451 3320 3456 3325 ὗ

1899 3336 2086 3395 simile
2111 3338 2189 3395 ita
2207 3349 2592 3415 conceptum.
2612 3334 2844 3417 Ἤρισαν
2868 3334 2995 3413 πρὸς
3020 3333 3280 3405 ἀλλήλους
3302 3336 3424 3415 περὶ

1966 3421 2240 3501 χαιότητος
2294 3423 2501 3505 Φρύγες
2546 3422 2636 3482 καὶ
2689 3420 3054 3501 Παφλαγόνες.
3110 3419 3426 3500 ἰμὸαλόντες

1898 3424 1988 3571 οὲν
2013 3511 2085 3578 εἰς
2115 3501 2256 3570 οἷκον
2277 3509 2538 3593 ἅρτιγενὶς
2558 3509 2764 3582 νήπιον,
2800 3506 3124 3591 προσέταξαν
3148 3512 3216 3588 τῇ
3239 3507 3425 3570 τούτου

1900 3599 2062 3680 μητρὶ
2102 3597 2190 3658 ἵνα
2209 3597 2345 3677 μετὰ
2376 3621 2527 3677 σιγης
2560 3600 2794 3657 εἰσιουσα
2832 3618 2983 3655 τουτο
3010 3595 3233 3676 θηλάζη.
3272 3596 3427 3671 αὔξη-

1899 3685 2073 3754 θέντος
2099 3676 2188 3744 οὗν
2209 3685 2396 3745 τούτου
2432 3686 2522 3746 καὶ
2553 3687 2759 3765 πρῶτον
2792 3682 3023 3750 εἰπόντος
3062 3682 3184 3763 βὲκ,
3218 3682 3247 3742 8
3272 3685 3426 3765 Φρυ·

1898 3774 2039 3854 γιστὶ
2069 3772 2228 3854 ἄρτον
2248 3774 2417 3848 δηλοῖ,
2436 3774 2593 3845 δῆλον
2617 3770 2822 3850 ἐγένετο
2842 3771 2923 3830 ὅτι
2942 3767 3154 3852 Φρύγες
3176 3770 3424 3830 ἁπάντων

1901 3862 2031 3921 εἰσὶν
2060 3860 2405 3944 ἀρχαιότεροι.

1985 3958 2090 4017 4οι
2143 3948 2273 4006 Ald.
2314 3946 2406 4006 καὶ
2449 3944 2670 4007 Σούνιον
2703 3945 2861 4026 ἄκρον
2902 3944 3229 4017 Ἀιθηναίων
3258 3946 3427 4024 Χάρις

1902 4036 2042 4094 ἐστὶν
2076 4036 2135 4093 ἐκ
2162 4034 2346 4115 στίχου
2383 4058 2475 4094 του
2518 4033 2825 4113 ἀλλοτρίου,
2861 4036 2930 4099 ὣς
2959 4030 3059 4112 ἔφη
3097 4031 3365 4099 Διονύσιος
3396 4036 3425 4092 6

1901 4125 2336 4208 Ἁλικαρνασσευς
2375 4126 2429 4183 ἐν
2469 4128 2546 4204 τῷ
2581 4124 2700 4205 περὶ
2734 4123 3024 4205 ἑρμηνείας.
3054 4124 3228 4182 οὐκέτι
3266 4122 3367 4206 γὰρ
3396 4127 3424 4183 6

1897 4212 2028 4278 Ζευς
2061 4213 2431 4290 κωμωδεῑσθαι
2460 4211 2633 4286 δοκεῖ,
2659 4211 2775 4271 ἀλλ’
2794 4210 3039 4292 Ὅμηρος
3070 4211 3160 4270 καὶ
3193 4213 3221 4268 6
3247 4209 3425 4289 στίχος

1898 4300 2134 4377 (excidit
2159 4300 2210 4376 6)
2229 4297 2539 4377 Ὁμηρικός.
2560 4305 2705 4373 Quae
2732 4303 3005 4356 Musurus
3031 4318 3105 4356 ex
3131 4299 3424 4357 Demetrio

1896 4385 2016 4467 περὶ
2039 4383 2377 4467 ἑρμηνείαςξ
2410 4387 2521 4444 ι50
2570 4385 2955 4462 transcripsit,
2994 4386 3278 4444 memoriae
3327 4405 3425 4443 er·-

1896 4496 2030 4536 rore
2085 4476 2425 4552 Dionysium
2485 4476 3042 4535 Halicarnasseus-»em
3101 4476 3421 4534 nominans.

1905 4583 1974 4621 ιο
2002 4562 2326 4630 Ἀτλαντίδος
2347 4568 2421 4622 R.
2445 4564 2773 4641 Antiquitas
2797 4561 3091 4621 Leontidis
3115 4562 3241 4634 fuit,
3261 4574 3420 4640 post-

1896 4650 2131 4711 modum
2159 4650 2444 4710 Attalidis.
2478 4654 2657 4708 Dum.
2678 4686 2739 4700 -
2768 4670 2836 4706 ια
2861 4647 2917 4706 δὲ
2942 4668 3056 4707 οιιι.
3085 4654 3158 4708 Β.

1979 4747 2123 4812 404,
2159 4739 2229 4797 ιδ
2266 4736 2530 4815 μηδεμίαν
2577 4733 2862 4817 θερμασίαν
2912 4733 3054 4815 ἔχων
3096 4734 3227 4794 Δίὰ.
3244 4772 3305 4784 -
3352 4755 3418 4809 ι7

1895 4847 2054 4906 seqq.
2087 4826 2449 4908 μετεωρισθεὶς
2470 4825 2526 4886 δὲ
2553 4826 2643 4886 καὶ
2666 4823 2962 4906 ἐπαρθεὶς-ἢ
2989 4822 3231 4903 ἐμπεσών
3250 4823 3422 4884 habet

320 4929 422 4965 σαν
439 4909 490 4966 οἱ
520 4909 875 4989 Παφλαγόνες.
901 4911 1027 4993 παρ’
1056 4914 1230 4979 αὐτοῖς
1262 4910 1319 4971 δὲ
1353 4916 1383 4972 6
1411 4910 1603 4994 ἄρτος
1592 4909 1684 4971 Βὲκ
1717 4909 1812 4969 λέ-
1897 4920 1982 4987 V,
2007 4927 2202 4974 cetera
2225 4915 2458 4973 omittit.

278 5017 451 5074 γεται.
480 4994 734 5064 συνθέτως
766 4997 821 5057 δὲ
855 4988 969 5058 εἶπε
992 4997 1088 5072 τὴν
1115 4998 1251 5069 λέξιν
1289 4999 1659 5080 βεκκεσέληνε·
1696 4997 1807 5056 imi

1979 5003 2113 5074 405,
2142 5011 2215 5072 34
2250 5000 2432 5060 κύστιν
2458 5000 2554 5074 τὴν
2583 5002 2740 5074 κοιλ.,
2768 4998 2865 5072 τὴν
2895 5005 2959 5059 V.
2988 4999 3156 5082 φύσαν
3197 5011 3254 5057 et
3281 4995 3420 5078 φύσα
