3859 5725
1412 235 1416 240 ’
1471 238 1854 301 scfloLlA
1903 240 1990 300 ΙΝ
2045 241 2356 302 RANAS.

299 397 416 446 την.
443 374 673 451 συνεχῶς
697 367 802 452 γὰρ
828 371 1040 447 εἰσῆγον
1074 366 1194 435 τοὺς
1230 366 1298 426 τὰ
1332 370 1541 426 τοιαῦτα
1572 365 1864 446 λέγοντας.)

297 495 381 508 -
405 457 541 541 χολή
566 455 783 529 :Mu-11.
807 459 874 506 D·

379 569 422 609 ε.
467 546 582 606 ἀντὶ
604 550 698 605 τοῦ
729 542 891 626 χωρὶς
933 547 1025 603 τοῦ
1059 545 1225 602 εἰπεῖν
1253 539 1520 620 θλίὸομαι.
1551 542 1611 590 R·
1638 539 1755 599 ἀντὶ
1776 547 1866 600 τοῦ

298 635 424 696 ἄνευ
450 636 613 696 εἰπεῖν
644 632 910 710 πιέζομαι.
937 632 1001 681 V·

241 759 273 797 ι
381 745 426 786 ο.
469 722 669 803 γέλοιον
692 720 978 791 Ἀττικῶς,
999 718 1201 797 γελοῖον
1234 713 1290 775 δὲ
1312 713 1504 776 κοινόν.
1533 718 1568 787 ἡ
1596 713 1654 773 δὲ
1683 736 1863 791 σημα-

295 811 392 873 ’σία
413 816 449 884 ἡ
474 810 630 883 αὐτή.

379 921 426 961 8.
470 895 929 978 μεταόαλλόμενος
967 914 982 954 :
1023 892 1164 953 Ἀντί
1196 897 1287 951 τοῦ
1318 889 1655 972 μεταφέρων,
1694 913 1865 968 μετα-

297 978 457 1056 τιθεὶς
492 986 600 1046 ἀπὸ
622 986 768 1063 ὤμου
810 986 883 1051 εἰς
909 974 1072 1061 ῶμον.
1108 982 1398 1063 τάνάφορον
1425 978 1482 1039 δὲ
1515 977 1665 1048 ξύλον
1694 979 1863 1060 ἀμφί-

297 1078 503 1149 κοιλον,
525 1078 586 1134 ’ἐν
608 1066 654 1156 ᾧ
679 1073 748 1132 τὰ
776 1071 962 1155 φορτία
994 1068 1371 1150 ἐξαρτήσαντες
1411 1072 1460 1128 οἱ
1496 1067 1718 1149 ἐργάται
1763 1072 1865 1148 βα-

219 1176 274 1216 1⁰
301 1165 566 1234 στάζουσι.
619 1196 692 1208 -
730 1159 1076 1239 μεταθέμενος
1101 1157 1161 1217 τὸ
1188 1157 1276 1216 ἐπὶ
1318 1154 1467 1236 ὤμου
1507 1155 1738 1237 φορτίον.
1788 1156 1860 1216 Θ.

298 1255 544 1334 χεζητιᾷς
568 1270 583 1311 :
610 1248 836 1316 Μέλλεις
863 1249 1174 1307 ἀποπατεῖν.
1207 1255 1333 1305 Vict.

380 1361 425 1401 ο.
474 1338 629 1419 (μηδ’
656 1336 737 1396 ὅτι
760 1342 1005 1396 τοσοῦτον
1045 1356 1061 1395 :
1090 1332 1185 1406 Μὴ
1214 1331 1352 1393 οὕτω
1382 1331 1665 1411 ποιήσαιμι
1692 1329 1864 1389 καίτοι

300 1426 461 1509 ἄχθος
477 1431 720 1486 τοσοῦτον
747 1423 962 1507 φέρων.)

384 1538 449 1577 10.
491 1512 943 1595 ἀποπαρδήσομαι
985 1530 1000 1571 2
1031 1512 1126 1579 Εἰς
1168 1509 1229 1569 τὸ
1264 1508 1393 1569 αὐτὸ
1432 1506 1755 1579 κατήντησεν
1792 1510 1864 1575 ὡς

214 1622 273 1664 15
301 1604 452 1678 δῆθεν
493 1602 654 1662 ἄκων.
695 1635 776 1646 —
810 1598 1118 1679 καθαιρήσει
1162 1619 1176 1659 2
1219 1595 1590 1658 Καταὸιὸάσει
1631 1594 1737 1653 ἀπὸ
1773 1600 1863 1656 τοῦ

298 1691 469 1773 ὤμου.
504 1695 575 1754 Θ.
613 1693 740 1742 Ποῖ.
770 1687 1007 1768 καθαίρω
1048 1684 1410 1768 παροξυτόνως
1448 1684 1509 1743 τὸ
1545 1682 1862 1755 ἀποπλύνω,

299 1783 536 1863 καθαιρῶ
555 1777 611 1837 δὲ
628 1776 1040 1857 περισπωμένως
1062 1773 1123 1834 τὸ
1142 1772 1486 1832 καταόάλλω.
1514 1773 1587 1832 Θ.
1611 1787 1742 1837 vict.

383 1888 449 1928 11.
491 1864 632 1938 πλήν
657 1865 706 1943 ᾗ
733 1863 858 1922 ὅταν
895 1860 1071 1940 μέλλω
1095 1859 1284 1939 ’ξεμεῖν
1322 1880 1338 1922 t
1366 1850 1515 1932 Οἶον,
1535 1862 1581 1918 εἰ
1611 1857 1745 1926 ὅλως
1774 1855 1865 1917 λέ·-

298 1978 434 2035 γεις,
474 1952 595 2012 τότε
628 1948 772 2021 εἰπὲ,
801 1948 889 2007 ὅτε
916 1946 1094 2025 μέλλω
1127 1946 1326 2025 ἐξεμεῖν
1345 1991 1364 2024 ,
1391 1944 1480 2004 ἵνα
1522 1944 1662 2014 ἅπαξ
1690 1943 1865 2023 ἐμέσω

210 2067 274 2107 ω
300 2042 395 2103 καὶ
422 2039 496 2119 μὴ
521 2040 612 2100 καὶ
629 2037 747 2099 τότε
762 2037 848 2096 ὅτε
867 2039 1054 2116 λέγεις.
1136 2035 1356 2098 Ἄλλως.
1375 2032 1662 2115 τότε,φησ“ι
1677 2077 1696 2110 ,
1718 2030 1864 2111 λέγε,

299 2131 393 2191 ἐὰν
420 2129 603 2208 θέλῃς,
626 2125 977 2205 ἐπιτηρήσας,
998 2122 1086 2183 ὅτε
1114 2121 1294 2202 μέλλω
1317 2121 1531 2200 ἐξεμεῖν.
1561 2124 1729 2204 ῥᾷστα
1763 2118 1864 2201 γὰρ

301 2218 367 2279 ἂν
395 2215 729 2295 ἐξεμέσαιμι,
758 2214 848 2272 ἐὰν
872 2212 1040 2292 εἴπῃς.

384 2327 452 2366 13.
495 2303 762 2385 Φρύνιχος
787 2324 804 2363 τ
831 2299 1057 2379 Δίδυμός
1087 2322 1244 2381 φησιν
1261 2296 1341 2357 ὅτι
1360 2303 1453 2356 νῦν
1478 2295 1750 2378 Φρυνίχου
1772 2302 1862 2355 τοῦ

300 2398 537 2471 κωμικοῦ
567 2390 860 2470 μέμνηται,
883 2393 953 2456 ὡς
969 2390 1096 2470 παρ’
1127 2387 1327 2446 ἕκαστα
1351 2390 1404 2446 ἐν
1433 2387 1548 2453 ταῖς
1566 2384 1864 2467 κωμῳδίαις

210 2511 270 2552 25
301 2478 752 2564 φορτικευομένου.
768 2477 879 2536 ἔστι
898 2476 955 2537 δὲ
973 2474 1167 2557 πατρὸς
1193 2473 1503 2552 Εὗνομίδου.
1531 2476 1863 2556 κωμῳδεῖται

302 2569 360 2629 δὲ
389 2568 481 2628 καί
500 2570 572 2635 ὣς
594 2565 757 2641 ξένος’,
778 2564 869 2625 καί
892 2564 979 2624 ἐπὶ
1008 2564 1296 2646 φαυλότητι
1321 2561 1651 2639 ποιημάτων,
1676 2561 1768 2621 καί
1795 2567 1866 2629 ὣς

303 2657 553 2737 ἀλλότρια
589 2654 757 2734 λέγων
791 2654 883 2713 καὶ
907 2655 979 2720 ὥς
1017 2650 1339 2733 κακόμετρα.
1376 2650 1476 2709 εἶσὶ
1505 2648 1559 2708 δὲ
1588 2649 1679 2709 καὶ
1711 2650 1862 2710 ἄλλοι

298 2746 436 2826 τρεῖς
458 2742 736 2825 Φρύνιχοι.
779 2741 1077 2823 (Φρύνιχος
1103 2737 1160 2799 δὲ
1188 2743 1217 2798 6
1243 2737 1473 2816 κωμικὸς
1492 2737 1639 2798 οὐδὲν
1665 2736 1862 2797 τούτων

300 2832 545 2905 ἐποίησεν
592 2834 646 2892 ἐν
680 2838 787 2900 τοῖς
823 2828 1131 2908 σωζομένοις
1166 2829 1344 2887 αὐτοῦ·
1385 2826 1521 2896 εἰκὸς
1562 2825 1616 2887 δὲ
1660 2828 1713 2886 ἐν
1756 2834 1865 2894 τοῖς

208 2941 272 2987 so
302 2920 629 2981 ἀπολωλόσιν
649 2911 780 2979 εἶναι
807 2921 966 2978 αὐτοῦ
988 2916 1219 2977 τοιοῦτόν
1243 2918 1342 2994 τι.)

383 3028 451 3069 14.
488 3006 651 3075 Λύκις
679 3026 694 3067 2
724 3004 1023 3087 Κωμῳδίας
1056 3003 1301 3077 ποιητής.
1336 3006 1407 3071 ὥς
1428 3002 1629 3084 ψυχρὸς
1662 3025 1862 3081 κωμῳ-

300 3095 489 3155 δεῖται·
541 3093 684 3173 λέγει
716 3092 772 3151 δὲ
813 3092 970 3152 αὐτὸν
1008 3091 1101 3152 καί
1133 3090 1328 3152 Λύκον·
1365 3082 1425 3150 οὗ
1453 3089 1600 3150 οὐδὲν
1631 3090 1861 3171 φέρεται.

301 3182 549 3259 (Ἄλλως.
574 3185 603 3241 6
626 3179 683 3241 δὲ
706 3183 848 3255 νοῦς,
866 3180 1012 3262 εἰπερ
1038 3178 1245 3252 ποιήσω
1279 3177 1443 3258 μηδὲν
1470 3168 1544 3236 ὧν
1568 3168 1708 3236 οὗτοι
1740 3176 1861 3235 εἰώ-

297 3275 420 3330 θασι
442 3279 608 3329 ποιεῖν
633 3276 741 3336 τοῖς
763 3275 1179 3350 σκευοφοροῦσιν·
1201 3265 1289 3326 ἵνα
1307 3267 1370 3326 τὸ
1393 3265 1606 3348 φέρουσι
1626 3264 1862 3346 σημαίνῃ

207 3388 268 3428 8⁶
297 3363 500 3418 πτῶσιν
544 3355 774 3430 δοτικήν.
855 3351 1113 3434 Ἄλλως.)
1158 3357 1350 3438 τριχῶς
1395 3353 1625 3434 λέγεται.
1674 3352 1709 3426 ἢ
1760 3351 1864 3435 γὰρ

299 3450 739 3528 σκευηφοροῦσιν,
768 3444 805 3516 ἢ
843 3442 1004 3515 σκεύη
1033 3443 1293 3526 φέρουσιν,
1333 3439 1369 3514 ἢ
1407 3440 1863 3524 [σκευοφοροῦσιν.

299 3534 416 3593 ἀντὶ
453 3532 587 3614 τοῦ]
615 3531 956 3613 σκευοφόρους
998 3530 1189 3612 ἄνδρας
1223 3535 1480 3590 ποιοῦσιν.
1520 3529 1632 3588 ἔστι
1678 3529 1732 3589 δὲ
1752 3534 1864 3676 ἰε-

301 3620 580 3699 ὅιασμένος
623 3624 652 3680 6
701 3620 869 3700 λόγος,
919 3618 1065 3701 εἴπερ
1122 3617 1330 3690 ποιήσω
1377 3617 1541 3696 μηδὲν
1598 3608 1672 3677 ὧν
1723 3640 1753 3677 ο
1817 3641 1864 3677 οι

297 3716 536 3782 ποιοῦσι,
585 3712 1028 3819 σκευηιφοροῦντας
1085 3707 1379 3785 εἰσάγοντες
1433 3703 1570 3783 μετὰ
1632 3707 1861 3767 πολλῶν.

208 3817 269 3859 40
298 3796 657 3879 περιλείπεται
707 3818 795 3854 ουν
846 3793 1053 3854 ἀκούειν
1100 3795 1283 3862 ἁπλῶς
1331 3784 1403 3853 ὧν
1456 3785 1598 3852 οὗτοι
1652 3791 1865 3854 εἰώθασι

294 3891 465 3943 ποιεῖν
508 3885 615 3949 τοῖς
655 3888 1080 3964 σκευηφοροῦσιν,
1112 3880 1201 3941 ἶνα
1240 3881 1302 3940 τὸ
1347 3885 1730 3963 σκευηφοροῦσι
1760 3905 1864 3954 ση-

299 3969 464 4052 μαίνῃ
491 3974 692 4030 πτῶσιν
719 3970 945 4041 δοτικήν.
967 4000 1038 4011 -
1066 3970 1158 4029 καὶ
1180 3968 1334 4037 αὐτὸς
1352 3972 1423 4037 ὡς
1454 3969 1612 4038 κακὸς
1642 3969 1864 4043 ποιητὴς

295 4060 652 4140 κωμῳδεῖται.
678 4069 743 4115 V.

380 4166 450 4207 1⁵.
494 4144 859 4227 σκευοφοροῦσ’
884 4165 899 4206 2
926 4147 1068 4212 Τοῖς.
1095 4157 1158 4206 Ε.
1186 4143 1279 4203 καὶ
1301 4133 1442 4204 οὗτοι
1463 4144 1511 4202 οἱ
1533 4152 1670 4225 τρεῖς
1695 4168 1865 4222 κωμι-

206 4249 268 4290 ⁴5
297 4231 383 4294 κοί
424 4232 525 4294 εἰσὶ
564 4232 807 4306 ποιηταὶ,
847 4237 1286 4315 σκευοφοροῦντας
1326 4231 1619 4310 εἰσάγοντες
1664 4235 1718 4292 ἐν
1749 4242 1865 4301 ταῖς

294 4320 598 4402 κωμῳδίαις
624 4321 716 4381 καὶ
743 4320 941 4404 αἰσχρὰ
961 4327 1253 4388 ποιοῦντας.
1279 4326 1335 4373 Ε·

403 4429 471 4470 17.
534 4413 640 4468 τῶν
682 4409 921 4490 πράξεων
971 4413 1074 4469 τῶν
1121 4411 1427 4480 ἀπατηλῶν.
1473 4409 1547 4471 Θ.
1605 4409 1859 4490 εἰρωνεία.

294 4498 793 4579 πανουργευμάτων,
820 4499 1109 4570 ἀπατηλῶν
1130 4497 1460 4575 ποιημάτων.
1487 4514 1554 4562 Μ,

379 4604 446 4646 18.
488 4585 638 4646 πλεῖν
660 4584 696 4658 ἢ
725 4584 936 4667 ’νιαυτῷ
965 4605 980 4646 2
1012 4583 1177 4668 Παρὰ
1221 4584 1281 4644 τὸ
1313 4583 1607 4666 Ὁμηρικὸν
1639 4592 1766 4658 [od.
1801 4599 1860 4660 Τ,

205 4696 268 4737 εο
296 4678 398 4744 aco]

480 4804 709 4869 αἶψαγὰρ
725 4806 774 4855 ἐν
790 4804 1017 4863 mamm
1041 4805 1200 4869 βροτοὶ
1213 4803 1672 4868 zezeman-mm.

3404 261 3516 314 275

2033 388 2099 429 ιν.
2144 367 2228 449 ἄρ’
2265 372 2294 428 6
2320 368 2585 450 τράχηλος
2622 370 2801 449 οὑτοσὶ
2842 391 2858 433 2
2890 371 2958 435 Ὁ
2977 374 3208 444 Ξανθίας
3228 378 3517 458 ἀχθόμενος

1951 450 2031 535 ἐφ’
2056 446 2101 535 ᾧ
2132 454 2381 535 βαστάζει
2408 456 2583 539 φόρτῳ
2615 456 2776 537 λέγει.

2028 562 2100 604 20.
2143 544 2248 604 ὑπὸ
2275 551 2367 604 τοῦ
2392 544 2603 628 φορτίου
2626 546 2749 625 ἐρεῖ.
2778 550 2852 610 Θ.
3161 617 3174 627 ,

2027 650 2097 690 21.
2141 633 2437 701 ἀλαζονεία.
2462 646 2520 693 Β.
2556 648 2617 696 V.
2643 634 2878 718 ἡμετέρα
2906 637 3092 716 ἀτιμία
3123 639 3284 700 αὑτοῦ
3323 643 3518 713 ἀλαζο-

1947 715 2058 776 νεία
2081 718 2172 777 καὶ
2190 718 2421 802 ἔπαρσις.
2446 725 2519 788 Θ.
3542 762 3568 802 ⁶

2028 826 2100 868 22.
2143 808 2255 877 υἱὸς
2284 810 2552 889 Σταμνίου
2578 833 2594 874 :
2627 812 2805 896 [Δίον
2851 814 3016 873 εἰπεῖν
3056 813 3167 883 υἱὸς
3202 814 3324 885 Διὸς
3362 821 3514 880 Στα-

1948 892 2098 971 μνίου
2135 886 2249 956 εἰπε
2289 898 2415 980 παρ’
2451 899 2726 976 ὑπόνοιαν,
2747 900 2927 972 ἐπειδὴ
2967 905 2996 960 6
3022 891 3154 970 οἶνος
3195 907 3250 963 ἓν
3274 907 3514 988 σταμνίῳ

1950 981 2220 1060 βάλλεται.
2251 988 2280 1044 6
2317 984 2372 1044 δὲ
2401 987 2647 1057 Διόνυσος
2685 993 2757 1058 εἰς
2783 989 2873 1049 τὸν
2901 979 3036 1049 οἶνον
3065 991 3452 1074 ἀλληγορεῖται.
3481 994 3512 1077 ]

1949 1069 2212 1148 (σταμνία
2239 1074 2331 1131 καὶ
2354 1074 2614 1154 στάμνους
2638 1076 2757 1146 τοὺς
2780 1078 3031 1159 ἀμφορεῖς
3056 1083 3149 1136 τοῦ
3171 1078 3310 1138 οἴνου
3331 1081 3511 1162 φασίν.

1943 1156 2119 1226 παίζει
2147 1158 2203 1218 δὲ
2237 1159 2349 1236 ἅμα
2371 1164 2464 1222 καὶ
2485 1164 2615 1245 πρὸς
2639 1163 2700 1225 τὸ
2743 1170 2933 1245 σχῆμα
2974 1164 3057 1225 ὅτι
3095 1164 3202 1234 υἱός
3230 1171 3342 1246 εἰμι
3373 1193 3507 1230 στα·
3544 1199 3594 1238 ιο

1947 1245 2120 1319 μνίου.
2242 1244 2493 1331 Ἄλλως.)
2520 1252 2747 1328 ἔπαιξεν,
2785 1252 2900 1312 ἐπεὶ
2926 1256 2955 1312 6
2981 1252 3212 1333 κέραμος
3237 1257 3293 1314 ἐν
3340 1260 3513 1340 ἑαυτῷ

1949 1331 2198 1412 βαστάζει
2216 1335 2304 1394 τὸν
2327 1327 2463 1396 οἶνον
2492 1337 2672 1421 ὥσπερ
2694 1341 2860 1399 παῖδα
2884 1339 2974 1399 καὶ
3001 1340 3193 1424 τρέφει.

2025 1441 2097 1483 23.
2140 1428 2321 1483 τοῦτον
2361 1424 2408 1484 δ’
2437 1428 2549 1506 ὀχῶ
2580 1447 2596 1487 2
2628 1428 2905 1508 Ὀχεῖσθαι
2942 1432 3093 1488 ποιῶ·
3132 1430 3220 1488 ἐπὶ
3259 1435 3353 1490 τοῦ
3391 1433 3510 1492 ὄνου

1945 1507 2048 1592 γὰρ
2086 1502 2152 1583 ἦν
2184 1511 2475 1590 καθήμενος
2517 1518 2546 1574 6
2574 1516 2819 1584 Ξανθίας·
2850 1515 3085 1598 [νοεῖται
3121 1515 3181 1578 δέ
3208 1542 3260 1578 τι
3287 1519 3379 1578 καὶ
3423 1524 3513 1581 αἰ-

1948 1596 2128 1677 σχρόν·
2158 1599 2275 1658 ἀντὶ
2296 1606 2419 1679 τοῦ,
2449 1601 2703 1663 ἐπιὸαίνω
2730 1602 2904 1663 αὐτόν.
2930 1640 3009 1650 -·
3031 1607 3142 1686 ὀχῶ
3172 1608 3268 1685 μὲν
3293 1609 3513 1689 ἐνεργη-
3548 1643 3594 1682 15

1945 1688 2101 1753 τικῶς
2142 1685 2204 1745 τὸ
2244 1688 2598 1770 ἀφροδισιάζω
2645 1690 2736 1751 καὶ
2778 1689 2950 1772 ὀχεύω
2996 1690 3058 1751 τὸ
3107 1693 3267 1767 αὐτὸ,
3320 1695 3412 1755 καὶ
3454 1696 3517 1757 τὸ

1944 1782 2169 1854 πρᾶγμα
2205 1776 2373 1854 ὀχεία.
2411 1778 2642 1857 ὀχοῦμαι
2681 1778 2737 1839 δὲ
2772 1784 3075 1852 παθητικῶς
3106 1780 3224 1853 ἤτοι
3262 1782 3516 1857 ἐπιὸάτης

1947 1860 2056 1937 εἰμὶ
2098 1862 2190 1921 καὶ
2230 1864 2310 1944 ἐφ’
2337 1863 2502 1925 ἵππου
2534 1866 2775 1945 κάθημαι
2803 1867 2840 1939 ἢ
2880 1866 3054 1947 ἐτέρου
3090 1869 3241 1937 τινός.
3283 1870 3374 1929 καί
3409 1872 3517 1933 ἀπὸ

1945 1947 2129 2008 τούτου
2155 1950 2340 2030 ὄχημα
2358 1953 2419 2011 τὸ
2442 1952 2610 2033 ἅρμα.
2636 1957 2707 2016 Οἱ
2732 1952 2788 2013 δὲ
2812 1954 3035 2016 Ἀττικοὶ
3058 1954 3118 2015 τὸ
3135 1958 3277 2035 ὀχεῖν
3303 1961 3516 2041 ἐνεργη-

1945 2037 2088 2096 τικὸν
2116 2037 2210 2098 καὶ
2236 2039 2325 2098 ἐπὶ
2366 2045 2458 2100 τοῦ
2483 2044 2723 2121 ὀχεῖσθαι
2763 2044 2931 2102 ποιεῖν
2972 2043 3365 2121 ἐκλαμὸάνουσι
3417 2047 3509 2107 καί
3536 2078 3592 2117 2⁰

1945 2124 2204 2199 ἐπιὸάτην
2249 2128 2561 2188 καθιστάναι
2600 2129 2792 2213 ἕτερον,
2832 2134 2904 2198 ὣς
2938 2130 3031 2190 καὶ
3058 2135 3088 2190 6
3135 2132 3511 2216 Ἀριστοφάνης

1945 2214 2168 2273 ἐνταῦθα
2197 2239 2221 2266 ι
2246 2220 2427 2275 τοῦτον
2455 2215 2500 2275 δ’
2521 2219 2632 2296 ὀχῶ
2654 2243 2680 2270 υ
2711 2216 2826 2277 ἀντὶ
2854 2223 2944 2278 τοῦ
2967 2221 3203 2299 ὀχεῖσθαι
3232 2225 3381 2281 ποιῶ.
3406 2223 3509 2304 6.]

1984 2320 2095 2447 έεε.
2137 2303 2264 2380 ὀχεῖ
2296 2321 2312 2362 :
2355 2302 2470 2362 ἀντὶ
2496 2309 2588 2363 τοῦ
2628 2304 2896 2385 βαστάζει.
2940 2317 3002 2365 R.
3024 2318 3085 2364 V.
3123 2309 3207 2367 ἐπ’
3245 2308 3514 2389 ὀχήματος

1945 2410 1981 2469 φ
2012 2410 2096 2469 ρῃ.
2130 2399 2258 2448 Vm.

2025 2497 2095 2535 2⁸.
2138 2479 2198 2536 οὔ
2228 2476 2340 2548 δῆθ’
2379 2476 2413 2535 8
2452 2479 2502 2556 γ’
2543 2476 2652 2559 ἔχω
2680 2477 2775 2556 ’γὼ
2806 2480 2899 2541 καὶ
2927 2479 3068 2563 φέρω
3100 2502 3115 2542 2
3149 2482 3372 2545 Ἔπάνω
3408 2482 3511 2568 γὰρ
3538 2515 3592 2556 25

1944 2569 2035 2623 τοῦ
2055 2563 2173 2624 ὄνου
2202 2565 2545 2643 καθεζόμενος
2572 2570 2599 2625 6
2620 2567 2824 2640 οἰκέτης
2839 2614 2855 2642 ,
2879 2569 3137 2638 ἐὸάσταζε
3154 2573 3214 2630 τὸ
3235 2571 3510 2654 ἀνάφορον.

1944 2650 2077 2720 τινὲς
2120 2654 2191 2720 εἰς
2228 2653 2288 2712 τὸ
2317 2653 2457 2734 φέρω
2488 2651 2581 2714 δύο
2612 2655 2838 2734 στιγμὰς
2859 2665 3127 2737 ποιοῦσιν,
3177 2662 3512 2742 ἀφαιροῦντες

1943 2745 2034 2798 τοῦ
2064 2737 2142 2819 μὰ
2166 2739 2255 2799 τὸν
2283 2740 2365 2801 Δί’
2392 2739 2453 2800 οὔ
2478 2740 2574 2814 τὴν
2600 2741 2725 2819 μίαν
2755 2744 2999 2824 στιγμήν.

2023 2848 2097 2890 ³0.
2140 2827 2373 2898 πιέζεται
2405 2850 2421 2891 :
2468 2830 2787 2912 Κατηνέχθη
2828 2832 2972 2912 ὅμως
3014 2834 3104 2894 καὶ
3132 2834 3288 2906 αὐτὸς
3328 2836 3416 2897 ἐπὶ
3445 2837 3507 2899 τὸ

1943 2916 2212 2996 πιέζομαι.

2023 3023 2095 3064 82.
2140 3006 2193 3063 ἐν
2220 3006 2297 3084 τῷ
2321 3003 2466 3085 μέρει
2487 3003 2551 3064 σὺ
2570 3005 2661 3064 τὸν
2682 3007 2798 3066 ὄνον
2819 3028 2833 3067 :
2860 3006 2999 3067 Ἇντί
3017 3014 3137 3083 τοῦ,
3165 3010 3304 3070 κατά
3325 3035 3379 3071 τι
3407 3013 3508 3093 μέ-

1947 3089 2140 3236 ρρς,ὄ(ἢ
2170 3092 2224 3150 ἐν
2260 3094 2339 3172 τῷ
2366 3091 2467 3173 ἴσῳ
2495 3092 2661 3174 μέρει)
2690 3093 2831 3153 κατὰ
2855 3094 2952 3166 τὴν
2981 3095 3209 3174 ἀμοιὸὴν
3242 3097 3508 3178 βάστασον

1945 3200 2034 3236 τον
2090 3199 2194 3236 νον.

2026 3284 2097 3325 33.
2142 3263 2212 3343 (τί
2232 3262 2335 3345 γὰρ
2351 3265 2455 3344 ἐγὼ
2472 3267 2569 3325 οὐκ
2584 3265 2916 3347 ἐναυμάχουν
2937 3289 2952 3328 :
2973 3268 3117 3352 Πρὸς
3132 3269 3253 3338 τοὺς
3264 3270 3508 3354 χρόνους,

1945 3350 2026 3411 ὅτι
2051 3356 2128 3434 τῷ
2154 3351 2393 3434 προτέρῳ
2422 3351 2526 3412 ἔτει
2553 3354 2642 3414 ἐπὶ
2677 3354 2991 3433 Ἀντιγένους
3024 3358 3146 3438 περὶ
3172 3358 3508 3440 Ἀργίνουσαν
3536 3403 3589 3442 35

1947 3439 2132 3500 ἐνίκων
2161 3439 2436 3522 ναυμαχία
2466 3445 2514 3501 οἱ
2547 3440 2806 3514 Ἀθηναῖοι
2836 3444 3262 3524 συμμαχούντων
3291 3446 3509 3520 δούλων,

1947 3527 2369 3610 προκακωθέντες
2409 3529 2595 3596 ἄλλαις
2629 3529 2975 3610 ναυμαχίαις,
3013 3531 3255 3601 οὕστινας
3289 3536 3511 3607 ἠλευθέ-

1948 3638 2138 3695 ρωσαν·
2164 3616 2293 3697 πρὸς
2314 3622 2467 3676 τοῦτο
2485 3609 2575 3677 οὖν
2593 3617 3043 3699 χαριεντιζόμενος
3062 3619 3235 3700 λέγει,
3259 3620 3341 3681 ὅτι
3363 3622 3510 3705 εἴπερ

1947 3704 2410 3783 ἐνεναυμαχήκειν,
2431 3702 2531 3763 κᾶν
2551 3705 2779 3787 ἀφείμην
2801 3706 3080 3788 ἐλεύθερος.
3108 3707 3247 3768 ὥστε
3270 3710 3510 3787 οἰμώζειν

1947 3788 2012 3849 ἂν
2040 3789 2219 3870 ἔλεγόν
2247 3813 2347 3851 σοι.
2384 3796 2418 3863 ἡ
2465 3789 2522 3851 δὲ
2559 3792 2891 3873 Ἀργίνουσα,
2928 3795 3082 3863 πόλις
3113 3799 3208 3867 τῆς
3243 3796 3508 3872 Αἰολίδος,
3536 3839 3589 3879 ⁴⁰

1947 3877 2161 3961 ἀντικρὺ
2199 3876 2254 3937 δὲ
2295 3879 2505 3941 Λέσόου
2542 3880 2759 3959 κειμένη
2801 3881 2893 3941 καὶ
2931 3882 3146 3951 Μαλίας
3184 3884 3512 3964 καλουμένης

1947 3964 2016 4024 ἄκ
2051 3968 2153 4042 ας.)

2021 3989 2096 4115 ἕο.
2142 4053 2374 4166 (κατάὸα
2414 4062 2673 4137 πανοῦργε
2720 4077 2735 4117 :
2780 4056 2860 4118 Τὸ
2900 4080 2957 4138 χ,
2997 4040 3077 4117 ὅτι
3117 4058 3327 4119 κατάὸα
3364 4060 3509 4143 φησί.

1946 4140 3511 4314 353222‘25935502152252335:222202‘153325232223
3536 4290 3585 4329 ff

1945 4315 2002 4375 δὲ
2029 4316 2115 4376 ἐπὶ
2145 4318 2373 4398 σφοδρᾶς
2403 4316 2779 4398 βλασφημίας.)

2023 4424 2093 4464 38.
2135 4408 2204 4471 ὥς
2224 4407 2590 4485 Κενταυρικῶς
2618 4425 2632 4466 :
2661 4408 2904 4488 (Πρῶτον
2925 4405 3021 4484 μὲν
3044 4405 3140 4475 ἕως
3157 4404 3343 4468 τούτου
3367 4412 3510 4469 ὓπα-

1943 4487 2112 4552 κούων
2151 4496 2228 4573 τῷ
2254 4493 2492 4574 Διονύσῳ
2530 4490 2674 4572 λέγει
2715 4497 2744 4553 6
2774 4493 3071 4574 Ἡρακλῆς,
3112 4493 3320 4568 ἐνήλαθ’
3349 4487 3508 4565 ὅστις·

1942 4570 2058 4638 εἶτα
2086 4577 2182 4651 τὴν
2209 4579 2327 4660 ὄψιν
2357 4580 2719 4660 καταπλαγεὶς
2743 4579 2805 4640 τὸ
2829 4580 2925 4659 μὲν
2951 4581 3233 4642 ἀκόλουθον
3260 4585 3357 4643 οὔκ
3384 4586 3509 4644 ἀνε-

1944 4666 2242 4747 πλήρωσεν,
2270 4664 2431 4726 εἰπὼν
2467 4665 2608 4736 ὅστις
2636 4666 2794 4742 ἐστίν,
2825 4668 2962 4728 ἀλλὰ
2989 4670 3267 4747 θαυμάσας
3289 4672 3505 4754 ἐπηρῶ-
3535 4729 3599 4770 bt*

1942 4778 2073 4829 τησε
2107 4754 2185 4822 τίς
2212 4756 2333 4833 εἴη.)
2365 4754 2482 4813 ἀντὶ
2518 4761 2610 4815 τοῦ
2646 4754 2893 4834 ἀκόσμως
2927 4759 3018 4819 καὶ
3056 4758 3394 4840 ὖόριστικῶς,
3427 4759 3508 4820 ὅτι

1944 4842 2036 4901 καὶ
2059 4845 2108 4901 οἱ
2139 4841 2430 4923 Κένταυροι
2458 4842 2722 4924 ὖὸρισταί.
2753 4844 2845 4903 καὶ
2878 4850 3034 4905 τοῦτο
3069 4836 3205 4905 οἶδεν
3233 4845 3508 4929 Ἡρακλῆς

3536 2967 3591 3009 30

294 4923 472 4984 καὶτὸ
501 4932 627 4997 [od.
657 4938 719 4999 Ο,
764 4932 864 4997 357]
888 4953 914 4979 ιι
951 4927 1004 4986 ἐν
1031 4926 1165 5009 ὠμῷ
1191 4925 1354 5008 γήραΐ
1397 4931 1540 5000 θῆκε.
1587 4955 1611 4982 ν
1647 4927 1736 4987 διὰ
1762 4926 1858 5001 τὴν
1944 4934 2006 4990 ἐκ
2029 4935 2124 5002 τῆς
2147 4929 2275 5010 πρὸς
2297 4928 2484 4999 αὐτοὺς
2507 4930 2704 5011 μάχης.
2734 4929 2868 4999 τινὲς
2889 4932 2947 4992 δὲ
2970 4932 3086 4993 ἀντὶ
3110 4939 3201 4994 τοῦ
3229 4938 3501 5012 μαλακῶς.

295 5010 487 5085 ἀηδίαν
520 5004 609 5073 οὖν
633 5012 920 5094 γηράσκω,
939 5013 1119 5096 φησίν.

1945 5016 2272 5099 εἰρωνεύεται
2294 5016 2397 5100 γὰρ
2424 5022 2453 5078 6
2486 5018 2776 5101 Ἡρακλῆς.
2812 5024 2841 5081 6
2868 5021 2970 5105 γὰρ
2997 5020 3245 5090 Διόνυσος
3271 5024 3508 5102 μαλακὸς

3232 5132 3294 5174 18.
