3859 5725
348 268 418 319 12
1308 253 1697 316 SCHOLIA
1754 253 1847 314 IN
1902 254 2583 324 ACHARNENSES.

418 409 515 449 300.
554 377 650 448 οἷδ’
681 389 788 466 ἐγὼ
809 384 899 440 καὶ
920 369 1042 453 τῦὺς
1078 382 1334 451 Λάκωνας
1365 403 1382 445 :
1421 383 1576 444 Πάνυ
1604 385 1781 450 δεινῶς
1807 382 1901 443 καὶ

336 473 727 556 τεθαρρηκότως
762 469 1026 554 ἐχρήσατο
1050 474 1118 551 τῇ
1147 471 1504 552 ἐπαναλήψει,
1528 469 1623 530 καὶ
1646 473 1706 530 οὗ
1742 470 1900 530 κατέ·

337 562 529 637 πτηξεν
566 560 684 622 οὐδὲ
719 558 1001 634 ηὖλαὸήθη
1039 562 1093 618 ἐν
1117 558 1382 626 τοσούτοις
1403 557 1535 639 ὑπὲρ
1558 561 1664 617 τῶν
1699 560 1899 639 ἐχθρῶν

338 649 516 724 εἰπὼν,
550 648 631 709 ὅτι
663 652 722 707 οὐ
760 646 917 727 μόνον
945 649 1041 707 οὒκ
1072 645 1332 719 ἠδίκησαν
1374 645 1516 705 κατὰ
1546 644 1749 720 πάντα,
1781 646 1899 705 ἀλλ’

278 755 308 795 6
335 737 415 797 ὅτι
437 738 528 796 καὶ
553 740 606 796 ἐν
631 745 740 803 τοῖς
760 736 1051 807 ἀδικηθεῖσι
1070 739 1310 814 ταχθεῖεν
1335 733 1418 794 ἄν.

296 875 299 877 .
415 845 514 885 3ιε.
558 821 959 904 ταραξικάρδιον
980 819 1286 892 ·;.Αὖξήσει
1314 819 1573 901 κέχρηται
1609 817 1770 880 εἰπὼν
1796 843 1900 878 τα-

335 909 681 993 ραξικάρδιον.
701 908 815 967 ἔστι
833 907 936 987 γάρ
957 931 1009 966 τι
1032 907 1216 981 δεινὸν,
1238 907 1267 967 ὃ
1289 907 1365 984 μὴ
1389 906 1553 976 οὕτως
1575 906 1688 967 ἐστὶ
1714 905 1896 979 δεινὸν,

331 1000 402 1065 ὥς
437 996 643 1056 δάκνειν
689 994 800 1073 (καὶ
838 993 1114 1077 ταράττειν
1149 993 1247 1067 τὴν
1287 994 1525 1077 καρδίαν.
1566 992 1697 1076 ὅπερ
1739 994 1795 1053 δὲ
1829 997 1896 1073 τῇ

331 1084 523 1166 καρδία
568 1081 810 1165 ταραχὴν
847 1081 1180 1160 ἐμποιήσειεν
1217 1080 1300 1157 ἂν,
1337 1086 1493 1142 τοῦτο
1526 1081 1899 1162 ἀναμφιόόλως

254 1187 305 1226 ιο
332 1170 623 1231 δεινότατον
651 1170 911 1249 νομίζοιτο
938 1170 1044 1249 ἅν).
1827 1204 1830 1208 .

312 1249 329 1264 ‘
409 1279 507 1319 ³17.
550 1258 677 1337 (κᾶν
717 1280 777 1335 γε
814 1256 890 1336 μὴ
928 1257 1066 1337 λέγω
1103 1256 1282 1317 δίκαια
1327 1277 1343 1318 t
1387 1261 1565 1319 Τοῦτο
1601 1255 1766 1316 δεινὸν
1803 1254 1896 1314 καὶ

329 1346 792 1427 προσκρουσ-τικὸν,
817 1344 999 1417 ἐπειδὴ
1022 1347 1070 1404 οἰ
1094 1350 1508 1425 στρατηγοῦντες
1529 1345 1623 1404 καὶ
1650 1346 1896 1423 δημαγω-

329 1439 536 1513 γοῦντες
557 1433 790 1494 κωλυταὶ
812 1437 906 1506 τῆς
933 1431 1140 1514 εἰρήνης
1167 1431 1435 1512 ἐγίνοντο.)

408 1542 509 1584 313.
551 1520 681 1604 ὑπὲρ
701 1519 943 1592 ἐπιξήνου
960 1539 975 1580 :
998 1519 1273 1592 Ἔπίξηνος
1287 1521 1528 1581 καλεῖται
1545 1525 1574 1580 6
1593 1517 1894 1599 μαγειρικὸς

252 1629 301 1669 15
327 1609 546 1690 κορμὸς,
571 1609 651 1691 ἐφ’
679 1600 741 1668 οὗ
762 1607 831 1666 τὰ
858 1605 986 1690 κρέα
1014 1608 1414 1688 συγκόπτουσιν.

409 1716 507 1758 330.
551 1694 628 1775 μὴ
652 1698 713 1754 οὗ
745 1695 1073 1764 καταξαίνειν
1104 1715 1119 1756 :
1158 1695 1253 1769 Μὴ
1282 1697 1403 1777 οὖχὶ
1428 1694 1588 1762 λίθοις
1614 1693 1773 1754 αὐτὸν
1801 1695 1892 1752 αῖ-

329 1781 571 1861 μάσσειν,
596 1781 735 1843 ὥστε
763 1788 1024 1864 φοινικοῦν
1047 1785 1193 1865 αὐτῷ
1214 1789 1435 1856 ποιῆσαι
1455 1783 1517 1843 τὸ
1543 1787 1717 1861 σῶμα.
1744 1781 1806 1841 τὸ
1835 1779 1892 1839 δὲ

327 1871 655 1940 καταξαίνειν
676 1874 747 1938 ὣς
770 1870 859 1930 ἐπὶ
874 1870 1027 1952 ἐρίων
1047 1869 1222 1942 ἔθηκε.
1248 1871 1435 1931 διὸκαὶ
1461 1870 1720 1953 φοινικίδα
1748 1860 1890 1929 εἶπεν

326 1962 397 2026 ὡς
416 1959 506 2018 ἐπὶ
528 1958 762 2037 ἱματίου.
795 1958 1174 2040 (Ἀριστοτέλης
1200 1958 1256 2017 δέ
1281 1980 1438 2041 φησιν
1458 1962 1513 2018 ἐν
1529 1962 1598 2038 τῇ
1621 1958 1890 2019 Λακεδαι-

247 2069 302 2109 30
329 2046 521 2124 μονίων
568 2045 837 2127 πολιτεία,
877 2049 1108 2129 χρῆσθαι
1152 2045 1600 2123 Λακεδαιμονίους
1648 2043 1889 2127 φοινικίδι

324 2133 454 2215 πρὸς
478 2130 596 2201 τοὺς
622 2131 908 2211 πολέμους,
933 2137 1087 2192 τοῦτο
1115 2131 1209 2211 μὲν
1232 2132 1312 2192 ὅτι
1332 2133 1393 2193 τὸ
1419 2137 1515 2206 τῆς
1533 2131 1696 2212 χρόας
1713 2132 1889 2211 ἀνδρι-

325 2219 437 2295 κὸν,
464 2226 621 2281 τοῦτο
644 2218 698 2279 δὲ
725 2221 805 2280 ὅτι
828 2220 890 2280 τὸ
915 2226 1007 2280 τοῦ
1039 2219 1321 2302 χρώματος
1350 2221 1649 2298 αἱματῶδες
1678 2223 1771 2292 τῆς
1796 2223 1887 2278 τοῦ

327 2306 548 2386 αἵματος
574 2307 771 2389 ῥύσεως
798 2308 951 2378 ἐθίζει
977 2317 1346 2391 καταφρονεῖν.
1372 2307 1433 2367 τὸ
1453 2299 1542 2366 οὗν
1564 2310 1618 2366 ἐν
1646 2307 1888 2388 φοινικίδι

325 2396 440 2454 ἀντὶ
460 2401 555 2455 τοῦ
576 2397 631 2454 ἐν
657 2393 802 2463 τάξει
824 2394 1113 2475 πολεμίων,
1139 2394 1246 2454 ἀπὸ
1273 2400 1366 2454 τοῦ
1390 2394 1693 2477 φορήματος
1716 2395 1887 2467 δηλώ-

243 2501 297 2542 25
324 2506 460 2543 σειεν
484 2482 547 2541 ἂν
576 2481 815 2555 εἰκότως,
839 2482 955 2541 ἐπεὶ
982 2482 1044 2541 τὸ
1072 2487 1402 2565 φοινιχθῆναι
1423 2485 1779 2562 αἱμαχθῆναι,
1808 2480 1888 2539 δί-

322 2594 422 2644 κην
447 2568 846 2653 φοινικοὸαφοῦς
874 2569 1176 2648 ἐνδύματος.
1209 2569 1301 2629 καὶ
1326 2571 1387 2629 τὸ
1418 2569 1576 2639 ξαίνω
1615 2574 1762 2651 ῥῆμα
1795 2568 1888 2627 καὶ

320 2657 470 2739 παρὰ
492 2655 818 2736 Δημοσθένει
840 2660 1011 2716 κεῖται
1038 2641 1102 2717 ἐν,
1118 2661 1195 2738 τῷ
1223 2659 1342 2717 κατ’
1369 2656 1623 2737 Αἰσχίνου
1645 2655 1767 2737 περὶ
1792 2660 1889 2729 τῆς

319 2743 752 2827 παραπρεσὸείας
776 2751 845 2819 [p.
863 2763 973 2818 403,
996 2752 1043 2817 3]
1065 2772 1090 2797 σι
1111 2743 1356 2816 εἰπούσης
1374 2767 1426 2803 τι
1438 2742 1530 2803 καὶ
1553 2744 1887 2824 δακρυσάσης

319 2832 544 2907 ἐκείνης,
568 2830 881 2914 περιρρήξας
899 2831 990 2892 τὸν
1020 2834 1221 2913 χιτῶνα
1243 2835 1271 2891 6
1293 2832 1526 2907 οἰκέτης,
1558 2830 1718 2902 ξαίνει
1745 2830 1886 2892 κατὰ

246 2934 300 2976 ³0
318 2927 410 2981 τοῦ
431 2920 595 2981 νώτου
614 2921 834 2989 πολλάς.
865 2923 909 2998 ιι)

397 3007 723 3078 καταξαίνειν
786 3028 804 3069 z
854 3006 1069 3082 Ξαίνει,
1124 3006 1342 3084 διαξέει,
1406 3008 1579 3083 νήθει,
1634 3008 1883 3089 σωρεύει,

317 3096 589 3178 ἐργάζεται
613 3096 757 3179 ἔρια,
783 3096 877 3156 καὶ
901 3094 1098 3178 δέρρειν
1122 3095 1324 3174 ἱμάντι.
1357 3105 1483 3157 Vm.

395 3204 493 3246 221.
538 3183 797 3266 θυμάλωψ
819 3204 835 3243 :
859 3183 930 3244 ‘0
950 3183 1357 3263 διακεκαυμένος
1375 3182 1663 3257 ἀναόάτης.
1688 3184 1736 3261 (6
1756 3185 1884 3244 ἀπο-

315 3271 651 3351 λελειμμένος
689 3277 783 3345 τῆς
821 3271 1020 3354 θύψεως
1063 3273 1285 3353 ἄνθραξ,
1313 3278 1342 3333 6
1380 3273 1691 3352 ἡμίκαυτος.
1732 3272 1880 3342 ξύλον

235 3376 289 3418 35
316 3359 460 3433 καὲν,
495 3358 742 3440 σπινθὴρ,
768 3357 806 3431 ἢ
830 3360 1236 3438 διακεκαυμένος
1258 3361 1490 3444 ἄνθραξ.)
1510 3362 1802 3445 χαριέντως
1824 3359 1879 3421 δὲ

314 3440 476 3521 εἶπεν,
506 3447 621 3506 ἐπεὶ
657 3449 933 3528 ἀνθρακεῖς
955 3451 1086 3506 εἰσιν
1119 3449 1168 3506 οἱ
1193 3448 1479 3530 Ἀχαρνεῖς.
1508 3450 1626 3509 ἀντὶ
1663 3447 1766 3530 γὰρ
1788 3455 1879 3509 τοῦ

314 3536 497 3609 εἰπεῖν,
524 3531 645 3601 οἵως
666 3532 1001 3607 ἐξεκαύθητε,
1021 3532 1280 3616 θυμάλωψ
1303 3535 1561 3604 ἐπέζεσεν.

392 3642 490 3682 333.
531 3616 873 3702 Ἄχαρνηίδαι
898 3640 913 3682 2
941 3619 1059 3693 Τὴν
1084 3620 1388 3704 Ὁμηρικὴν
1410 3624 1755 3705 παράφρασιν
1778 3647 1879 3684 πο-

313 3713 522 3778 λιτυιῶς
546 3710 786 3789 μιμεῖται
801 3735 825 3762 α
849 3701 954 3776 υἷες
973 3708 1218 3789 Ἀχαιῶν·
1250 3737 1275 3764 ι
1303 3712 1357 3770 ἐν
1386 3721 1486 3793 μιᾷ
1504 3710 1641 3781 λέξει
1663 3734 1879 3794 προεισ-

232 3810 288 3852 εο
313 3796 655 3877 ενεγκάμενος
681 3796 743 3856 τὸ
764 3794 931 3874 ὄνομα
954 3794 1094 3869 ὅλον,
1123 3786 1169 3856 ὦ
1193 3796 1486 3879 Ἀχαρνέων
1509 3802 1714 3868 παῖδες.

392 3904 490 3946 330.
534 3887 906 3944 ἀνταποκτενῶ
922 3903 937 3944 :
955 3887 1145 3946 Ταῦτα
1157 3884 1219 3945 λέ
1253 3909 1299 3945 ει
1314 3885 1450 3954 τινὸς
1466 3891 1569 3946 τῶν
1583 3886 1875 3970 Ἀχαρνέων

312 3972 556 4053 ἁρπάσας
581 3970 790 4052 κόφινον
817 3971 1095 4053 γερόντων,
1118 3974 1174 4032 ἐν
1194 3909 1252 4055 og
1263 3971 1382 4042 τοὺς
1405 3974 1666 4057 ἄνθρακας
1688 3975 1876 4059 φέρου-

312 4082 416 4133 σιν,
441 4057 498 4117 ὃν
534 4058 780 4139 βούλεται
809 4058 943 4142 ξίφει
971 4061 1380 4142 διαχρήσασθαι.
1414 4061 1647 4123 σκώπτει
1672 4064 1729 4124 δὲ
1757 4064 1875 4135 τοὺς

311 4147 595 4230 Ἀχαρνέας
614 4152 684 4218 ὡς
707 4149 1185 4230 άνθρακοκαύστας.

227 4252 284 4293 σε
390 4258 486 4299 337.
528 4237 755 4319 ὁμήρους
780 4259 797 4300 :
826 4238 1093 4321 Ὁμήρους
1120 4238 1341 4301 ἐκάλουν
1363 4240 1457 4300 καὶ
1487 4239 1761 4325 ὅμηραζτὰ
1783 4246 1872 4306 ἐπὶ

310 4323 589 4395 συνθήκαις
610 4323 856 4403 διδόμενα
881 4324 1162 4408 (ἐνέχυρα).

388 4430 486 4472 330.
528 4411 672 4472 ἔνδον
715 4410 888 4495 εἵρξας
924 4432 939 4474 :
987 4414 1343 4483 Ἀποκλείσας.
1383 4417 1583 4487 δασέως
1623 4420 1679 4480 δὲ
1719 4427 1873 4483 τοῦτο

310 4496 551 4558 Ἀττικοί.
571 4497 648 4569 (τὸ
667 4499 845 4577 μέντοι
857 4503 985 4582 παρ’
997 4499 1220 4583 Ὁμήρῳ
1242 4510 1320 4575 [n.
1336 4513 1513 4579 dmm]
1533 4508 1801 4589 «ἐρχθέντ’
1816 4513 1870 4571 ἐν

311 4585 529 4668 μεγάλῳ
547 4590 775 4665 ποταμῷ
796 4614 821 4639 1·
844 4590 1028 4669 ψιλῶς.
1057 4587 1119 4647 τὸ
1142 4588 1198 4648 δὲ
1225 4588 1374 4671 ἔρξας
1396 4592 1597 4664 δασέως
1622 4598 1874 4679 ἀναγινώ-

228 4684 282 4725 ω
309 4693 521 4751 σκομεν,
544 4669 668 4732 ὅταν
688 4673 749 4732 τὸ
772 4673 973 4756 πράξας
997 4676 1147 4749 δηλοῖ
1174 4684 1289 4749 [od.
1315 4691 1370 4752 Σ,
1396 4688 1494 4753 107]

492 4815 523 4872 ἡ
546 4813 629 4876 μιν
647 4813 719 4878 ἄρ’
739 4815 804 4872 ὣς
823 4815 975 4880 ερεασ’
991 4816 1264 4877 mamm
1281 4820 1360 4868 δια
1377 4820 1544 4872 θεάων.

307 4926 368 4986 τὸ
395 4925 450 4985 δὲ
472 4926 560 4987 ἐπὶ
580 4928 674 5000 τῆς
695 4931 905 5008 εἱρκτῆς
927 4930 1126 4999 δασέως
1153 4932 1416 5012 Ἀττικοί.)

388 5031 485 5074 333.
527 5012 739 5093 εἴσομαι
764 5017 811 5076 δ’
838 5019 984 5096 ὑμῶν
1008 5037 1026 5081 :
1056 5018 1271 5081 Ψίαθον
1305 5023 1577 5105 ἀνθράκων
1610 5029 1869 5111 προσενή-

1986 406 2156 465 νοχεν,
2179 384 2236 445 ὅν
2259 410 2391 468 φησι
2408 391 2577 449 παῖδα
2597 383 2732 453 εἶναι
2758 397 2862 454 τῶν
2887 395 3184 481 Ἀχαρνέων
3217 404 3357 466 πάνυ
3384 431 3560 488 κωμι-

1986 472 2221 535 κώτατα.
2246 472 2331 552 (τὰ
2352 473 2410 534 δὲ
2430 477 2637 556 μεγάλα
2656 480 2800 554 πάθη
2823 486 3105 556 ὑποπαίζει
3121 493 3216 562 τῆς
3234 497 3560 575 τραγωδίας,

1987 560 2104 619 ἐπεὶ
2121 561 2214 620 καὶ
2236 565 2265 620 6
2294 563 2534 644 Τήλεφος
2563 566 2702 626 κατὰ
2732 568 2821 628 τὸν
2848 576 3238 655 τραγῳδοποιὸν
3267 558 3557 662 Αἰσχύλον,

1985 643 2072 705 ἵνα
2097 647 2235 728 τύχῃ
2268 651 2420 730 παρὰ
2450 660 2562 721 τοῖς
2590 651 2826 729 Ἕλλησι
2861 662 3148 743 σωτηρίας,
3182 665 3272 725 τὸν
3295 667 3558 751 Ὀρέστην

1986 725 2098 814 εἶχε
2124 736 2420 798 συλλαόών.
2441 743 2816 823 παραπλήσιον
2844 746 2902 805 δέ
2926 771 2978 806 τι
2996 750 3088 808 καὶ
3110 753 3163 810 ἐν
3193 757 3309 822 ταῖς
3335 758 3553 835 Θεσμο·
3583 782 3617 822 s

1985 822 2352 902 φοριαζούσαις
2394 827 2663 900 ἐποίησεν.
2718 834 2747 890 6
2797 829 2901 913 γὰρ
2951 837 3242 915 Εὐριπίδου
3297 843 3559 916 κηδεστὴς

1985 909 2321 991 Μνησίλοχος
2335 914 2800 993 ἐπιδουλευόμενος
2811 920 2959 999 παρὰ
2972 926 3076 981 τῶν
3091 931 3370 1004 γυναικῶν,
3389 931 3555 990 ἅσκὸν

1987 995 2227 1078 ἁρπάσας
2249 1000 2397 1081 παρά
2420 1026 2558 1072 τινος
2573 1005 2818 1083 γυναικὸς
2838 1010 2908 1075 ὣς
2925 1007 2988 1068 ἂν
3016 1013 3224 1072 παιδίον
3245 1018 3555 1078 ἀποκτεῖναι

1987 1083 2246 1163 βούλεται.
2267 1086 2328 1146 τὸ
2352 1087 2407 1147 δὲ
2426 1090 2638 1168 εἵσομαι
2657 1093 2772 1152 ἀντὶ
2790 1099 2882 1154 τοῦ
2905 1095 3195 1176 γνώσομαι·
3216 1105 3288 1171 ὡς
3309 1104 3403 1163 καὶ
3423 1107 3556 1189 παρ’

1984 1169 2213 1253 Ὁμήρῳ
2232 1181 2313 1246 [ss.
2336 1187 2397 1249 G,
2416 1186 2516 1251 ω9]
3582 1207 3645 1265 so

2167 1278 2353 1342 εῐσομαι
2365 1316 2380 1340 ,
2399 1281 2505 1331 α’ίκε
2524 1283 2574 1345 μ’
2594 1284 2622 1333 6
2643 1284 2863 1344 Τυδείδης
2880 1291 3097 1355 κρατερὸς
3114 1295 3389 1358 Διομήδης.)

2061 1382 2160 1425 333.
2203 1368 2232 1424 6
2253 1365 2446 1448 λάρκος
2468 1368 2701 1447 δημότης
2721 1390 2736 1432 :
2759 1372 2986 1452 Πλέγμα
3011 1399 3064 1436 τι
3084 1383 3363 1462 κοφινῶδες
3384 1383 3419 1456 ἢ
3439 1388 3558 1466 ψια·

1982 1450 2164 1524 θῶδες,
2191 1453 2244 1510 ἐν
2269 1443 2315 1534 ᾧ
2343 1453 2557 1536 φέρουσι
2585 1454 2703 1524 τοὺς
2726 1458 3006 1538 ἄνθρακας.

2060 1556 2157 1597 334.
2199 1541 2459 1618 μηδαμῶς
2501 1532 2547 1601 ὦ
2598 1545 2860 1623 μηδαμῶς
2912 1569 2927 1609 :
2970 1553 3144 1611 Τοῦτο
3190 1555 3558 1631 ἀποσιώπησις

1980 1625 2239 1687 καλεῖται.
2286 1626 2422 1707 ἔχεις
2464 1630 2557 1689 καὶ
2600 1632 2748 1714 παρὰ
2791 1638 3115 1713 Δημοσθένει
3157 1648 3229 1716 [p.
3262 1664 3371 1718 2:32,
3390 1654 3464 1719 20]
3492 1648 3553 1708 τὸ
3583 1681 3636 1721 15

1980 1707 2157 1788 ὅμοιον
2183 1739 2206 1765 ιι
2228 1714 2345 1772 ἀλλ’
2366 1705 2412 1773 ὦ
2439 1715 2492 1774 τί
2516 1716 2580 1776 ἄν
2606 1741 2665 1777 σε
2687 1742 2766 1786 τις
2788 1720 2949 1782 εἰπὼν
2965 1727 3130 1806 ὀρθῶς
3153 1730 3459 1809 προσείποι,
3487 1763 3511 1787 ο

2057 1817 2152 1858 330.
2198 1801 2411 1869 ἀπολεῖς
2444 1801 2549 1883 ἄρα
2576 1803 2665 1864 τὸν
2706 1806 2867 1878 ἥλικα
2902 1810 3097 1874 εἭτοι
3135 1815 3224 1874 τὸν
3264 1817 3481 1899 λάρκον,
3515 1819 3553 1895 ἢ

1979 1884 2074 1962 ἐμὲ
2098 1885 2186 1944 τὸν
2215 1892 2311 1947 σοῦ
2335 1891 2498 1949 αὐτοῦ
2525 1891 2720 1968 ἥλικα,
2752 1895 2840 1953 διὰ
2864 1902 2958 1970 τῆς
2985 1905 3077 1960 τοῦ
3101 1902 3299 1984 λάρκου
3325 1912 3551 1987 σφαγῆς.

1981 1972 2191 2049 (διπλαῖ
2213 1973 2268 2033 δὲ
2292 1975 2400 2036 δύο.
2428 1975 2463 2048 ἢ
2487 1976 2569 2038 ὅτι
2596 1985 2631 2051 ἡ
2657 1981 2812 2062 ἑτέρα
2841 1982 3026 2046 ἕπεται
3049 1988 3200 2062 δυὰς,
3225 1997 3260 2063 ἡ
3288 1995 3556 2075 ἀντιστρέ-

1978 2081 2146 2139 φουσα
2166 2065 2234 2142 τῇ
2263 2064 2619 2148 ἂποδεδομένῄ
2633 2110 2650 2140 ,
2683 2061 2746 2140 ἧς
2775 2074 2809 2141 ἡ
2834 2073 2975 2152 ἀρχὴ
3011 2101 3035 2128 «ι
3065 2080 3137 2144 ὥς
3159 2080 3431 2141 ἀποκτενῶ
3459 2083 3553 2141 κέ-
3580 2113 3636 2154 20

1977 2152 2196 2227 κραχθε.
2236 2176 2263 2201 n
2286 2149 2434 2220 τέλος
2467 2152 2523 2211 δὲ
2556 2159 2652 2227 τῆς
2684 2155 2898 2238 πρώτης
2921 2187 2946 2211 κ
2968 2163 3028 2220 οὔ
3064 2165 3322 2245 προδώσω
3346 2170 3499 2234 ποτέ.
3527 2199 3552 2224 υ

1975 2239 2070 2306 τῆς
2093 2235 2148 2294 δὲ
2171 2237 2412 2318 δευτέρας
2434 2267 2460 2292 ιι
2486 2245 2554 2320 τῇ
2588 2249 2786 2325 στροφῇ
2809 2245 3027 2324 γίνεται.
3053 2253 3103 2329 n)

2055 2340 2155 2384 333.
2201 2325 2340 2385 ἀλλὰ
2360 2332 2452 2387 νῦν
2471 2327 2601 2409 λέγ’,
2628 2330 2678 2390 εἴ
2703 2354 2786 2391 σοι
2816 2352 2833 2394 2
2864 2333 3270 2420 Ἐπιτρέπουσιν
3294 2346 3441 2406 αὐτῶ
3469 2348 3554 2408 λέ-

1976 2430 2105 2486 γειν,
2125 2408 2212 2469 ἵνα
2241 2412 2397 2490 μόνον
2427 2418 2536 2497 ἀφῇ
2563 2417 2652 2476 τὸν
2687 2418 2902 2502 λάρκον.
3411 2406 3423 2428 ’

2055 2515 2153 2556 330.
2196 2497 2276 2558 ὅτι
2294 2505 2371 2581 τῷ
2397 2503 2577 2586 τρόπῳ
2604 2511 2699 2565 σοῦ
2720 2507 2849 2567 ’στιν
2875 2508 3052 2572 :mvl
3073 2518 3164 2573 τοῦ
3184 2515 3297 2576 εἰπὲ
3325 2518 3419 2578 καὶ
3441 2519 3549 2583 ὅτι.)
3578 2554 3634 2594 25

1976 2580 2157 2665 τρόπῳ
2184 2590 2213 2645 6
2238 2591 2654 2670 Λακεδαιμόνιός
2684 2593 2798 2654 ἐστί
2828 2618 2910 2655 σοι
2937 2597 3101 2679 φίλος.
3129 2600 3167 2674 ἢ
3194 2603 3374 2675 οὕτως·
3404 2584 3551 2687 εἰπὲι,

2214 2680 2249 2759 'J‘
2299 2677 2443 2757 ρόπῳ
2471 2678 2620 2760 φίλον
2643 2681 2755 2739 ἐστὶ
2777 2682 2901 2763 περὶ
2924 2688 3370 2769 Λακεδαιμονίων.
3395 2695 3551 2774 (τὸδὲ

1975 2755 2144 2816 ἑνικὸν
2163 2759 2280 2819 ἀντὶ
2293 2768 2385 2821 τοῦ
2402 2766 2753 2836 πληθυντικοῦ
2772 2772 3132 2852 προηνέγκατο
3143 2822 3160 2852 ,
3181 2779 3298 2839 ἀντὶ
3317 2787 3408 2842 τοῦ
3426 2785 3550 2866 περὶ

1974 2845 2427 2925 Λακεδαιμονίων.
2459 2852 2520 2912 τὸ
2549 2851 2726 2933 ὅμοιον
2749 2857 2841 2917 καὶ
2867 2860 3016 2942 παρὰ
3052 2868 3128 2943 τῷ
3157 2867 3334 2950 ῥήτορι
3374 2873 3430 2929 ἐν
3471 2876 3550 2932 τῶ

1972 2931 2168 3014 πρώτῳ
2195 2939 2299 2995 τῶν
2329 2939 2672 3001 Φιλιππικῶν
2700 2950 2785 3018 [p.
2822 2965 2901 3025 13,
2930 2967 2959 3008 4
2985 2953 3055 3022 ἲ]
3083 2979 3109 3004 κ
3135 2954 3275 3014 ἀλλὰ
3309 2955 3416 3037 μὴν
3453 2935 3542 3021 τόν
3572 2988 3630 3031 8⁰

1972 3042 2034 3098 γε
2058 3020 2267 3081 Παίονα
2287 3024 2379 3082 καὶ
2400 3026 2671 3108 Ἰλλυριόν.
2700 3032 2745 3109 ν)

2051 3125 2148 3167 841.
2191 3107 2470 3191 ἐξεράσατε
2509 3133 2526 3175 2
2565 3115 2702 3174 Ἀντὶ
2733 3122 2828 3177 τοῦ
2869 3122 3226 3203 ἐκκενώσατε,
3264 3131 3547 3210 ἐκὸάλετε,

1972 3195 2316 3278 ἀπορρίψατε.
2355 3200 2644 3275 πεποίηται
2675 3203 2733 3264 δὲ
2767 3211 2802 3281 ἡ
2829 3207 2965 3278 λέξις
2996 3212 3104 3272 ἀπὸ
3128 3220 3223 3290 τῆς
3246 3217 3391 3300 ἐρας,
3425 3246 3544 3282 του-

1969 3280 2115 3342 τὲπῑ
2140 3288 2236 3356 τῆς
2256 3289 2370 3363 γ’ἥς.

2048 3390 2147 3432 343.
2191 3373 2353 3433 οὗτοιί
2380 3398 2462 3435 σοι
2486 3379 2664 3456 χαμαί
2693 3400 2708 3441 :
2739 3384 3006 3466 Κωμῳδεῖ
3035 3387 3127 3448 καὶ
3156 3391 3388 3476 διασύρει
3423 3396 3542 3467 τοὺς
3568 3431 3624 3472 ³6

1969 3457 2267 3624 Ἀθηγῖιιίους
2305 3464 2377 3530 ὡς
2415 3463 2507 3523 καὶ
2546 3466 2753 3547 ταχέως
2800 3473 3153 3552 θυμουμένους
3201 3479 3293 3539 καὶ
3338 3484 3545 3564 ταχέως

1966 3567 2105 3605 παυο
2176 3569 2310 3617 νους.

2044 3652 2143 3695 345.
2188 3634 2327 3695 ἀλλὰ
2358 3638 2588 3700 κατάθου
2624 3641 2685 3701 τὸ
2724 3643 2918 3724 βέλοςτ
2953 3650 3290 3727 Σημειωτέον
3328 3653 3409 3715 ὅτι
3445 3658 3540 3720 ἐπὶ
3609 3640 3616 3645 ⁴

1964 3719 2138 3889 ξίφο)υς
2158 3723 2219 3782 τὸ
2245 3723 2394 3804 βέλος
2410 3726 2626 3789 τέθεικε.
2652 3730 2763 3808 (καὶ
2782 3731 3029 3819 Ὅμηρος
3045 3747 3152 3799 πᾶν
3173 3740 3235 3800 τὸ
3268 3744 3540 3824 βαλλόμε-

1965 3832 2069 3871 νον.

2043 3915 2145 3958 343.
2190 3897 2508 3978 ἐγκάθηνταί
2541 3926 2645 3964 που
2683 3905 2819 3968 λίθοι
2852 3928 2868 3971 ε
2905 3910 3357 3997 Ἐγκεκρυμμένοι
3387 3919 3537 3981 εἰσίν·

1962 3984 2011 4042 ot
2036 3982 2139 4065 γὰρ
2163 3986 2515 4067 κρυπτόμενοι
2537 3993 2916 4067 ὑποκάθηνται.

2040 4091 2139 4132 am.
2182 4073 2509 4135 ἐκσέσεισται
2536 4076 2651 4141 εἪ
2673 4083 2702 4140 6
2722 4081 2942 4159 κόλπος,
2964 4082 2999 4157 ἢ
3025 4089 3054 4146 6
3079 4087 3293 4170 τρίὸων.

2039 4179 2138 4220 ue.
2178 4165 2251 4228 ὡς
2282 4160 2368 4221 ὅδε
2391 4183 2453 4241 γε
2482 4166 2685 4234 σειστός
2725 4187 2741 4229 :
2770 4168 3118 4252 (Χορεύουσιν
3147 4175 3262 4256 ἅμα
3284 4180 3376 4241 καὶ
3404 4182 3534 4263 κόρ-

1961 4249 2099 4307 δακα
2122 4248 2482 4312 ἐνδείκνυνται.
2505 4253 2566 4312 τὸ
2588 4255 2867 4335 λεγόμενον
2885 4260 3048 4330 οὕτως
3074 4264 3162 4324 ἐπὶ
3183 4271 3277 4340 τῆς
3292 4276 3530 4349 κωμικῆς
3555 4309 3612 4351 45

1958 4335 2272 4416 ὀρχήσεως.)
2293 4339 2735 4422 ἀναστρεφόμενοι
2766 4345 2822 4405 δὲ
2858 4350 3268 4414 ἀποτινάσσουσι
3285 4357 3407 4425 τοὺς
3435 4384 3528 4441 χι-

1957 4427 2153 4498 τῶνας,
2174 4426 2569 4497 ἀποδεικνύντες
2590 4434 2660 4498 ὡς
2679 4433 2882 4510 μηδένα
2898 4438 3003 4495 τῶν
3021 4437 3177 4499 λίθων
3196 4445 3532 4527 ἀποκεκρυμ-

1961 4509 2117 4590 μένον
2133 4510 2332 4592 ἔχουσι.
2355 4514 2585 4594 (λέγεται
2609 4518 2664 4578 δὲ
2694 4521 2894 4605 στροφή
2924 4529 3029 4586 τῶν
3049 4527 3234 4589 κώλων
3254 4531 3317 4592 τὸ
3333 4532 3527 4610 σύστη-

1960 4622 2058 4677 μα.
2081 4600 2338 4682 γράφεται
2365 4603 2457 4662 καὶ
2481 4603 2797 4689 στρόφιγγι.)

2037 4705 2136 4749 347.
2181 4688 2416 4767 ἐμέλλετ’
2452 4692 2558 4774 ἄρα
2594 4714 2610 4755 z
2649 4694 2989 4759 Ἤθικώτατα
3033 4701 3124 4762 καὶ
3163 4704 3359 4776 ἥδιστα
3397 4710 3528 4791 πρὸς
3554 4730 3608 4799 g,

1957 4773 2077 4843 τοὺς
2094 4779 2147 4835 ἐν
2161 4780 2237 4857 τῷ
2254 4776 2438 4860 λάρκῳ
2457 4780 2719 4864 ἄνθρακας
2737 4784 3059 4865 διαλέγεται,
3083 4790 3268 4871 (λέγων
3282 4793 3364 4855 ὅτι
3377 4798 3531 4875 ἐμέλ-

1957 4863 2076 4921 λετε
2112 4861 2247 4939 μετὰ
2278 4867 2400 4943 βοῆς
2432 4868 2711 4944 ἀνασείειν,
2754 4876 2824 4941 ὣς
2858 4878 2953 4946 τῆς
2981 4882 3074 4936 τοῦ
3104 4879 3302 4962 λάρκου
3337 4883 3528 4965 ῥήξεως

1959 4948 2095 5025 μετὰ
2113 4953 2239 5028 βοῆς
2255 4953 2546 5029 μελλούσης
2566 4954 2816 5033 γίνεσθαι.
2840 4996 2920 5008 -
2940 4963 3177 5043 ἐμέλλετ’
3191 4967 3294 5050 ἄρα
3309 4971 3530 5049 πάντες,

1960 5038 2045 5118 ὑφ’
2065 5035 2095 5095 δ
2116 5039 2277 5111 διπλῆ
2292 5084 2309 5117 ,
2330 5040 2423 5100 καὶ
2441 5042 2495 5100 ἐν
2517 5042 2736 5105 εἰσθέσει
2755 5048 2924 5130 στίχοι
2949 5052 3189 5130 ἰαμὸικοὶ
3212 5058 3323 5137 ια’.)

3561 3873 3620 3917 40
