3859 5725
416 219 490 270 86

410 360 435 384 σι
462 332 595 413 χόην
625 332 859 413 ἔκλεψεν.
895 358 919 385 n
953 322 1059 392 οἷον
1088 334 1133 392 δ’
1162 324 1227 405 ἦν
1255 335 1382 415 δρᾶν
1410 331 1498 391 τὸν
1528 331 1806 415 φιλόσοφον
1828 332 1889 392 τὸ
1916 335 1973 392 ἐν

407 424 614 502 φανερῷ
651 420 882 499 μάλιστα
920 426 1101 488 σκεῦος
1136 419 1512 497 κατακείμενον
1551 419 1842 479 κλέπτοντα
1878 418 1970 479 καὶ

407 506 797 588 ὕφαιρούμενον.
828 539 899 549 -
954 506 1161 587 πνιγεὺς
1189 528 1206 570 t
1246 506 1497 585 Κάμινος.
1525 507 1648 589 Βῆ]

465 597 573 680 (98.)
619 587 758 655 οὗτοι
799 596 1150 669 διδάσκουσιν,
1181 594 1424 677 ἀργύριον
1449 595 1512 668 ἦν
1545 618 1623 663 τις
1655 596 1780 677 διδῷ
1809 614 1825 655 2
1856 593 1968 656 Καὶ

348 699 374 737 ⁶
401 687 552 741 τοῦτο
575 683 785 764 ψεῦδος,
807 682 1056 754 διαὸολῆς
1077 683 1249 763 χάριν.
1280 681 1446 749 οὐδεὶς
1467 681 1570 763 γὰρ
1598 682 1779 760 μισθὸν
1804 679 1968 740 ἐτέλει

400 769 710 851 Σωκράτει,
740 770 855 829 ἐπεὶ
880 772 1117 837 κάκεῖνος
1141 769 1333 852 ἔφασκε
1360 768 1522 847 μηδὲν
1547 767 1757 830 εἰδέναι.
1785 768 1966 850 διόπερ

399 857 490 917 καὶ
526 859 630 918 ὑπὸ
663 864 757 918 τοῦ
795 858 994 920 Πυθίου
1042 884 1075 918 σ
1174 884 1197 926 ς
1233 858 1435 940 ἐκρίθη.
1473 864 1626 919 τοῦτο
1661 857 1763 939 γὰρ
1802 861 1964 917 αὐτοῦ

395 968 439 1002 π
471 949 605 1003 ῶτον
647 944 705 1005 ἔκ
743 970 844 1005 ινεν
885 952 1043 1028 σοφοῦ
1091 970 1249 1020 ειναι,
1289 946 1349 1005 τὸ
1388 946 1642 1028 γνωρίσαι
1680 945 1758 1005 ὅτι
1800 944 1964 1023 μηδὲν

394 1055 422 1090 ο
445 1033 517 1091 δε.
542 1035 654 1100 πῶς
682 1055 770 1090 ουν
799 1031 863 1092 ἂν
884 1033 1067 1110 μισθὸν
1089 1032 1376 1116 ἐπράττετο
1398 1057 1473 1092 πα
1511 1033 1544 1091 ὰ
1576 1037 1680 1093 τῶν
1704 1033 1962 1093 συνόντων

318 1131 369 1170 10
394 1123 423 1178 6
446 1119 567 1201 περὶ
592 1124 750 1179 αὑτοῦ
779 1119 1148 1200 βεὸαιούμενος
1169 1120 1251 1180 ὅτι
1273 1120 1417 1180 οὐδὲν
1439 1145 1467 1181 ο
1490 1123 1622 1199 δεν;)

472 1227 565 1267 101.
592 1206 874 1289 ἀποφεύγει
896 1212 1059 1268 εἰπεῖν
1080 1209 1142 1269 τὸ
1162 1210 1328 1286 ὄνομα
1352 1207 1438 1267 διὰ
1462 1208 1522 1267 τὸ
1545 1207 1785 1287 ἐπαχθές.
1810 1227 1868 1274 R,

474 1314 566 1354 102.
612 1293 868 1363 ἀλαζόνας
888 1314 902 1354 :
923 1295 1093 1362 Ἰδίως
1107 1295 1226 1363 τοὺς
1238 1295 1468 1374 ψεύστας
1486 1296 1726 1356 ἐκάλουν.
1749 1293 1962 1363 εἰκότως

390 1379 446 1440 δὲ
482 1382 576 1441 καὶ
612 1381 732 1451 τοὺς
770 1382 1077 1465 φιλοσόφους
1117 1383 1374 1453 ἀλαζόνας
1410 1385 1594 1462 καλεῖ,
1639 1382 1753 1443 ἐπεὶ
1789 1382 1959 1461 λέγειν

389 1470 809 1549 ἐπαγγέλλονται
832 1471 953 1551 περὶ
977 1463 1050 1531 ὧν
1069 1475 1164 1532 οὐκ
1183 1472 1379 1534 ἴσασιν.
1405 1471 1440 1544 ἢ
1461 1473 1540 1531 ὅτι
1569 1470 1736 1551 σεμνὰ
1755 1471 1961 1551 ἔχοντες

308 1573 360 1613 1ο
386 1557 488 1630 ἤθη
519 1557 764 1628 ἀλαζόνες
792 1560 1048 1620 δοκοῦσιν.
1076 1562 1369 1641 ὠχριῶντες
1403 1559 1457 1620 δὲ
1486 1561 1577 1619 καὶ
1606 1559 1956 1638 ἀνυπόδητοι,

381 1646 497 1705 ἐπεὶ
535 1645 696 1724 μόνης
736 1650 925 1727 ἀρετῆς
958 1648 1310 1729 φροντίζοντες
1345 1647 1436 1708 καὶ
1472 1651 1530 1709 οὗ
1569 1652 1791 1729 τρυφῆς,
1834 1648 1959 1707 διώ-

381 1757 533 1798 κουσι
570 1734 633 1794 τὸ
670 1734 963 1816 ἀπέριττον.
1014 1735 1234 1817 πόνηροι
1282 1734 1337 1796 δὲ
1382 1737 1497 1796 ἀντὶ
1541 1743 1633 1796 τοῦ
1679 1735 1920 1797 ἐπίπονοι
1937 1784 1954 1815 ,

380 1821 569 1885 ἄθλιοι.
595 1858 676 1869 -
698 1822 758 1882 τὸ
789 1823 933 1883 αἷὸοἷ
958 1824 1353 1902 σχετλιαστικόν
1384 1827 1511 1884 ἐστι.
1537 1843 1670 1891 RV.

465 1930 556 1972 104.
603 1909 714 1984 [καὶ
751 1913 1032 1992 Χαιρεφῶν
1073 1931 1088 1972 :
1131 1911 1376 1992 Ἕταῖρος
1413 1912 1727 1996 Σωκράτους
1752 1916 1780 1971 6
1815 1915 1955 1974 Χαι-

299 2018 354 2057 20
381 2007 569 2085 ρεφῶν,
592 2002 647 2071 ὃς
669 2005 909 2063 ἐκαλεῖτο
929 2001 1020 2061 καὶ
1043 2003 1276 2085 νυκτερὶς
1299 2004 1386 2063 διὰ
1406 2004 1466 2064 τὸ
1501 2004 1666 2083 μέλας
1696 1996 1828 2065 εἶναι
1859 2008 1952 2066 καὶ

379 2091 745 2174 ίσχνόφωνος.]

459 2200 554 2241 105.
600 2175 1040 2257 συγκατατίθεται
1085 2176 1176 2239 καὶ
1220 2181 1249 2237 6
1302 2178 1601 2261 πρεσὸύτης
1643 2182 1714 2247 ὥς
1759 2179 1951 2249 εἰδότος

382 2266 570 2334 αὖτοὺς
590 2271 683 2325 τοῦ
706 2264 977 2325 νεανίσκου
1004 2265 1096 2326 καὶ
1120 2268 1290 2340 ἀληθῆ
1313 2267 1435 2349 περὶ
1459 2269 1630 2326 αὐτῶν
1662 2267 1945 2347 εἰρηκότος.

373 2354 529 2436 φησὶν
559 2345 648 2414 οὗν
671 2353 880 2420 τούτους
904 2352 1106 2421 αὐτούς.
1136 2365 1193 2412 R.
1216 2365 1282 2411 V.
1324 2354 1506 2433 (μηδὲν
1532 2354 1683 2435 εἴπῃς
1711 2355 1896 2428 νήπιον
1926 2379 1941 2418 :

292 2451 344 2492 25
372 2440 554 2515 Μηδὲν
577 2441 756 2513 εὔηθες
772 2487 787 2514 ,
813 2438 949 2518 μηδὲ
973 2441 1340 2523 μειρακιῶδες,
1366 2442 1489 2520 μηδ’
1515 2441 1734 2514 ἀνόητον
1773 2442 1941 2523 εἴπῃς.

371 2529 485 2588 ἀντὶ
509 2534 600 2588 τοῦ
626 2528 699 2606 μὴ
733 2533 804 2597 ὡς
830 2527 897 2587 τὰ
922 2529 1087 2601 νήπια
1109 2527 1296 2588 παιδία
1317 2527 1515 2601 ἀνόητα
1535 2528 1726 2610 εἴπῃς.)
1751 2565 1832 2575 —-
1849 2530 1944 2604 νή-

367 2639 487 2676 πιον
512 2636 528 2677 :
557 2616 769 2697 Μωρόν.
794 2627 884 2675 Br,

451 2725 546 2766 ιοο.
590 2706 705 2763 ἀλλ’
731 2703 780 2763 εἴ
803 2726 855 2762 τι
877 2703 1027 2776 κήδει
1055 2722 1069 2765 z
1101 2701 1240 2763 Ἀντὶ
1263 2706 1357 2761 τοῦ
1381 2701 1679 2784 φροντίζεις.
1708 2704 1940 2787 ἀλφίτων

365 2790 423 2852 δὲ
450 2791 564 2852 ἀντὶ
586 2796 679 2853 τοῦ
705 2790 1016 2874 χρημάτων,
1044 2793 1115 2859 ὣς
1143 2790 1420 2873 ἄγροικος,
1444 2789 1683 2851 τουτέστι
1703 2797 1797 2866 τ’ῆς
1826 2816 1937 2853 πα·-

283 2895 339 2935 30
363 2877 535 2962 τρῴας
556 2879 755 2947 οὐσίας.

442 2987 538 3028 107.
579 2967 777 3027 τούτων
823 2973 973 3046 γενοῦ
1012 2990 1101 3044 μοι
1138 2985 1153 3027 :
1190 2964 1360 3024 λείπει
1389 2964 1452 3024 τὸ
1488 2958 1561 3035 εἷς
1592 2968 1935 3049 ἀριθμητικὸν

359 3054 555 3131 ὄνομα,
606 3045 680 3121 εἶς
721 3051 920 3113 τούτων
969 3057 1120 3131 γενοῦ
1164 3074 1282 3130 μοι,
1331 3052 1532 3120 τούτοις
1584 3054 1930 3132 μαθήτευσον.

360 3140 694 3221 σχασάμενος
718 3160 732 3202 :
762 3139 1110 3208 καταπαύσας
1139 3143 1233 3210 τ’ῆς
1254 3141 1476 3211 ἱππικῆς
1499 3139 1604 3199 ἀπὸ
1636 3151 1934 3223 μεταφορᾶς

356 3233 460 3289 τῶν
489 3227 824 3309 ἐρεσσόντων.
855 3235 909 3282 R·
953 3224 1301 3304 (καταλύσας,
1329 3226 1668 3305 παυσάμενος
1708 3225 1803 3300 τὴν
1843 3232 1933 3287 ἱπ-

276 3337 328 3378 οε
356 3321 535 3389 πικὴν,
568 3315 604 3387 ἢ
644 3314 1103 3396 ἀποσυγχωρήσας
1136 3312 1228 3373 καὶ
1269 3312 1505 3381 ἀποστὰς
1538 3319 1631 3373 τοῦ
1675 3314 1933 3396 παρόντος

354 3401 785 3480 ἐπιτηδεύματος.
819 3403 880 3460 τὸ
919 3400 974 3460 δὲ
1011 3401 1347 3481 σχασάμενος
1375 3399 1482 3458 ἀπὸ
1512 3412 1809 3484 μεταφορᾶς
1848 3402 1927 3463 εί-

351 3492 554 3562 ληπται
591 3492 695 3549 τῶν
736 3484 1073 3568 ἐρεσσόντων·
1121 3485 1323 3566 σχάσαι
1363 3485 1466 3568 γὰρ
1504 3489 1581 3546 δεῖ
1618 3487 1710 3547 καὶ
1744 3488 1927 3572 ὥσπερ

354 3578 645 3636 διαστείλαι
672 3575 765 3635 καὶ
794 3573 1067 3654 διασχίσαι
1094 3573 1154 3633 τὸ
1183 3572 1323 3655 ὕδωρ
1344 3572 1441 3645 τὴν
1464 3572 1652 3647 κώπην
1681 3575 1924 3656 ἐρέσσου-

353 3688 471 3725 σαν.
497 3663 589 3724 καὶ
614 3664 873 3743 Πίνδαρος
890 3664 1057 3742 [Ργηιι.
1088 3681 1166 3733 ιο,
1186 3668 1257 3732 79]
1281 3689 1305 3714 c«
1331 3660 1517 3719 κώπαν
1547 3662 1647 3734 ἤδη
1673 3686 1764 3739 μοι
1789 3664 1925 3745 σχά-

268 3773 324 3813 40
351 3776 486 3820 σαις.
519 3780 545 3805 ³·
576 3750 669 3810 καὶ
704 3749 993 3833 Εὐριπίδης
1031 3759 1219 3821 (Phoen.
1249 3750 1349 3825 457)
1393 3776 1419 3802 α
1444 3747 1644 3828 σχάσον
1675 3748 1729 3809 δὲ
1760 3751 1923 3811 δεινὸν

349 3840 520 3919 ὄμμα.
544 3868 570 3893 ιο
692 3836 911 3906 Ἄλλως.
938 3838 1165 3909 στήσας,
1196 3834 1563 3904 καταπαύσας.
1591 3838 1793 3917 σχάσαι
1819 3838 1921 3921 γὰρ

345 3929 405 3989 τὸ
425 3929 849 4000 κωπηλατοῦντα
867 3930 1060 4011 στῆσαι
1082 3924 1178 3996 τὴν
1209 3924 1431 4004 κώπην.)
1452 3960 1532 3970 --
1549 3925 1883 4006 σχασάμενος
1901 3951 1916 3991 :

347 4016 400 4077 Ἀ
444 4015 532 4083 είς.
558 4027 650 4078 Br.

406 4040 573 4183 <f{103}
620 4103 715 4162 οὐκ
742 4100 804 4162 ἂν
828 4100 906 4179 μὰ
923 4099 1014 4160 τὸν
1038 4099 1286 4161 Διόνυσον
1312 4119 1326 4160 t
1355 4098 1604 4180 Εὖλόγως
1625 4101 1713 4160 τὸν
1742 4103 1920 4164 Διόνυ-

264 4218 317 4256 ⁴5
344 4215 434 4253 σον
479 4191 685 4269 ὄμνυσι.
728 4189 897 4273 τούτῳ
939 4188 1043 4271 γὰρ
1084 4191 1381 4248 ἐπετελεῒτο
1414 4187 1483 4247 τὰ
1525 4189 1803 4264 Διονύσια,
1846 4185 1920 4260 οἶς

342 4279 654 4359 ἠγωνίζοντο
694 4276 748 4338 οἵ
781 4301 839 4337 τε
877 4283 972 4351 τῆς
1005 4276 1301 4358 τραγῳδίας
1342 4275 1433 4336 καὶ
1470 4280 1519 4337 οἱ
1552 4282 1648 4351 τῆς
1691 4278 1921 4360 ἀρχαίας

342 4367 625 4449 κωμῳδίας
646 4365 881 4439 ποιηταί.

338 4500 347 4510 .
425 4476 520 4517 1ου.
563 4454 682 4521 τοὺς
718 4452 1000 4536 φασιανοὺς
1030 4475 1047 4515 :
1075 4452 1176 4535 [Οἱ
1206 4450 1300 4531 μὲν
1329 4450 1548 4525 ἵππους,
1580 4454 1629 4512 οἱ
1658 4451 1712 4511 δὲ
1741 4446 1911 4534 ὄρνεῖ.

341 4543 466 4603 ἔνιοι
497 4543 542 4601 δ’
578 4541 771 4610 ἵππους
802 4542 1061 4623 χάραγμα
1101 4541 1318 4622 ἔχοντας
1356 4546 1649 4622 φασιανοῦ,
1688 4544 1756 4608 ὡς
1784 4543 1915 4601 ἀλε-

261 4652 315 4692 οο
340 4629 599 4713 κτρυόνος.
624 4630 716 4689 καὶ
743 4630 888 4711 εἴπερ
917 4629 1029 4689 ἐστὶ
1054 4636 1209 4690 τοῦτο
1251 4628 1326 4708 μὴ
1364 4627 1806 4710 κατεψευσμένον,
1847 4634 1915 4691 οἶ-

340 4728 479 4778 κεῖον
503 4717 567 4778 ἂν
592 4718 671 4791 εἴη
693 4723 759 4798 τῇ
786 4723 879 4778 τοῦ
907 4717 1180 4778 νεανίσκου
1220 4718 1441 4796 σπουδῇ.
1468 4719 1516 4776 οἱ
1545 4713 1600 4775 δὲ
1624 4715 1746 4797 περὶ
1771 4716 1909 4799 Ἀρί-

341 4812 571 4887 σταρχον
597 4805 811 4888 ὀρνίθων
845 4804 1009 4885 γένος.
1043 4809 1091 4865 οἱ
1116 4805 1172 4864 δὲ
1205 4803 1286 4864 ὅτι
1314 4808 1492 4871 Φᾶσις
1528 4803 1766 4881 ποταμός
1800 4806 1912 4865 ἐστι

1584 202 1960 266 SCHOLIA
2015 205 2105 266 IN
2156 206 2455 269 NUBES.

2242 336 2284 384 ὦ
2301 337 2393 385 θεῖε
2415 336 2631 402 Μόρυχε,
2649 344 2729 390 νῦν
2746 342 2836 407 γὰρ
2854 343 3087 409 εὐδαίμων
3104 347 3237 412 ἔφυς,

2242 408 2323 455 καὶ
2342 409 2627 472 Γλαυκέτης,
2643 414 2673 470 ἡ
2692 413 2972 476 ψῆττα,καὶ
2991 418 3270 484 Λεωγόρας,

2243 477 2288 525 οἳ
2309 480 2413 536 ζῆτε
2430 485 2660 542 τερπνῶς,
2675 483 2808 532 οὐδὲν
2831 485 3179 551 ἐνθυμούμενοι.

2055 569 2286 640 Εὔπολις
2308 574 2362 631 ἐν
2385 572 2674 657 Αὐτολύκῳ
2701 577 2750 657 β’
2776 581 2847 646 ὥς
2866 579 2972 639 καὶ·
2986 579 3072 640 διὰ
3104 585 3380 668 Μυρρίναν
3406 594 3627 678 ἑταίραν

2053 656 2121 716 τὰ
2143 659 2398 740 χρήματα
2430 662 2769 736 ἀποὸέὸληκέ
2793 689 2965 748 φησιν.
2993 673 3239 749 φασιανοὶ
3263 674 3318 734 δὲ
3343 681 3392 736 οί
3415 678 3632 760 {yona
3659 699 3690 739 5

2052 752 2144 805 τοῦ
2195 755 2369 829 μηροῦ
2410 751 2866 832 ἐγκεχαραγμένον
2910 756 3183 835 φασιανόν.
3239 749 3525 849 Λεωγόρας
3570 772 3631 832 δὲ

2052 835 2217 913 ὄνομα
2240 837 2416 919 κύριον
2450 841 2559 905 ἑνὸς
2580 844 2685 899 τῶν
2717 842 2966 915 Ἀθήνησι
2991 847 3454 930 πολιτευσαμένων
3481 839 3628 924 τότε.

2050 922 2227 1004 πατὴρ
2261 926 2316 984 δὲ
2367 919 2516 996 οὗτος
2559 919 2624 1001 ἦν
2674 928 2967 991 Ἀνδοκίδου
3011 940 3104 993 τοῦ
3143 937 3375 1020 ῥήτορος.
3425 945 3628 1019 ἄδηλον

2051 1009 2134 1083 δὲ,
2184 1015 2229 1072 εἰ
2269 1014 2362 1073 καὶ
2406 1016 2560 1098 ὄρνεα
2601 1016 2811 1100 ἔτρεφεν
2848 1023 2877 1078 6
2914 1020 3211 1105 Λεωγόρας.
3255 1026 3524 1108 μέμνηται
3568 1038 3628 1098 δὲ

2051 1101 2209 1159 αὐτοῦ
2237 1104 2308 1170 ὥς
2332 1104 2703 1187 ἱπποτρόφου]
2736 1107 2832 1165 οὐκ
2864 1107 2992 1167 εἰσὶν
3020 1108 3176 1171 ἵπποι
3206 1119 3452 1195 φασιανοὶ
3502 1125 3628 1184 ak·
3660 1159 3680 1198 1

2048 1187 2291 1268 κτρυόνες
2326 1190 2521 1269 μέντοι.
2549 1192 2704 1253 ἵπποι
2728 1192 2787 1252 δέ
2807 1218 2941 1264 τινες
2973 1198 3103 1258 εἰσὶν
3139 1165 3492 1285 ἀλεκτρυόνας
3525 1234 3627 1270 κε-
3685 1159 3717 1201 ο

2047 1278 2395 1356 χαραγμένοι.
2440 1279 2651 1349 τούτους
2696 1272 2785 1340 οὖν
2826 1285 2984 1361 λέγει.
3026 1288 3306 1370 Λεωγόρας
3350 1291 3407 1353 δὲ
3449 1296 3624 1377 ὄνομα

2047 1362 2223 1445 κύριον
2244 1367 2354 1433 ἑνὸς
2377 1371 2481 1426 τῶν
2507 1369 2752 1441 Ἀθήνησι
2785 1372 3242 1452 πολιτευσαμένων
3264 1379 3402 1441 τότε.
3437 1386 3624 1468 πατὴρ

2049 1450 2103 1509 δὲ
2135 1444 2282 1521 οὗτος
2312 1446 2376 1528 ἦν
2413 1455 2702 1516 Ἀνδοκίδου
2735 1463 2826 1516 τοῦ
2868 1458 3100 1543 ῥήτορος.
3142 1463 3337 1537 ἄδηλον
3369 1469 3423 1529 δὲ
3449 1474 3495 1531 εἰ
3525 1474 3621 1533 καὶ

2046 1537 2198 1620 ὄρνεα
2230 1540 2439 1624 ἔτρεφεν
2475 1547 2504 1602 6
2533 1542 2832 1624 Λεωγόρας.
2873 1546 2984 1606 ἔστι
3023 1550 3078 1608 δὲ
3105 1549 3272 1629 ὄνομα
3311 1559 3416 1615 τῶν
3451 1562 3616 1622 ἱππο-
3654 1595 3710 1636 ¹5

2044 1630 2413 1710 τροφησάντων
2451 1631 2742 1706 Ἀθήνησιν.
2775 1637 2837 1686 V·
2873 1638 3053 1703 Φᾶσις
3086 1641 3325 1718 ποταμὸς
3357 1646 3592 1720 Σκυθίας

2044 1714 2175 1775 ὅπου
2204 1717 2355 1777 καλοὶ
2376 1718 2531 1779 ἵπποι
2552 1719 2799 1796 γίνονται.
2828 1722 3082 1805 Λεωγόρα
3115 1727 3170 1786 δὲ
3193 1731 3265 1797 ὡς
3288 1698 3619 1817 ἱπποτρόφοό

2045 1803 2328 1882 μέμνηται.
2358 1809 2407 1864 οἱ
2434 1805 2490 1866 δὲ
2517 1807 2638 1889 περὶ
2667 1809 3008 1891 Ἀρίσταρχον
3035 1814 3250 1894 ὀρνίθων
3273 1842 3326 1877 τι
3352 1819 3498 1899 γένος
3520 1824 3625 1883 λέ-

2042 1914 2191 1969 γουσι
2225 1891 2345 1960 τοὺς
2378 1894 2681 1975 φασιανούς.
2717 1896 2751 1970 ἢ
2787 1901 3034 1979 φασιανοὶ
3067 1899 3307 1979 λέγονται
3332 1910 3382 1967 οἱ
3408 1908 3624 1990 ἔχοντες

2043 1983 2116 2060 τῷ
2153 1985 2306 2061 μηρῷ
2330 1982 2583 2063 φασιανὸν
2610 1986 3068 2067 ἐγκεχαραγμένον
3091 1988 3264 2053 ἵπποι.
3291 2015 3348 2063 R,
3643 2031 3706 2073 ,ο

2122 2070 2251 2148 (ιω).
2295 2069 2379 2142 ἴθ’,
2407 2070 2666 2132 ἀντιόολῶ
2689 2092 2706 2132 :
2735 2071 2985 2153 Πορεύου.
3011 2080 3099 2134 νῦν
3127 2076 3212 2150 δὲ,
3235 2079 3480 2158 πείσθητί
3501 2107 3618 2164 μοι.

2041 2155 2122 2236 [τὸ
2149 2157 2203 2215 δὲ
2229 2157 2543 2232 ἀντιὸολῶ,]
2568 2163 2892 2241 παρακαλῶ,
2921 2162 3232 2246 [Ἀττικῶς]

2119 2264 2210 2303 111.
2245 2244 2365 2324 [καὶ
2393 2244 2445 2303 τί
2482 2268 2563 2305 σοι
2592 2246 2902 2325 μαθήσομαι
2927 2266 2943 2308 2
2975 2251 3057 2310 Οὔ
3089 2249 3193 2332 γὰρ
3222 2257 3394 2336 ἑαυτῷ
3421 2257 3622 2335 ἔμελλε

2037 2336 2239 2409 μαθεῖν,
2260 2333 2421 2411 ἤγουν
2450 2333 2515 2392 δι’
2540 2336 2728 2393 οἰκεῖον
2752 2334 2959 2413 θέλημα
2981 2334 3017 2408 ἢ
3044 2339 3323 2421 ὠφέλειαν,
3353 2344 3496 2405 ἀλλὰ
3520 2342 3613 2405 διὰ

2032 2419 2093 2478 τὸ
2119 2425 2212 2478 τοῦ
2237 2418 2452 2501 πατρός.
2497 2421 2577 2480 διὸ
2604 2421 2665 2481 τὸ
2692 2421 2774 2482 σοί
2809 2423 2968 2501 λέγει.
3004 2425 3192 2505 ἤγουν,
3213 2428 3267 2488 τί
3294 2431 3612 2512 μαθήσομαι
3641 2483 3704 2524 25

2034 2505 2164 2586 ὑπὲρ
2188 2512 2297 2567 σοῦ.

2113 2616 2205 2655 112.
2257 2507 2506 2674 ψΞύδεται
2557 2597 2826 2656 κάνταῦθα
2888 2602 2917 2657 6
2962 2602 3195 2679 κωμικὸς
3242 2604 3410 2684 λέγων
3458 2607 3613 2689 παρὰ

2031 2682 2306 2765 Σωκράτει
2345 2673 2480 2743 εἶναι
2507 2683 2596 2743 τὸν
2642 2683 2819 2744 ἄδικον
2844 2684 3015 2766 λόγον.
3058 2692 3116 2748 οὐ
3152 2689 3256 2773 γὰρ
3284 2694 3611 2774 Σωκράτης,

2030 2768 2167 2829 ἀλλὰ
2190 2771 2548 2853 Πρωταγόρας
2576 2775 2606 2831 6
2634 2772 2943 2854 Ἀὸδηρίτης
2972 2777 3156 2858 ἐφεῦρε
3191 2779 3348 2840 αὐτὸν
3376 2782 3467 2843 καὶ
3492 2785 3611 2844 ἐδί-

2029 2860 2234 2919 δασκεν.
2261 2871 2401 2920 Cant.
2438 2880 2486 2922 ³.

2106 2946 2269 3029 ἄμφω
2321 2945 2397 3006 τὼ
2448 2947 2588 3025 λόγω
2632 2967 2649 3008 :
2697 2952 2901 3018 Δυῖκῶς
2949 2949 3139 3012 ἔκλινε.
3196 2955 3326 3037 φησὶ
3377 2957 3434 3017 δὲ
3484 2959 3608 3029 τοὺς
3636 2920 3698 2963 ³⁰

2023 3035 2145 3116 περὶ
2174 3034 2469 3117 Σωκράτην
2503 3034 2714 3104 ἱκανοὺς
2742 3028 2876 3096 εἶναι
2910 3040 3234 3123 ἀμφοτέρους
3260 3041 3379 3113 τοὺς
3416 3046 3608 3125 λόγους

2023 3121 2365 3183 ἐκπαιδεύειν.

2106 3232 2195 3271 114.
2240 3211 2332 3271 τὸν
2360 3210 2533 3292 ἕτερον
2578 3216 2690 3271 τοῖν
2737 3211 2913 3292 λόγοιν
2956 3233 2971 3275 :
3001 3214 3107 3276 Τὸν
3156 3217 3355 3278 δίκαιον
3400 3219 3490 3280 τὸν
3529 3245 3606 3281 νι-

2020 3304 2212 3371 κῶντα.
2247 3303 2317 3368 ὡς
2341 3303 2539 3378 ἀγνοῶν
2577 3299 2632 3359 δὲ
2657 3298 2724 3359 τὰ
2754 3299 2933 3361 δίκαια
2956 3293 3072 3363 εἶπε
3094 3303 3184 3363 τὸν
3215 3304 3412 3388 ἕτερον.
3443 3308 3600 3370 ἐδού-

2018 3389 2138 3447 λετο
2159 3387 2262 3470 γὰρ
2291 3386 2497 3446 ἀδικίαν
2527 3386 2828 3464 μανθάνειν.

2097 3475 2234 3552 (που).
2274 3473 2393 3542 τοὺς
2409 3474 2603 3542 ἱππέας
2620 3473 2681 3534 τὸ
2696 3478 2892 3557 χρῶμα
2910 3494 2926 3536 z
2944 3478 3027 3537 Οὔ
3046 3475 3148 3559 γὰρ
3168 3475 3231 3537 ἂν
3252 3480 3598 3562 ὑπομείναιμι

2016 3565 2267 3641 ὁραθῆναι
2300 3561 2402 3621 ὑπὸ
2449 3565 2554 3621 τῶν
2596 3562 2801 3621 ἱππέων
2838 3564 3033 3644 [ὠχρὸς
3074 3564 3168 3625 καὶ
3205 3568 3594 3650 διεφθαρμένος.
3639 3634 3650 3645 ,

2016 3649 2220 3727 ἐκόμων
2243 3647 2346 3729 γὰρ
2369 3652 2417 3709 οἱ
2443 3649 2647 3721 ἱππεῖς,
2670 3652 2718 3708 οἱ
2739 3650 2794 3709 δὲ
2822 3650 3093 3734 φιλόσοφοι
3116 3652 3266 3713 κάτω
3289 3655 3592 3736 κείρονται].

3629 3360 3688 3400 35

2015 3737 2473 3815 διακεκναισμένος
2493 3735 2548 3796 δὲ
2572 3735 2689 3796 ἀντὶ
2706 3743 2799 3796 τοῦ
2826 3738 3223 3821 ἠμαυρωμένος.
3248 3744 3293 3800 εἰ
3320 3744 3592 3824 γενοίμην,
3623 3795 3678 3835 ⁴⁰

2013 3825 2190 3907 φησὶν,
2214 3824 2384 3907 ὠχρὸς
2405 3829 2476 3891 ὡς
2496 3827 2543 3884 οἱ
2572 3826 2692 3905 περὶ
2718 3824 3155 3907 τὸν,Σωκράτην,
3181 3828 3299 3907 [καὶ
3325 3832 3593 3908 ἀνυπόδη-

2009 3939 2096 3983 τος
2129 3912 2222 3973 καὶ
2252 3914 2469 3994 ῥυπῶν]
2499 3915 2547 3972 οἱ
2575 3912 2676 3993 γὰρ
2705 3915 2885 3981 ἱππεῖς
2911 3914 3119 3997 εὔχροοι
3146 3917 3239 3976 καὶ
3263 3921 3592 4000 ὑποδεδεμέ-

2011 4026 2089 4062 νοι
2115 4000 2208 4061 καὶ
2229 4003 2281 4059 ἐν
2303 3999 2608 4079 γυμνασίοις
2629 4000 2987 4079 ἐξεταζόμενοι
3015 4001 3106 4061 καὶ
3136 4005 3191 4062 ἐν
3211 4005 3585 4090 παλαίστραις.

2010 4089 2100 4148 καὶ
2127 4090 2182 4148 ἐν
2203 4097 2311 4155 τοῖς
2338 4087 2585 4148 Ἱππεῦσι
2613 4089 2735 4167 [580]
2765 4088 2895 4170 φησὶ

2162 4194 2228 4257 μή
2246 4194 2437 4257 φθονεῖθ’
2454 4195 2561 4256 ὑμῖν
2580 4198 2765 4255 κομῶσι
2789 4194 2896 4257 μηδ’
2912 4193 3395 4262 ἀπεστλεγγισμένοις,
3615 4241 3675 4283 45

2005 4279 2244 4339 τουτέστι
2272 4281 2485 4338 λιπῶσι.
2524 4284 2680 4339 τοῦτο
2703 4270 2792 4339 οὗν
2829 4280 2921 4339 καὶ
2944 4288 3035 4341 νῦν
3065 4288 3093 4342 6
3115 4284 3383 4354 νεανίσκος
3414 4287 3579 4346 δεδοι-

2006 4363 2155 4425 κέναι
2203 4364 2361 4447 φησὶ,
2405 4365 2467 4425 τὸ
2517 4364 2841 4446 ἀπέχθεσθαι
2889 4371 2995 4436 τοῖς
3044 4369 3166 4449 περὶ
3206 4368 3303 4442 τὴν
3349 4372 3579 4445 ἱππικὴν

2005 4451 2242 4533 ἔχουσιν,
2263 4456 2309 4512 εἷ
2340 4451 2648 4512 καταλιπὼν
2680 4452 2741 4512 τὸ
2767 4463 2986 4531 κοσμεῖν
3008 4456 3071 4515 τὸ
3096 4461 3253 4534 σῶμα
3281 4459 3373 4518 καὶ
3401 4461 3580 4537 μετιέ-

2003 4563 2090 4599 ναι
2132 4539 2200 4600 τὰ
2243 4544 2347 4600 τῶν
2375 4540 2576 4600 ἱππέων
2618 4540 3015 4619 ἐπιτηδεύματα
3046 4541 3115 4602 τὰ
3150 4548 3255 4604 τῶν
3280 4547 3578 4629 φιλοσόφων

2004 4627 2262 4707 μετέλθοι.
2292 4628 2387 4707 [ὡς
2421 4627 2776 4706 ἱππαζόμενον
2815 4630 2869 4689 δὲ
2915 4629 3007 4689 καὶ
3053 4637 3234 4692 τοῦτον
3290 4633 3427 4712 μετὰ
3468 4639 3574 4696 τῶν
3611 4670 3676 4716 50

2002 4715 2207 4775 ἱππέων
2235 4715 2364 4798 φησὶ
2380 4716 2705 4797 τάττεσθαι.]
2723 4752 2802 4762 -
2824 4718 3280 4798 διακεκναισμένος
3302 4741 3318 4780 :
3340 4722 3578 4805 διεφθαρ-

2002 4803 2181 4881 μένος,
2204 4804 2610 4886 ἠμαυρωμένος,
2641 4804 2812 4886 ὠχρὸς
2833 4810 2904 4873 ὣς
2930 4809 2979 4866 οἱ
3005 4807 3128 4887 περὶ
3146 4806 3235 4866 τὸν
3261 4808 3574 4890 Σωκράτην.

342 4895 599 4979 Σκυθίας,
644 4894 776 4954 ὅπου
817 4893 975 4953 καλοὶ
1015 4893 1175 4954 ἵπποι
1217 4892 1467 4973 γίνονται.
1513 4890 1795 4973 Λεωγόρας
1854 4892 1910 4951 δὲ
1997 4891 2464 4972 Β.βε6λαμμένος,
2494 4891 2838 4975 ἐφθαρμένος,
2862 4894 3061 4977 ὠχρὸς,
3094 4886 3200 4956 οἶόν
3229 4898 3341 4957 ἐστι
3373 4896 3435 4957 τὸ
3465 4901 3578 4959 τῶν

340 4968 583 5064 τρυφερός
609 5007 715 5060 τις,
752 4987 781 5042 6
817 4980 1108 5043 Ἀνδοκίδου
1135 4979 1331 5061 πατήρ.
1362 4978 1592 5040 Πλάτων
1621 4981 1909 5062 Περιαλγεῖ
2003 4980 2313 5063 φιλοσόφων.
2336 5001 2430 5050 ΒΓ.
