3859 5725
452 300 566 354 454

453 421 683 498 triginta
705 412 1166 497 quinqueztplm
1196 412 1251 472 δὲ
1292 414 1327 485 ἡ
1372 412 1477 470 τῶν
1525 410 1974 491 Πεισιστρατιδῶν

1579 274 2031 342 ADNOTATIO
2073 272 2158 338 IN
2180 272 2464 337 -SCHOL

2148 409 2281 478 548,
2309 411 2345 468 8
2373 407 2664 469 ἑστήκεσαν
2694 412 2786 480 V.,
2806 424 2922 466 non
2946 410 3017 468 G.
3038 440 3119 501 -Τ-
3136 427 3179 485 9
3194 408 3368 479 M<
3390 411 3466 465 θ’.
3486 407 3590 464 aa-

450 505 740 579 Ἇθήνησιν·
763 506 858 564 οὐκ
871 502 1074 582 ἐγένετο
1102 499 1156 559 δὲ
1175 498 1414 579 συνεχής·
1445 498 1519 566 δὶς
1542 497 1640 579 γὰρ
1662 496 1818 579 ἔφυγε
1843 496 1974 556 Πει·
2062 499 2166 555 τῶν
2188 498 2315 556 Ald.

450 592 722 674 σίστρατος
744 594 1026 673 τυραννῶν·
1049 587 1185 649 ὥστε
1209 591 1262 647 ἐν
1284 586 1420 646 ἔτεσι
1446 587 1727 667 τριάκοντα
1743 584 1832 643 καὶ
1864 607 1979 664 τρι-

451 680 533 739 σὶν
566 680 921 739 ἑπτακαίδεκα
959 676 1049 748 ἔτη
1087 676 1284 734 τούτων
1319 675 1678 753 ἐτυράννησεν·
1713 671 1976 730 ὀκτωκαί-

2148 584 2282 656 551,
2313 605 2375 643 ιι
2411 587 2641 649 ἀσθενεῖς
2655 581 2804 664 παρὰ
2833 581 2927 648 τὰς
2958 584 3046 653 ἠδ.
3071 580 3183 662 γέρ.
3209 586 3278 639 V.

2149 673 2285 745 554,
2320 672 2388 730 ι5
2411 680 2518 737 τοῖς
2540 672 2807 736 δικασταῖς
2835 688 2950 728 om.
2980 675 3048 729 R.
3076 702 3157 715 ——·
3184 671 3251 725 16
3280 668 3595 749 ἐφάπτονται
3686 688 3693 697 ·

451 767 577 827 δεκα
607 763 661 823 δὲ
687 768 735 823 οἱ
762 765 960 849 παῖδες·
986 760 1125 821 ὥστε
1160 762 1225 821 τὰ
1255 762 1431 820 πάντα
1455 759 1657 837 ἐγένετο
1701 757 1792 830 ἔτη
1829 756 1979 840 τριάψ
2066 765 2129 817 R.
2150 760 2305 817 —18
2325 758 2920 841 προκαταλαμὸάνοντες
2938 776 3057 816 om.
3077 762 3148 814 V.

449 862 620 912 κὀντα-
638 852 727 912 καὶ
755 851 925 910 πέντε.
960 856 1163 927 Neque
1186 850 1336 907 enim
1365 868 1437 907 ex
1464 849 1572 908 hoc
1604 849 1734 906 loco
1752 858 1981 904 senten-

452 942 589 1000 tiam
645 940 969 998 Aristotelis
1019 939 1306 1016 excerpsit
1384 937 1701 1008 scholiasta,
1751 934 1871 1006 sed,
1917 946 1983 991 ut

452 1048 526 1086 ex
546 1027 779 1087 scholiis
803 1027 1047 1107 Lysistr.
1077 1027 1213 1097 666,
1257 1046 1280 1083 1
1297 1025 1426 1097 155,
1453 1025 1645 1103 colligi
1677 1034 1886 1102 potest,
1909 1041 1981 1080 ex

454 1112 694 1195 πολιτεία
722 1110 1025 1185 Ἀθηναίων,
1059 1132 1176 1190 quo
1198 1113 1259 1169 in
1278 1111 1430 1170 libro
1453 1110 1789 1170 Aristoteles
1821 1128 1983 1167 com-

453 1202 815 1280 putationem
865 1202 1019 1259 illam
1077 1199 1308 1258 videtur
1362 1219 1484 1257 esse
1535 1211 1761 1258 secutus
1808 1216 1982 1274 quam

455 1291 754 1350 Clintonus
777 1288 1047 1366 exposuit
1071 1288 1132 1347 in
1159 1287 1342 1347 Fastis
1369 1288 1484 1344 vol.
1514 1307 1568 1358 2,
1588 1307 1644 1365 p.
1678 1306 1812 1356 202,
1852 1290 1983 1342 Iso-

405 1433 409 1439 ,
454 1378 742 1456 cratisque
796 1376 1158 1435 confirmavit
1201 1375 1533 1433 testimonio
1553 1419 1569 1448 ‚
1626 1373 1725 1451 qui
1742 1416 1757 1442 ,
1824 1372 1982 1450 quod

455 1465 660 1524 eodem
707 1462 877 1536 redit,
916 1482 1098 1521 annos
1134 1462 1459 1521 numeravit
1497 1461 1871 1538 quadraginta
1924 1459 1985 1515 in

456 1554 717 1612 oratione
747 1551 869 1633 περὶ
905 1554 998 1609 τοῦ
1028 1548 1234 1626 ζεύγους
1266 1570 1323 1628 p.
1369 1547 1504 1617 351,
1534 1552 1607 1605 D.
1635 1553 1813 1606 Dum.
1844 1579 1924 1591 —
1949 1553 1983 1613 4

457 1634 590 1697 vide
616 1638 956 1715 wesseling.
977 1636 1053 1695 ad
1081 1638 1273 1694 locum
1301 1633 1608 1697 Herodoti.

537 1729 674 1802 506,
712 1748 736 1785 1
753 1748 802 1797 1,
832 1722 975 1804 Πρὸς
1006 1722 1088 1796 (τὸ
1114 1723 1275 1782 addit
1301 1723 1394 1798 V.)
1423 1720 1540 1787 τοὺς
1563 1719 1797 1802 ἀψευδεῖς
1825 1717 1988 1793 ποιή-

458 1812 652 1880 σαντας
675 1836 744 1871 τι.
766 1811 959 1872 Verba
1004 1824 1064 1870 et
1092 1824 1367 1888 corrupta
1404 1821 1462 1867 et
1491 1809 1731 1879 delecta,
1776 1806 1987 1885 quibus

456 1903 836 1979 interpretum
862 1898 1224 1976 quorundam
1252 1898 1586 1976 opinionem
1609 1896 1859 1972 aliquam
1882 1895 1988 1953 im-

458 2003 768 2069 pugnatam
797 2008 921 2045 esse
944 1989 1217 2046 usitatum
1244 1986 1387 2043 illud
1411 1983 1538 2066 πρὸς
1553 1982 1810 2051 τοὺς-εὶ
1828 1984 1988 2061 quod

457 2077 720 2155 sequitur
751 2073 1110 2152 ἀγνοήσαντας
1134 2073 1401 2135 ostendit.
1437 2096 1490 2131 τι
1519 2071 1758 2130 fortasse
1783 2090 1856 2130 ex
1887 2068 1987 2144 ὅτι,

456 2163 714 2236 πεποίηκε
738 2182 808 2221 ex
836 2161 1157 2232 πεποιήκασι
1195 2172 1568 2238 corruptum:
1594 2179 1711 2238 quo
1751 2172 1919 2236 pacto
1951 2160 1986 2217 l.

464 2260 533 2315 13
573 2252 917 2332 ἀγνοήσαντες
949 2250 1329 2317 ⁴scribendum
1377 2251 1546 2323 soret,
1599 2250 1758 2327 quod
1798 2251 1988 2326 ipsum

458 2340 676 2420 praebet
695 2344 761 2399 V.
792 2339 890 2418 (Et
916 2339 982 2396 in
997 2336 1342 2415 Addendisz)
1367 2336 1762 2414 comparanda
1789 2338 1989 2397 similis

458 2428 755 2488 annotatio
783 2427 843 2485 in
872 2432 1018 2487 Rau.
1052 2428 1164 2483 362
1188 2446 1202 2481 2
1228 2422 1357 2505 πρὸς
1383 2421 1500 2489 τοὺς
1522 2422 1845 2495 ποιήσαντας
1869 2423 1990 2492 τοὺς

456 2515 825 2597 Φερεκράτους
849 2511 1087 2594 Πέρσας·
1116 2511 1183 2572 τὰ
1208 2511 1310 2593 γὰρ
1339 2510 1611 2592 ἀπόρρητα
1651 2511 1883 2584 ἤκουσαν
1920 2516 1992 2580 ὡς

457 2611 549 2664 νῦν
575 2609 703 2682 ἡμῖν
724 2600 852 2667 ἔθος.
884 2601 1063 2679 Cujus
1088 2601 1354 2679 exemplo
1384 2600 1480 2659 hic
1507 2600 1735 2678 ⁶corrigi
1788 2602 1992 2678 possit,

457 2691 587 2774 πρὸς
613 2689 730 2757 τοὺς
756 2690 1048 2755 Μεταλλεῖς
1077 2687 1354 2766 (fabulam
1392 2688 1717 2747 Pherecrati
1739 2708 1773 2746 a
1796 2690 1992 2748 multis

457 2776 828 2856 adscriptam)
851 2774 1173 2847 ποιήσαντας
1194 2773 1274 2833 ὅτι
1295 2773 1385 2837 τὸν
1416 2772 1668 2855 Μόρυχον
1696 2777 1800 2833 τῶν
1831 2778 1987 2834 πολι-

459 2872 619 2929 τικῶν
645 2864 970 2937 πεποιήκασι
999 2860 1288 2942 μετέχοντα
1321 2860 1665 2944 πραγμάτων,
1694 2862 1992 2940 ἀγνοήσαν-

457 2979 543 3024 τες
578 2989 674 3013 -.
725 2952 973 3014 Articuli
1022 2951 1282 3028 ejusdem
1329 2950 1421 3010 bis
1470 2951 1740 3030 deinceps
1796 2954 1992 3028 positi,

456 3043 577 3112 τοὺς
606 3041 745 3115 τούς,
779 3040 1042 3122 exempla
1070 3041 1237 3118 plura
1281 3052 1432 3097 sunt.
1456 3044 1633 3097 Dum.
1654 3081 1732 3093 ....
1767 3041 1837 3097 15
1860 3053 1995 3120 post

455 3130 707 3211 Μόρυχον
743 3130 933 3208 pergit
974 3133 1041 3187 V.
1076 3117 1221 3196 οὗτος
1261 3125 1507 3208 τύραννος
1551 3126 1713 3194 δεινὸς
1763 3140 1872 3188 etc.
1920 3150 1995 3188 ex

455 3219 679 3279 scholio
709 3239 758 3276 v.
790 3219 920 3275 502.

540 3311 677 3380 508,
712 3308 787 3366 25
823 3304 1163 3387 βατιοσκόποι
1190 3307 1437 3386 sumpsit
1461 3326 1535 3365 ex
1560 3312 1690 3366 Pac.
1729 3308 1866 3381 811,
1895 3307 1996 3367 ubi

459 3409 614 3456 recte
646 3394 1039 3475 βατιδοσκόποι.

541 3487 610 3542 51
628 3505 649 3541 ι
700 3485 762 3542 in
798 3487 866 3541 R.
914 3493 1001 3540 est
1055 3480 1130 3559 gl.
1187 3478 1507 3562 δπτημὲρον,
1554 3480 1616 3540 id
1662 3494 1750 3541 est
1800 3483 1995 3556 ὤπτη-

458 3595 637 3649 μενον.

538 3659 675 3731 515,
708 3659 784 3715 32
811 3675 896 3732 sq.
920 3652 1347 3732 καταγελώμενος
1369 3652 1462 3731 μὲν
1497 3644 1585 3714 οὗν
1616 3654 1718 3714 ὑπὸ
1755 3660 1861 3715 τῶν
1910 3658 1997 3716 δι-

463 3749 680 3807 καστῶν
723 3742 810 3801 ὑπ’
851 3742 1053 3823 ἀνδρῶν
1092 3739 1175 3806 οὓς
1231 3739 1348 3819 οὔχ).
1386 3763 1444 3818 μ.
1492 3744 1692 3820 τιμῶσι
1716 3748 1890 3803 V.—
1920 3748 1994 3821 37

456 3837 562 3892 τῶν
590 3832 798 3890 λεπτῶν
828 3828 1001 3909 ὄχλων
1035 3827 1235 3886 codex·

543 3923 678 3991 520,
704 3927 774 3988 44
801 3916 911 3976 ὄντι
936 3916 1274 3997 προσγίνεται
1294 3921 1368 3975 V.
1392 3915 1524 3976 Ald.

429 4045 437 4055 ·
545 4008 680 4081 525,
711 4018 744 4077 4
768 4009 840 4073 ὥς
858 4006 906 4063 δ’
927 4003 1141 4064 Ἇπολλ.
1165 4009 1230 4063 V.

543 4094 679 4167 526,
703 4097 739 4151 8
762 4092 851 4152 τὸν
876 4090 1097 4152 Κλέωνα
1119 4091 1251 4151 Ald.

547 4182 661 4240 528
685 4179 876 4239 Animo.
893 4201 1008 4238 om.
1034 4181 1184 4239 Vict.
1206 4189 1451 4259 γενναῖοι,
1482 4184 1750 4263 ἐγκρατεῖς
1769 4188 1841 4244 V.

541 4269 656 4338 544
676 4270 925 4346 glossam
944 4267 1159 4349 ἐργάται
1183 4267 1358 4329 habet
1378 4275 1451 4330 R.
1469 4302 1546 4316 -—-
1561 4278 1636 4338 42
1662 4273 2004 4353 ὑπειλῆφθαι,

403 4425 413 4434 ι
466 4359 538 4426 43
570 4346 703 4416 εἶναι
723 4361 836 4429 τοῦ,
856 4355 1014 4433 quod
1034 4358 1100 4414 iu
1119 4356 1238 4439 περὶ
1260 4363 1352 4417 τοῦ
1378 4360 1621 4418 mutavit
1640 4359 1993 4420 Dindorlius.

459 4444 846 4506 Schneiderus
869 4450 958 4504 De
983 4446 1164 4504 schol.
1188 4446 1485 4524 Aristoph.
1508 4467 1570 4524 p.
1595 4466 1668 4506 2ο
1695 4436 1830 4506 εἶναι
1852 4447 1998 4510 τοῦτ’

460 4532 575 4601 ἔθος
601 4536 713 4590 τοῦ.
737 4564 817 4577 -
847 4531 921 4600 45
965 4530 1283 4592 καταῖδόντα
1322 4534 1452 4594 Ald.
1498 4547 1557 4592 et
1597 4537 1912 4596 Favorinus
1948 4558 1994 4596 s.

459 4619 815 4701 Θαλλοφόροι.
862 4620 1269 4681 Valckenarius
1312 4622 1560 4700 corrigit.
1589 4622 1995 4706 καταδείξαντα,

463 4722 641 4785 recte,
677 4721 741 4765 ut
784 4707 1017 4767 videtur
1044 4709 1369 4770 Dindorfio.
1405 4742 1486 4754 --
1514 4709 1589 4767 50
1616 4709 1888 4788 ὀμομόκει
1913 4743 1997 4760 ›—

461 4793 828 4873 ἀντομωμόκει
856 4801 921 4854 V.
969 4797 1100 4855 Md.
1124 4838 1202 4854 .-·
1225 4798 1297 4856 51
1349 4795 1503 4858 αὐτὸν
1556 4818 1670 4856 om.
1717 4803 1788 4858 V.
1817 4832 1891 4845 —-
1922 4801 1996 4859 52

463 4880 732 4981 μάρτυρας
756 4880 972 5026 ἐὸκάλουν
1000 4884 1560 4965 Hudtwalckerusjn
1581 4884 1729 4945 libro
1743 4891 1830 4946 De
1853 4888 1996 4947 diae-

465 4981 673 5126 ῑωξΙιιῖῖ.
693 4989 761 5119 ε(7)
779 5013 934 5140 χὶορὸς
960 5080 1072 5120 om.
1104 5066 1174 5121 V.

2153 848 2286 919 566,
2313 850 2384 907 38
2412 846 2675 911 Αἴσωπος.
2707 851 2912 922 Inepte
2933 867 2951 902 ε
2978 844 3345 903 scribendum
3370 840 3598 922 Οἴαγρος

2068 948 2127 993 et
2149 936 2445 995 annotatio
2473 935 2544 993 ad
2561 955 2615 992 v.
2644 934 2759 1009 579
2788 932 3101 991 referenda.
3126 937 3303 990 Dum.

2153 1024 2288 1095 568,
2322 1033 2388 1092 41
2423 1021 2510 1082 διὰ
2530 1020 2653 1102 γὰρ,
2684 1030 2755 1089 42
2784 1022 3058 1093 ἕλεηθῆῪ.

2152 1110 2260 1184 571
2293 1109 2654 1191 παραὸάλλων
2673 1114 2743 1168 V.
3580 1130 3587 1143 ·

2152 1198 2288 1273 572,
2343 1200 2416 1258 50
2470 1196 2659 1269 ᾶπῆτω
2699 1201 2773 1257 V.
2812 1194 3044 1254 ἀπιδέτω
3088 1192 3467 1272 Tyrwh’ittus.
3502 1189 3603 1261 θή-

2067 1289 2185 1345 λεια
2211 1291 2278 1346 V.

2154 1374 2289 1446 574,
2316 1384 2347 1443 4
2371 1372 2409 1445 ἢ
2435 1373 2552 1433 ἀντὶ
2572 1378 2671 1434 τοῦ
2695 1374 2773 1449 τὸ,
2802 1377 2839 1433 6
2862 1368 3105 1431 κάλλοπα
3134 1367 3355 1446 (κόλοπα
3379 1364 3471 1443 G.)
3511 1364 3601 1424 τὸν

2072 1460 2336 1522 κάλλοπον.
2355 1468 2424 1520 V.
3508 1462 3515 1485 ¹

2155 1550 2295 1621 578.
2317 1551 2534 1609 Ultima
2574 1549 2780 1608 scholii
2826 1546 3074 1608 absurda
3114 1542 3602 1621 suntmedfflov

2072 1637 2326 1715 intellige
2381 1638 2809 1714 gentiliciorum
2860 1650 2919 1695 et
2971 1632 3271 1692 curialium
3315 1626 3599 1707 judicum,

2076 1745 2194 1783 non
2249 1724 2616 1803 publicorum
2668 1728 2724 1783 in
2788 1723 3109 1782 dicasteriis
3152 1717 3529 1779 forensibus-²:
3558 1720 3607 1774 οἱ

2075 1810 2457 1892 ἑγγραφόμενοι
2488 1824 2623 1869 sunt
2645 1812 2708 1882 ii,
2742 1813 2843 1889 qui
2873 1812 3014 1869 olisn
3057 1810 3117 1867 in
3158 1804 3335 1865 κοινὸν
3349 1810 3606 1881 γραμμά-

2073 1907 2209 1957 τεῖον
2234 1900 2394 1957 relati
2429 1913 2624 1957 erant:
2647 1900 2804 1977 quod
2827 1901 2982 1957 enim
3029 1898 3103 1955 de
3147 1895 3430 1972 gymnicis
3460 1893 3606 1951 ludis

2076 1985 2307 2057 dieitur,
2334 1985 2395 2044 id
2421 2000 2658 2044 eatenus
2688 1998 2912 2045 tantum
2961 1996 3152 2065 potest
3197 2000 3400 2039 verum
3434 1996 3606 2046 esse.

2075 2089 2358 2151 quatenus
2388 2088 2508 2133 tum
2538 2075 2612 2134 ad
2638 2075 2921 2152 puberum
2950 2072 3243 2151 gymnasia
3267 2068 3507 2129 admissi
3528 2070 3609 2127 sic

2077 2163 2307 2242 probati
2338 2160 2518 2241 pueri.
2543 2170 2797 2224 Boecxn.
2831 2165 2889 2222 iu
2930 2163 3126 2222 Indice
3154 2162 3469 2219 lectionum
3498 2163 3609 2217 Be-

2076 2252 2246 2310 rolini
2276 2273 2379 2330 per
2406 2264 2659 2311 aestatem
2704 2273 2757 2315 a.
2808 2254 2957 2329 1819
2998 2251 3342 2319 habitarum,
3366 2264 3424 2326 p.
3449 2258 3608 2317 4.·--

2084 2361 2104 2398 1
2181 2341 2234 2398 ιε’
2259 2341 2386 2400 Ald.
3506 2356 3511 2363 ‘
3548 2362 3555 2371 ’

2117 2361 2274 2506 9579
2305 2426 2535 2508 Οἴαγρος
2556 2425 2798 2508 τραγικὸς
2822 2424 3104 2506 ὑποκριτής
3134 2423 3312 2483 habet
3337 2430 3409 2487 R.

2092 2589 2098 2595 η
2162 2517 2296 2590 582,
2337 2518 2411 2574 30
2454 2514 2666 2597 φορὸια(
2711 2518 2823 2575 ἐστι
2861 2513 2929 2573 τὰ
2959 2519 3122 2574 V.-—
3148 2516 3216 2572 31
3255 2514 3498 2585 ἀθλητῶν
3542 2512 3610 2573 V.

2077 2604 2206 2662 ΑΜ.
2239 2610 2575 2664 Con-ectum
2601 2624 2673 2662 ex
2701 2608 2791 2675 R„
2812 2604 2871 2662 in
2896 2623 3013 2680 quo
3041 2613 3174 2660 sunt
3192 2601 3368 2661 verba
3397 2600 3461 2661 τὸ
3490 2601 3612 2661 στό·

2080 2714 2156 2769 μα
2178 2694 2283 2750 τῶν
2308 2694 2569 2763 αὐλητῶν,
2585 2705 2645 2749 et
2668 2692 2721 2749 ἐν
2743 2687 2845 2771 γὰρ
2863 2699 2975 2758 ταῖς
3011 2687 3198 2758 ἐξόδοις
3223 2694 3327 2749 τῶν
3348 2690 3613 2773 τραγικῶν

2080 2777 2299 2849 ηὔλουν.

2162 2868 2275 2926 583
2318 2869 2376 2926 in
2424 2872 2498 2928 V.
2548 2871 2647 2925 νῦν
2691 2870 2720 2925 δ
2775 2864 3093 2944 καλούμενος
3141 2860 3611 2946 μονοκληρονύμος.

2080 2955 2375 3015 Edebatur
2424 2952 2765 3035 κληρονόμος.
2787 2986 2864 3000 --
2886 2961 2953 3022 41
3004 2953 3169 3011 addit
3224 2951 3357 3012 Ald.
3386 2953 3514 3012 ὅταν
3555 2952 3610 3012 δὲ

2078 3050 2202 3109 παῖς
2245 3040 2467 3124 ὀρφανὴ,
2506 3041 2704 3123 πατρὸς
2744 3040 2835 3100 καὶ
2886 3039 3081 3121 μητρὸς
3120 3042 3358 3121 ἀδελφῶν
3391 3063 3453 3101 τε
3479 3033 3612 3101 ὦσα

2083 3128 2302 3211 ἔρημος,
2336 3129 2425 3188 καὶ
2457 3127 2623 3208 ταύτῃ
2664 3127 2800 3207 τύχῃ
2846 3125 3163 3206 ὑποκειμένη
3201 3128 3373 3204 οὐσία,
3417 3129 3610 3200 ταύτην

2082 3220 2327 3276 καλοῦσιν
2352 3215 2652 3296 ἐπίκληρον·
2682 3215 2874 3293 ὁμοίως
2903 3213 2957 3274 δὲ
2987 3215 3076 3274 καὶ
3107 3214 3204 3287 τὴν
3239 3215 3340 3287 ἤδη
3366 3237 3609 3295 γεγαμη-
3650 3211 3659 3219 ’

2083 3305 2265 3384 μένην,
2287 3295 2463 3383 ὅτανῇ
2496 3304 2582 3362 ἐπὶ
2612 3307 2679 3382 τῇ
2708 3303 2859 3385 οὐσίᾳ
2887 3301 2982 3382 ὅλῃ
3002 3303 3480 3382 καταλελειμμένῃ.
3510 3319 3611 3362 κᾶ-

2079 3397 2230 3454 λοῧσι
2258 3391 2358 3475 γὰρ
2387 3392 2478 3450 καὶ
2495 3389 2593 3462 τὴν
2613 3389 2794 3449 οὐσίαν
2822 3393 3033 3471 κλῆρον.
3055 3393 3295 3449 καλεῖται
3313 3389 3368 3448 δὲ
3386 3391 3611 3463 ἐπίκλη-

2083 3476 3614 3646 §32:3²1thss⁸:135.11*35.}⁹23;.“2²³2.'3325302;‘1.?1

2084 3657 2140 3717 δὲ
2169 3658 2443 3737 ἐπίκληροι
2470 3653 2567 3713 κᾶν
2601 3653 2692 3716 δύο
2724 3644 2828 3713 ὦσι
2854 3652 2952 3712 κᾶν
2988 3652 3217 3722 πλείους.
3260 3653 3396 3721 τινὲς
3423 3655 3480 3715 δὲ
3516 3653 3613 3727 τὴν

2085 3746 2371 3825 ἐπίκληρον
2418 3743 2666 3801 καλοῦσιν
2710 3740 3108 3818 ἐπιπταματίδα
3156 3740 3249 3800 καὶ
3291 3746 3609 3821 πατροῖὶχον.

2084 3831 2240 3910 νόμος
2264 3831 2320 3890 δὲ
2346 3822 2411 3902 ἦν
2449 3828 2740 3900 Ἀθήνησιν,
2770 3827 2987 3905 γνησίας
3021 3826 3117 3904 μὲν
3150 3827 3307 3899 οὔσης
3344 3827 3619 3908 θυγατρὸς,

2082 3920 2231 3979 νόθου
2258 3918 2312 3979 δὲ
2338 3922 2469 3991 υἱοῦ,
2503 3915 2578 3995 μὴ
2602 3918 2945 3999 κληρονομεῖν
2977 3916 3066 3975 τὸν
3098 3915 3248 3975 νόθον
3274 3915 3344 3976 τὰ
3370 3920 3621 3998 πατρῷα.

2085 4013 2228 4082 Quae
2250 4027 2323 4066 ex
2349 4005 2527 4066 Suida
2554 4017 2687 4063 sunt
2715 4006 2870 4064 illata
2902 4025 2947 4063 s.
2974 4003 3315 4088 Ἐπίκληρος.

2168 4097 2306 4170 585,
2330 4103 2399 4164 44
2422 4095 2657 4176 φυλακῆς
2675 4092 2845 4153 ἕνεκεν
2869 4099 2938 4153 R.

2170 4186 2302 4260 589,
2333 4184 2409 4241 52
2432 4182 2726 4242 πέπαικται
2750 4180 2880 4263 πρὸς
2917 4177 3023 4252 τὴν
3054 4180 3319 4260 κογχύλην
3344 4186 3414 4241 R.
3436 4211 3527 4231 --
3546 4181 3625 4251 54

2085 4272 2358 4333 καταλύων
2381 4271 2646 4348 Toupius
2681 4269 3119 4329 Emendatwol.
3151 4276 3213 4341 4,
3244 4288 3303 4346 p.
3339 4276 3406 4335 4ι
3426 4289 3476 4326 1.
3500 4275 3623 4329 Le·-

2084 4361 2329 4439 gebatur
2351 4355 2589 4417 κωλύων.

2168 4449 2279 4525 592
2304 4437 2447 4512 οὗτος
2476 4444 2671 4528 ῥήτωρ,
2689 4456 2749 4504 et
2762 4441 3136 4522 κολακώνυμος
3164 4441 3278 4502 ἀντὶ
3304 4449 3397 4502 τοῦ
3426 4443 3628 4504 Κλεώ·

2084 4557 2242 4615 νυμος
2268 4534 2441 4594 babet
2460 4539 2529 4592 R.
2551 4535 2678 4591 —5
2699 4554 2788 4612 sq.
2822 4533 2973 4593 conf.
3000 4532 3179 4592 schol.
3210 4532 3459 4593 Achai-n.
3482 4553 3629 4607 ³710.

2085 4624 2461 4687 scribebatur
2479 4612 2624 4688 οὗτός
2643 4624 2784 4681 ἐστιν
2808 4624 2932 4698 ὑμῖν
2956 4642 3075 4680 πον.
3105 4625 3178 4679 V.
3209 4641 3328 4678 πον.
3370 4624 3521 4699 δμῖν.
3542 4651 3629 4672 ..-

2094 4736 2116 4773 1
2133 4735 2157 4772 1
2190 4715 2260 4780 ὣς
2275 4729 2390 4771 om.
2417 4715 2485 4769 V.

2169 4802 2311 4878 594,
2342 4821 2408 4859 12
2434 4803 2465 4859 ὃ
2495 4817 2609 4858 om.
2638 4803 2704 4855 V.
2737 4798 2902 4854 ..13
2944 4795 3086 4875 ἴσχει
3110 4791 3242 4854 Ald.
3286 4827 3361 4839 -
3407 4796 3480 4853 15
3506 4799 3629 4857 ἔκι-

2086 4888 2335 4974 τρέψωσι,
2366 4890 2435 4945 16
2455 4887 2572 4945 τινὰ
2595 4886 2764 4954 ἓξουσ.
2798 4890 2865 4944 V.

2170 4975 2302 5053 599,
2332 4983 2407 5043 24
2439 4971 2683 5053 κολακίᾳ,
2713 4986 2771 5030 et
2791 4989 2927 5032 mox
2950 4970 3203 5031 κολακίαν
3224 4975 3292 5030 V.

2166 5066 2303 5136 604,
2328 5071 2397 5131 41
2426 5060 2687 5144 παροιμία
2714 5060 3090 5142 caelvm-43
3114 5062 3319 5124 ἑαυτοῖς
3345 5063 3438 5136 V.,
3460 5065 3632 5122 tttR.
