3859 5725
339 228 377 265 x
1443 196 1836 256 PRAEFATto
1878 196 1950 254 G.
1994 197 2393 275 DtNDonFtt.

345 350 526 409 nugas
563 336 687 387 esse
728 327 949 406 delapsi
996 329 1380 406 reperiuntur.
1433 327 1738 406 Ejusmodi
1780 340 1870 386 eat
1906 321 1918 417 Ι
1956 330 2136 388 solam
2193 329 2312 388 sere
2360 328 2637 408 Equitum
2684 332 2936 394 fabulam
2979 336 3039 395 in
3085 340 3474 405 Laurentiano

340 417 498 496 quod
523 415 884 474 Philonidem
917 415 1078 474 illum
1104 415 1206 492 qui
1232 416 1294 473 in
1322 414 1492 473 Pluto
1515 427 1868 477 memoratur
1955 416 2010 479 Θ
2034 416 2119 495 (3)
2148 441 2159 474 :
2186 437 2436 493 quorum
2462 417 2535 476 de
2562 432 2801 479 auctore
2833 422 2881 481 si
2910 425 3208 503 quaeritur,
3238 447 3355 487 non
3382 431 3480 490 in-

339 528 396 566 v.
435 528 578 583 179,
613 526 746 564 cum
777 505 1077 564 Philonide
1105 506 1385 563 histrione
1408 507 1670 564 confudit
1692 504 1866 566 Calli·
1956 503 2126 562 venio
2153 506 2248 564 cui
2271 504 2492 582 majore
2517 527 2647 564 cum
2669 510 2864 586 specie
2884 511 3006 569 veri
3035 514 3278 573 tribuam
3306 531 3482 595 quam

338 607 572 665 stratus,
597 593 742 651 ibid.
780 612 919 650 1011
948 592 1326 668 Symmachus
1349 592 1555 650 vitiosa
1589 591 1865 671 deceptus
1955 591 2274 650 Heliodoro
2298 637 2315 666 ,
2359 593 2674 651 clarissimo
2726 596 2877 654 inter
2922 610 3147 656 veteres
3200 599 3481 663 doctrinae

339 684 626 759 scriptura
662 679 887 761 ,κάμον
934 679 1025 738 καὶ
1062 678 1237 760 βάτων
1286 681 1417 757 (pro
1456 680 1730 761 νηττάριον
1776 679 1868 739 καὶ
1957 681 2209 738 metricae
2251 681 2557 760 scriptori,
2600 681 2765 759 cujus
2800 685 3144 743 auctoritate
3187 707 3305 746 non
3347 710 3481 751 raro

337 768 570 850 φάττιον)
600 768 848 827 cinaedos
868 770 1060 827 nescio
1089 789 1236 846 quos
1258 782 1613 827 commentus
1644 782 1731 827 est
1757 768 1863 828 Ni-

340 859 548 916 tarium
583 870 642 916 et
680 861 948 927 Battum,
980 858 1079 916 alii
1116 869 1310 915 autem
1354 856 1566 915 florum
1598 858 1705 914 ista
1742 874 1866 914 esse

335 949 574 1006 nomina
612 948 720 1007 sibi
769 959 1217 1025 persuaserunt,
1265 947 1360 1003 cui
1396 946 1635 1005 invento
1680 946 1865 1006 simile

334 1052 426 1097 est
456 1037 614 1115 quod
656 1038 1081 1114 Aristophanes
1116 1036 1425 1113 Byzantius
1453 1034 1862 1115 ἀπραγμοσύνην

333 1128 532 1185 florem
575 1127 739 1184 linxit
787 1126 1034 1206 pessime
1087 1125 1397 1183 intellectis
1441 1137 1629 1202 poetae
1668 1124 1863 1184 verbis

332 1214 491 1273 Nub.
547 1234 692 1287 1007
742 1212 962 1291 μίλακος
995 1211 1128 1280 ὄζων
1173 1211 1265 1269 καὶ
1311 1211 1722 1294 ἀπραγμοσύνης
1771 1212 1863 1273 καὶ

332 1303 523 1374 λεύκης
553 1301 987 1383 φυλλοὸολούο-ης.
1022 1300 1299 1383 πόρκορον,
1349 1301 1508 1378 quod
1536 1303 1652 1360 vile
1680 1323 1862 1380 genus

331 1391 508 1449 oleris
537 1403 623 1449 est
642 1435 659 1462 ‚
697 1409 807 1467 pro
830 1389 1108 1467 pisciculo
1137 1388 1346 1447 habuit
1365 1391 1681 1467 Lycophro
1701 1434 1722 1466 ,
1748 1409 1863 1449 no-

330 1490 483 1535 tatus
523 1490 834 1556 propterea
877 1477 951 1535 ab
995 1478 1376 1537 Eratosthene
1416 1480 1492 1539 ad
1513 1486 1685 1557 Vesp.
1727 1484 1861 1556 339.

330 1571 463 1625 Non
491 1567 745 1624 melioris
767 1578 922 1623 notae
948 1566 1253 1642 opiniones
1286 1580 1423 1626 sunt
1445 1568 1764 1627 Aristarchi
1802 1582 1863 1627 et

331 1653 663 1729 Symmachi
706 1653 779 1711 de
818 1653 1010 1711 verbis
1059 1654 1354 1731 ἕμποδίζων
1400 1654 1622 1735 ἰσχάδας
1665 1658 1859 1734 Equit.

333 1742 465 1814 755,
494 1743 807 1800 Callistrati
837 1741 909 1801 de
938 1741 1172 1818 Γλάμων
1204 1763 1310 1820 pro
1342 1746 1578 1802 nomine
1609 1746 1855 1822 proprio

330 1830 669 1906 accipiendo
693 1831 767 1888 ad
798 1835 946 1889 Ran.
979 1831 1092 1890 588
1113 1876 1130 1905 ‚
1163 1832 1415 1909 ejusdem
1442 1833 1516 1891 de
1540 1832 1860 1892 Clidemide

329 1918 637 1994 Sophoclis
683 1919 802 1977 filio
847 1919 992 1978 ibid.
1038 1940 1146 1996 79¹
1178 1965 1194 1991 ‚
1240 1921 1572 1997 Symmachi
1610 1921 1685 1980 de
1708 1920 1860 2003 τελέα

328 2007 551 2066 avicula
573 2013 684 2066 Av.
718 2010 846 2078 168,
873 2009 1194 2087 Euphronii
1222 2008 1441 2068 πάππον
1465 2028 1628 2068 avem
1646 2011 1859 2088 lingen-

327 2097 397 2154 tis
421 2094 559 2153 ibid.
596 2096 732 2167 765,
758 2095 1110 2173 Didymique
1129 2102 1373 2156 Neottus
1400 2117 1473 2157 ex
1499 2099 1698 2158 verbis
1716 2120 1858 2177 poe·-

325 2199 397 2244 tae
424 2182 596 2243 νεοττὲ
625 2184 856 2244 δέσποτα
894 2186 1190 2244 confictus,
1237 2190 1366 2245 Huc
1407 2190 1690 2248 accedunt
1720 2209 1861 2269 pec-

324 2286 450 2332 cata
481 2274 744 2350 quaedam
772 2274 1220 2351 chronologica,
1255 2288 1321 2333 ut
1355 2275 1427 2334 ad
1450 2277 1604 2336 Nub.
1639 2299 1670 2350 7
1695 2321 1711 2350 ,
1753 2277 1855 2336 ubi

323 2363 647 2421 scholiastae
689 2373 922 2439 poetam
972 2362 1047 2420 ad
1096 2382 1294 2421 servos
1321 2366 1639 2441 respexisse
1681 2378 1853 2423 autu-

325 2462 485 2507 mant
531 2450 856 2509 libertatem
912 2449 1158 2527 adeptos
1197 2464 1444 2528 propter
1484 2472 1732 2530 pugnam
1781 2453 1853 2510 ad

323 2543 706 2614 Argenuusas,
735 2557 907 2615 quam
933 2537 1402 2616 duodevigesimo
1430 2552 1564 2616 post
1594 2539 1854 2598 Nubium

323 2624 577 2684 fabulam
618 2647 773 2685 anno
814 2638 1125 2704 pugnatam
1174 2646 1299 2685 esse
1340 2639 1582 2686 constat.
1629 2628 1856 2686 Similes

324 2726 458 2772 sunt
478 2714 955 2773 hallucinationes
970 2734 1114 2792 quas
1141 2715 1468 2773 notavimus
1495 2715 1569 2772 ad
1589 2718 1696 2793 Eq.
1723 2716 1854 2787 530,

325 2822 437 2879 797
463 2843 482 2873 ,
514 2803 658 2862 Ach.
686 2804 801 2876 760
821 2847 839 2878 ,
862 2808 1030 2881 Vesp.
1058 2804 1134 2859 60
1153 2845 1172 2875 ,
1206 2806 1338 2863 Pac.
1367 2803 1499 2876 450,
1538 2802 1674 2876 451,
1710 2821 1851 2876 703,

328 2895 434 2949 Av.
461 2892 594 2949 531.

402 2982 492 3035 De
519 2977 752 3035 scholiis
787 2979 1038 3036 metricis
1075 2977 1332 3055 antiquis
1362 2978 1681 3055 fragmenta
1729 2990 1855 3037 tan-

324 3078 446 3123 tum
469 3079 779 3142 supersunt
805 3066 866 3125 in
890 3067 1188 3126 codicibus
1212 3068 1446 3138 nostris,
1482 3069 1773 3126 rarissima
1795 3068 1853 3126 in

321 3157 660 3213 Ravennate
688 3156 772 3234 (ι)
794 3202 812 3230 ,
854 3156 1242 3233 frequentiora
1279 3156 1339 3212 in
1364 3161 1587 3215 Veneto
1624 3157 1746 3236 (3),
1779 3157 1852 3215 ad

382 3266 450 3328 (1)
467 3267 1854 3332 1181111313170,1303,1>110.513,Τ1188ω.531,1,γ8.484.

383 3337 454 3397 (31
479 3337 605 3387 Nub.
628 3342 737 3399 157,
757 3344 866 3400 805,
885 3344 994 3401 889,
1019 3344 1158 3401 1170,
1178 3344 1314 3402 1359,
1339 3344 1485 3398 1303,
1504 3342 1850 3400 1181138388.

322 3411 495 3469 1,347,
515 3412 621 3468 384,
650 3413 759 3460 303.
790 3415 899 3470 aas,
925 3416 1035 3469 383,
1060 3414 1172 3471 409,
1192 3415 1304 3472 498,
1326 3416 1438 3472 507,
1471 3416 1581 3468 551,
1609 3415 1720 3469 585,
1741 3415 1850 3469 811,

318 3483 429 3539 818,
464 3481 575 3539 834,
606 3479 718 3541 884,
755 3484 865 3541 893,
894 3484 1004 3542 758,
1039 3484 1147 3541 834,
1182 3485 1290 3541 835,
1324 3486 1436 3540 911,
1462 3486 1574 3541 919,
1595 3482 1708 3539 941,
1740 3481 1852 3540 973,

318 3551 431 3606 991,
457 3552 593 3610 1014,
625 3553 757 3611 1087,
791 3554 1087 3613 1070,1111,
1120 3555 1256 3609 1384,
1294 3554 1606 3612 1318,1335,
1631 3554 1778 3612 vesp.
1809 3553 1853 3609 1,

1952 766 2040 823 usi
2082 780 2217 825 sunt
2245 769 2608 846 HephaestiO,
2653 770 3013 844 Priscianus,
3055 773 3188 830 alii:
3218 777 3480 837 accedit-

1954 871 2068 930 que
2103 854 2450 931 coujecturae
2482 876 2622 914 meae
2657 857 2915 923 nonnihil
2962 862 3479 925 commendationis

1952 959 2022 998 80
2051 941 2207 1019 quod
2234 942 2530 1003 Heliodori
2555 963 2765 1003 nomen
2794 966 2910 1003 non
2936 947 3123 1006 solum
3166 949 3393 1011 duobus
3418 954 3478 1012 in

1951 1031 2092 1089 locis
2121 1033 2506 1109 scholiorum,
2554 1034 2629 1093 ad
2656 1041 2832 1114 Vesp.
2874 1037 3014 1095 1381
3048 1052 3104 1097 et
3142 1044 3271 1098 Pac.
3306 1043 3478 1113 1352,

1951 1119 2049 1178 sed
2074 1121 2248 1180 etiam
2290 1123 2350 1179 in
2397 1121 2827 1200 subscriptione
2867 1124 3083 1184 codicis
3110 1129 3318 1186 Veneti
3357 1150 3482 1188 me-

1951 1221 2212 1266 moratur
2234 1210 2292 1267 in
2320 1208 2431 1267 fine
2460 1210 2718 1269 Nubium
2742 1222 2800 1268 et
2828 1212 2992 1270 Pacis
3023 1211 3122 1289 (4).
3170 1215 3352 1274 Valde
3392 1217 3483 1274 di-

1948 1315 2116 1354 versa
2146 1296 2221 1355 ab
2243 1298 2334 1355 his
2357 1310 2489 1357 sunt
2513 1298 2733 1358 scholia
2755 1300 2993 1358 metrica
3018 1300 3239 1376 Aldina,
3268 1304 3483 1381 quibus

1950 1383 2178 1442 codices
2204 1385 2385 1443 nostri
2410 1399 2612 1444 carent
2640 1408 2654 1442 :
2697 1406 2825 1464 quae
2868 1387 3252 1448 certissimum
3272 1391 3482 1453 «haberi

1950 1484 2144 1548 potest
2175 1492 2209 1530 a
2235 1473 2532 1531 Demetrio
2561 1474 2859 1548 Triclinio,
2886 1475 3165 1534 adhibitis
3189 1477 3480 1537 interdum

1949 1559 2187 1617 scholiis
2223 1558 2694 1638 antiquioribus,
2736 1582 2860 1621 esse
2900 1565 3240 1642 composita.
3280 1568 3481 1626 Simil-

1948 1646 2085 1705 lima
2109 1647 2261 1705 enim
2287 1661 2420 1706 sunt
2439 1646 2696 1724 ejusdem
2721 1651 3079 1727 grammatici
3108 1653 3338 1711 scholiis
3360 1659 3478 1714 So-

1946 1735 2207 1813 phocleis
2231 1782 2249 1811 ‚
2290 1736 2635 1815 videturque
2676 1738 2749 1798 de
2791 1753 3029 1799 auctore
3069 1753 3230 1800 tanto
3282 1744 3477 1803 minus

1948 1823 2202 1884 dubitari
2231 1845 2431 1904 posse,
2460 1825 2617 1902 quod
2642 1828 2900 1887 Triclinii
2939 1829 3174 1888 nomine
3206 1831 3480 1909 prolego-

1948 1932 2116 1971 mena
2147 1914 2244 1973 illa
2273 1926 2405 1972 sunt
2445 1914 2722 1992 inscripta
2752 1915 2910 1992 (sect.
2934 1936 3071 1974 xvn
3097 1917 3187 1975 ed.
3220 1918 3479 1997 nostrae),

1947 2002 2159 2078 quibus
2186 2001 2244 2059 in
2283 2001 2614 2060 universum
2643 2001 2717 2059 de
2749 2022 2927 2079 opera
2952 2003 3312 2081 explicandis
3349 2025 3483 2082 poe·

1952 2101 2139 2148 tarum
2166 2092 2522 2148 scenicorum
2540 2091 2736 2147 metris
2754 2089 2830 2148 ab
2850 2111 2911 2150 se
2930 2092 3189 2169 impensa
3216 2093 3476 2153 disserit:

1946 2177 2019 2235 de
2052 2198 2167 2255 qua
2210 2179 2349 2237 satis
2379 2178 2677 2255 magnifice
2707 2179 2901 2237 sensit.
2944 2184 3089 2238 Nam
3110 2179 3224 2262 θείᾳ
3253 2181 3356 2241 τινὶ
3386 2180 3480 2241 καὶ

1946 2264 2230 2347 ἀπορρήτῳ
2274 2265 2555 2344 ἕμπνεύσει
2601 2264 2862 2342 adjutum
2905 2287 2966 2326 se
3005 2287 3129 2326 esse
3175 2270 3476 2348 praedicat,

1943 2353 2079 2413 licet
2109 2366 2425 2412 metrorum
2475 2353 2895 2431 descriptiones
2933 2356 3213 2432 plurimas
3243 2357 3480 2435 excogi-

1945 2441 2154 2499 taverit
2191 2443 2330 2499 tales
2354 2453 2416 2499 ut
2442 2441 2557 2499 diis
2580 2460 2705 2500 esse
2736 2462 2875 2501 usus
2893 2444 3163 2503 videatur
3185 2445 3477 2505 Triballis.

2024 2528 2346 2587 Scn’bebam
2370 2533 2607 2606 Lipsioe,
2647 2543 2888 2587 exeunte
2918 2551 3068 2588 anno
3107 2532 3277 2595 1836.

1941 2706 2055 2763 426,
2074 2706 2185 2763 ⁴35,
2201 2707 2313 2764 459,
2333 2706 2447 2763 486,
2465 2707 2575 2763 571,
2593 2707 2703 2763 582,
2723 2709 2834 2766 651,
2851 2704 2961 2764 658,
2981 2706 3093 2764 729,
3115 2707 3226 2765 756,
3240 2707 3350 2765 796,
3368 2710 3479 2765 819,

1944 2775 2054 2834 858,
2081 2777 2193 2833 933,
2232 2774 2344 2834 939,
2367 2774 2479 2831 974,
2504 2778 2617 2835 990,
2652 2778 2790 2832 1018,
2832 2778 2968 2835 1039,
3008 2778 3310 2834 1137,1188,
3340 2781 3479 2837 1191,

1947 2847 2253 2906 1383,1389,
2279 2849 2416 2907 1339,
2449 2848 2586 2905 1353,
2616 2849 2704 2894 n.
2727 2848 2836 2907 309,
2867 2844 3168 2906 1188,1383,
3194 2848 3328 2895 1480.

2007 2915 2080 2976 (3)
2107 2919 2217 2977 384,
2239 2916 2350 2976 303,
2378 2919 2489 2974 383,
2518 2915 2628 2974 498,
2655 2917 2767 2975 551,
2800 2920 2909 2976 585,
2933 2920 3045 2975 818,
3078 2915 3189 2975 758,
3223 2916 3335 2973 834,
3364 2920 3478 2978 835,

1942 2987 2054 3046 919,
2074 2989 2186 3046 941,
2207 2991 2317 3046 973,
2346 2990 2482 3046 1038,
2513 2990 2650 3046 1087,
2684 2990 2821 3047 1070,
2849 2983 2985 3046 1111,
3013 2986 3151 3046 1364,
3180 2990 3313 3046 1318,
3341 2991 3478 3044 1335,

1941 3055 2235 3116 11111).1303,
2262 3059 2395 3117 1330,
2422 3061 2557 3107 1353.

2003 3125 2073 3188 (4)
2105 3130 2171 3176 In
2201 3125 2493 3176 Addendis:
2528 3126 2662 3176 Idem
2691 3125 2900 3187 conjecit
2927 3125 3247 3175 schneiderus
3280 3138 3327 3188 p.
3371 3128 3476 3186 119,

1941 3199 2170 3258 motoque
2200 3196 2393 3245 monuit
2423 3199 2474 3245 in
2507 3195 2869 3257 subscriptione
2900 3194 3084 3244 codicis
3101 3194 3271 3244 Veneti
3300 3193 3350 3242 in
3381 3194 3477 3244 tine

1942 3266 2157 3316 nubium
2187 3267 2470 3316 κεκώλισται
2501 3266 2841 3328 corrigendum
2879 3278 2991 3316 esse
3006 3300 3021 3325 ,
3059 3264 3190 3327 quod
3225 3265 3387 3328 ipsum
3425 3264 3475 3314 in

1942 3338 2295 3401 subscriptione
2308 3338 2447 3387 Pacis
2466 3341 2541 3388 est
2552 3342 2798 3388 servatum
2818 3352 2829 3386 ε
2852 3338 3004 3388 videri
3019 3339 3150 3387 enim
3166 3337 3475 3388 Heliodorum

1942 3408 2151 3472 aliquam
2174 3408 2490 3473 κωλομετρίαν
2506 3413 2602 3456 τῶν
2618 3409 2818 3471 μελικῶν
2832 3408 3177 3473 Ἀριστοφάνους
3205 3407 3474 3471 scripsisse,

1939 3480 2132 3541 quatem
2149 3482 2318 3541 postea
2332 3481 2601 3541 Eugenium
2617 3479 2768 3528 literis
2788 3478 3043 3528 mandasse
3066 3478 3247 3528 scimus
3264 3478 3358 3528 hoc
3379 3478 3475 3528 sub

1939 3547 2088 3597 titulo
2108 3562 2121 3596 :
2142 3548 2432 3612 κωλομετρία
2451 3553 2545 3597 τῶν
2564 3550 2765 3612 μελικῶν
2784 3549 3020 3612 Αἰσχύλου
3038 3583 3052 3609 ,
3088 3549 3372 3611 Σοφοκλέους
3391 3549 3472 3597 καὶ

321 3620 435 3681 24⁸,
458 3623 596 3684 1071,
621 3625 754 3680 1090,
773 3626 886 3673 Pac.
910 3626 954 3685 1,
974 3626 1054 3680 83,
1081 3625 1188 3683 111,
1214 3623 1322 3683 134,
1347 3624 1453 3683 154,
1471 3625 1582 3684 300,
1601 3623 1714 3682 348,
1736 3624 1848 3680 383,
1889 3631 1896 3661 t
1940 3618 2195 3684 Εὐριπίδου
2213 3617 2310 3668 ἀπὸ
2329 3618 2574 3685 δραμάτων
2593 3617 2647 3669 ιε’
2662 3633 2676 3649 ·
2713 3619 2775 3670 de
2795 3633 2899 3684 quo
2913 3631 2962 3668 v.
2982 3618 3155 3670 suidas
3176 3631 3217 3670 s.
3238 3618 3475 3678 Εὒγόνιος.
