3859 5725
1703 244 1954 309 PLUTI.

3261 260 3373 333 ⁶9⁷

250 388 500 468 κωμικὸς
515 433 535 463 ,
560 385 811 470 δύσφημά
831 407 951 444 τινα
968 386 1062 443 τοῦ
1086 380 1286 462 Ἑρμοῦ
1310 377 1538 445 εἰπόντος
1553 424 1571 452 ,
1594 376 1779 446 ἐξονει-
1868 377 1982 452 psit
2003 376 2207 436 Suidas
2234 396 2281 434 s.
2307 373 2657 454 Πεπεμμένου
2682 391 2740 436 et
2764 376 3067 439 Πέττουσα.
3096 380 3202 438 τῶν
3223 381 3380 458 μεγά.

255 478 397 546 δίζει
415 475 616 554 λέγων,
644 481 678 546 ἡ
706 477 915 553 γλῶττα
942 474 1017 552 τῷ
1052 468 1241 549 κήρυκι
1262 466 1459 527 τούτων
1501 463 1775 543 τέμνεται·

256 562 399 646 ὅπερ
427 561 604 641 ὅμοιόν
634 564 749 621 ἔστι
769 564 878 639 τῷ,
904 562 975 627 εἰς
1017 557 1189 636 μάτην
1216 557 1269 613 αἱ
1306 556 1536 631 γλῶτται
1574 552 1780 613 θύονται

254 657 341 733 τῷ
362 652 427 712 τὰ
440 657 656 711 τοιαῦτα
671 648 999 730 κηρύσσοντι.
1015 645 1177 711 οὕτως
1192 643 1476 709 Εὖστάθιος
1491 643 1575 720 [p.
1609 664 1629 698 1
1643 651 1713 713 47
1729 663 1750 698 1
1761 686 1778 716 ,

264 742 369 814 12]
393 738 507 798 Ὀδ.
535 735 609 815 γ’.
640 735 903 806 Ἀθήναιος
940 732 995 792 δὲ
1038 730 1200 791 εἰπὼν
1226 729 1308 790 ὅτι
1333 733 1388 789 αἱ
1424 733 1660 807 γλῶσσαι
1688 727 1780 788 τέ-

256 827 571 902 μνονταιτῷ
593 823 767 903 Ἑρμῇ
787 820 873 880 διὰ
888 819 986 891 τὴν
1008 817 1308 897 ἑρμηνείαν,
1326 817 1417 876 καὶ
1434 815 1517 875 ὅτι
1530 815 1777 874 ἔσπενδον

255 914 311 970 οἱ
330 911 549 970 παλαιοὶ
573 910 681 969 ἀπὸ
705 911 809 968 τῶν
844 907 1064 966 δείπνων
1091 904 1393 970 ἀναλύοντες
1408 948 1427 980 ,
1449 901 1779 982 προσιστορεῖ

253 998 354 1057 καὶ
380 996 461 1057 ὅτι
500 997 592 1062 τὰς
623 994 863 1062 τοιαύτας
888 990 1115 1058 σπονδὰς
1154 993 1423 1050 ἐποιοῦντο
1449 995 1528 1070 τῷ
1556 990 1736 1070 Ἑρμῇ
1758 1035 1776 1063 ,

254 1084 354 1143 καὶ
385 1087 515 1162 οὐχ,
550 1086 620 1149 ὡς
639 1085 687 1141 οἱ
712 1081 922 1163 ὕστερον
945 1125 962 1153 ,
990 1078 1078 1138 Διὶ
1103 1076 1289 1158 τελείῳ
1312 1101 1325 1115 ·
1352 1079 1493 1145 δοκεῖ
1517 1078 1618 1156 γὰρ
1642 1075 1778 1150 Ἑρ-

254 1176 371 1246 μῆς
400 1170 561 1231 ὕπνου
593 1168 891 1249 προστάτης
917 1157 1072 1225 εἶναι.
1111 1167 1323 1242 Regius
1349 1188 1363 1224 ε
1389 1164 1709 1244 Ἐπειδήπερ
1750 1167 1778 1222 ὁ

254 1259 466 1338 Ἑρμῆς
507 1257 669 1339 κήρυξ
707 1256 819 1318 ἐστὶ
855 1259 961 1315 τῶν
1005 1258 1136 1313 θεῶν
1158 1299 1174 1327 ,
1206 1253 1375 1332 τούτῳ
1415 1251 1470 1312 δὲ
1510 1252 1716 1319 εἰκότως
1740 1256 1776 1325 ἡ

250 1350 365 1407 τῶν
391 1346 773 1424 θυσιαζομένων
786 1342 934 1412 ζώων
953 1345 1171 1421 γλῶσσα
1190 1344 1260 1408 εἰς
1280 1340 1462 1401 θυσίαν
1481 1339 1775 1421 ἀνεφέρετο,

249 1432 445 1493 τούτου
478 1433 650 1493 1εἵνεκεν
666 1436 695 1491 ὅ
720 1428 957 1512 θεράπων
977 1429 1106 1510 πρὸς
1120 1430 1210 1488 τὸν
1233 1428 1439 1508 Ἑρμῆν
1462 1432 1615 1487 τοῦτο
1634 1417 1771 1485 εἷπε.

252 1521 373 1581 δέον
405 1520 460 1580 δὲ
484 1523 679 1593 εἰπεῖν,
720 1523 755 1589 ἡ
784 1520 1001 1595 γλῶσσα
1030 1514 1112 1575 σοὶ
1137 1513 1306 1599 τούτῳ
1341 1518 1417 1594 τῷ
1443 1514 1634 1594 κήρυκι
1659 1511 1776 1571 θύε-

252 1632 349 1667 ται
368 1608 494 1688 παρ’
522 1610 697 1684 ἡμῶν,
721 1608 904 1665 οὐκοῦν
926 1601 999 1679 μὴ
1028 1599 1341 1681 χαλέπαινε,
1357 1603 1386 1659 ὁ
1415 1599 1472 1658 δὲ
1498 1600 1623 1679 παρ’
1648 1597 1777 1658 ὑπό-

253 1718 406 1755 νοιαν
425 1694 658 1771 ἐπήγαγε
686 1693 887 1760 παίζων
915 1690 1160 1768 τέμνεται
1182 1713 1194 1725 ·
1223 1686 1311 1747 ἵνα
1337 1687 1427 1746 καὶ
1457 1688 1587 1747 ἄλλο
1606 1712 1659 1746 τι
1682 1710 1776 1764 γε·-

252 1782 399 1841 λοῖον
426 1784 610 1851 νοῆται
630 1803 644 1817 ·
673 1778 734 1838 τὸ
755 1777 858 1859 γὰρ
883 1776 1130 1855 τέμνεται
1165 1777 1315 1847 δηλοῖ
1351 1774 1440 1835 καὶ
1480 1775 1573 1847 τὴν
1611 1775 1777 1853 τομὴν

252 1872 351 1939 τῆς
374 1865 610 1947 γλώττης
632 1871 723 1925 τοῦ
743 1865 981 1943 λέγοντος
996 1906 1016 1934 ,
1045 1863 1133 1922 καὶ
1159 1861 1255 1933 τὴν
1275 1860 1544 1942 ἀφαίρεσιν
1569 1867 1664 1934 τῆς
1684 1868 1776 1922 τοῦ

255 1956 393 2024 ζώου
421 1953 687 2032 γλώττης,
721 1952 846 2013 ὅταν
875 1952 1038 2011 θύωσι
1060 1955 1210 2010 τοῦτο
1236 1952 1284 2008 οἱ
1326 1949 1607 2030 ἄνθρωποι.
1635 1983 1711 1996 —
1741 1971 1774 2008 α

256 2043 342 2103 σοὶ
369 2047 585 2102 Hemst.
621 2046 715 2099 σοῦ
737 2042 939 2099 codex.

346 2152 408 2188 11
427 2131 516 2201 15,
550 2132 583 2187 5
612 2127 725 2187 ἔστι
755 2133 825 2187 R.
850 2134 918 2185 V.
948 2124 1061 2186 ἔστι
1083 2125 1140 2185 δὲ
1168 2115 1302 2190 εἶδος
1336 2130 1409 2184 G.
1457 2126 1778 2192 πλακοῦντος

254 2216 318 2276 τὸ
345 2215 565 2299 ψαιστόν
589 2220 658 2274 R.

346 2326 366 2361 1
388 2326 405 2360 ι
425 2324 515 2379 19,
547 2311 611 2371 14
652 2299 911 2382 ἕστράφης
942 2300 1143 2359 Suidas
1168 2319 1213 2358 S.
1254 2299 1562 2376 Σωφρονεῖς.
1590 2333 1671 2344 -
1709 2302 1773 2358 15

254 2392 433 2457 καλῶς
450 2389 540 2449 καὶ
561 2390 728 2460 ἀληθῆ
748 2389 798 2445 λ.
819 2388 950 2448 Ald.

345 2498 369 2535 1
385 2498 514 2549 121,
539 2485 609 2543 114
641 2476 811 2551 μᾶζαν
833 2496 846 2510 ·
872 2472 907 2545 ἢ
932 2463 1065 2539 εἶδος
1090 2475 1413 2538 πλακοῦντος
1432 2471 1485 2540 ἐξ
1521 2470 1659 2531 οἴνου
1686 2495 1768 2550 γι-

256 2563 470 2641 νόμενον
502 2560 537 2632 ἢ
578 2561 729 2642 ἄρτος
766 2558 820 2628 ἐξ
848 2557 986 2618 οἴνου
1026 2559 1368 2641 βεὸρεγμένον
1398 2556 1769 2639 (βεὸρεγμένου

256 2651 360 2728 G.)
380 2655 446 2707 V.
468 2649 590 2707 sine
613 2643 901 2724 γινόμενον.
926 2647 1228 2724 Excerpsit
1248 2644 1453 2704 Suidas
1476 2667 1521 2703 S.
1547 2647 1772 2705 Οἷνοῢτ-

256 2758 338 2794 τα.
379 2773 442 2785 -
476 2736 549 2792 26
590 2732 943 2810 μουστόπιταν
990 2739 1163 2792 Dorv.
1219 2737 1356 2809 Reg.
1401 2737 1463 2789 In
1516 2733 1771 2810 margine

255 2829 434 2884 Dor-v.
461 2823 768 2900 μελιττοῧτα
788 2819 844 2880 δὲ
860 2866 879 2895 ,
908 2818 938 2880 8
963 2823 1149 2887 κοινῶς
1174 2818 1415 2879 εἰώθασιν
1436 2818 1605 2898 λέγειν
1639 2819 1772 2880 ἀπό·

222 2963 234 2973 .
255 2916 441 2989 θερμα.
507 2909 835 2985 Ducangius
880 2931 894 2966 ε
946 2906 1304 2986 μουστόπιττα
1324 2950 1342 2983 ,
1406 2906 1734 2984 μουστόπιτα
1753 2953 1771 2982 ,

259 3002 527 3055 Placenta
556 3003 687 3052 vino
713 2995 958 3052 subacta.
989 2999 1200 3052 Glossoe
1220 2995 1392 3052 MSS.
1432 2997 1514 3050 ad
1543 2997 1769 3052 Plutum

260 3077 610 3158 ΑηὶςιορΙιαπ.
634 3081 789 3140 πάντ’
815 3077 967 3156 ἀγάθ’
992 3077 1146 3137 ἕωθεν
1168 3078 1310 3143 εὐθὺς
1337 3081 1599 3139 οἰνοῦτταν
1625 3079 1768 3157 μέλι.

258 3168 657 3245 μουστοπίτταν.
703 3167 811 3226 Ubi
861 3168 1097 3224 Thomas
1139 3170 1424 3243 Magister
1460 3174 1517 3224 in
1559 3169 1773 3226 scholiis

262 3259 406 3315 MSS
413 3301 427 3316 .
461 3258 696 3314 οἶνοῦττα
727 3253 821 3331 μὲν
849 3255 960 3312 ἐστὶ
989 3260 1023 3325 ἡ
1049 3255 1230 3319 κοινῶς
1256 3252 1512 3330 λεγομένη
1548 3255 1772 3331 μουστό-

257 3366 382 3402 πιτα
404 3365 418 3380 ·
444 3340 753 3419 μελίττουτα
789 3341 845 3398 δὲ
876 3342 912 3411 ἡ
941 3341 1125 3406 κοινῶς
1159 3338 1415 3418 λεγομένη
1457 3339 1768 3422 ἀπόθερμον.

257 3430 465 3489 Eadem
490 3427 726 3485 Thomae
751 3424 930 3484 verba
963 3425 1227 3484 exhibuit
1250 3427 1308 3484 in
1336 3426 1665 3508 Ἀπόθερμον.

341 3539 362 3574 1
382 3519 488 3574 123
510 3558 528 3587 ,
582 3517 648 3573 31
701 3513 782 3594 ἐφ’
826 3512 984 3594 ὕψους
1027 3513 1265 3590 κάθημαι
1300 3517 1514 3571 Hemst.
1562 3515 1768 3573 collato

256 3604 456 3675 Suida,
482 3600 775 3674 Ἀναὸάδην
798 3624 812 3659 :
844 3602 923 3680 ἐφ’
944 3599 1101 3682 ὕψους
1123 3624 1137 3637 ·
1162 3598 1271 3658 ἄνω
1294 3600 1413 3670 τοὺς
1432 3601 1593 3667 πόδας
1627 3600 1766 3682 ἔχειν

257 3689 343 3750 καὶ
366 3693 669 3767 κοιμᾶσθαι.
696 3688 780 3746 lb.
806 3690 997 3746 πεινῶν
1025 3686 1060 3758 ἢ
1104 3688 1492 3770 ἀναστρέφομαι
1527 3693 1592 3768 τῇ
1618 3690 1767 3770 πείνῃ

262 3783 349 3850 V.,
380 3798 508 3855 quae
534 3776 714 3835 verba
743 3795 860 3832 om.
920 3781 989 3834 G.
1010 3808 1089 3820 —
1111 3778 1184 3833 32
1213 3772 1349 3854 ἔχων
1395 3782 1464 3835 G.
1504 3779 1574 3837 Θ.
1605 3778 1659 3834 ἐν
1700 3781 1767 3857 τῇ

258 3866 421 3944 στήλῃ
469 3865 727 3923 additum
767 3884 839 3920 ex
875 3867 1027 3920 V.—
1056 3864 1128 3921 35
1168 3882 1253 3941 sq.
1301 3860 1458 3923 ἄλλον
1501 3866 1585 3922 ἐπ’
1623 3863 1768 3947 ἄλλῳ

258 3950 388 4032 ἔχων
407 3950 496 4011 τὸν
518 3949 655 4009 πόδα
674 3949 851 4008 habet
872 3951 945 4009 Θ.

340 4061 361 4095 1
379 4060 398 4095 1
413 4048 507 4110 94,
529 4049 601 4105 40
628 4036 763 4095 Ἀντὶ
789 4040 882 4094 τοῦ
903 4056 1016 4093 om.
1045 4039 1132 4107 V.,
1151 4037 1252 4113 qui
1275 4046 1307 4105 4
1324 4057 1346 4093 1
1371 4038 1559 4105 ἐποίεις
1578 4038 1768 4113 ζημίας

258 4125 366 4192 τοὺς
389 4131 554 4185 ταῦτα
578 4122 904 4205 παρέχοντας
936 4121 1003 4181 τὰ
1029 4123 1216 4199 ἀγαθά.

342 4216 486 4271 1126
538 4213 621 4270 sic
661 4212 723 4270 in
779 4217 869 4282 R„
905 4208 1002 4278 ἔξω
1024 4211 1129 4266 τῶν
1165 4212 1625 4289 ἑορτῶν-Θησεῖ.
1657 4213 1770 4291 (se-

257 4300 448 4376 quitur
484 4298 745 4356 scholion
779 4298 851 4355 ad
891 4317 945 4354 v.
1006 4317 1027 4352 1
1047 4296 1186 4372 1283
1218 4308 1338 4355 tum
1369 4299 1589 4375 pergit)
1616 4303 1650 4369 ἡ
1688 4322 1770 4357 τε-

259 4382 529 4466 τρὰς-τῷ
559 4383 755 4464 Ἑρμῇ.
785 4387 851 4441 V.
880 4380 1227 4453 ἔξω-Θησεῖ
1250 4382 1359 4441 hoc
1395 4384 1525 4442 loco
1556 4383 1729 4443 habet
1749 4428 1766 4456 ,

258 4472 352 4530 sed
396 4484 581 4529 totum
622 4470 881 4528 scholion
914 4472 948 4540 ἡ
988 4467 1425 4550 τετρὰς-Θησεῖ
1459 4473 1665 4550 repetit
1693 4473 1764 4531 ad

260 4578 313 4619 ν.
351 4560 496 4616 1128
526 4571 660 4616 ante
688 4556 865 4614 verba
887 4553 1106 4624 Ἄλλως.
1133 4556 1376 4635 ἀγκύλης.
1394 4594 1457 4608 -
1490 4558 1565 4615 50
1595 4557 1664 4617 ‘fl
1686 4582 1768 4618 τε·

259 4646 373 4728 τρὰς
393 4643 449 4704 δὲ
467 4650 533 4702 V.
555 4683 615 4695 -
641 4645 706 4701 51
743 4647 818 4724 τῷ
844 4642 1019 4724 Ἑρμῇ
1052 4650 1117 4702 R.
1139 4643 1229 4702 καὶ
1269 4657 1327 4702 et
1358 4644 1523 4725 ταύτῃ
1562 4649 1626 4726 τῇ
1648 4667 1762 4705 om.

266 4736 345 4804 V.,
371 4734 469 4810 qui
493 4735 636 4810 μῆνα
659 4729 833 4811 ἡμέρα
869 4731 1158 4789 ἀπετίθετο.
1186 4769 1249 4781 -
1292 4734 1365 4790 52
1414 4730 1663 4792 ἀπέθεντο
1686 4739 1759 4793 R.

1864 463 1971 521 λων
2002 465 2191 543 ἑορτῶν
2215 467 2285 520 V.
2306 499 2369 512 —
2392 463 2487 521 53.
2510 469 2598 523 De
2642 464 2845 523 diebus
2861 508 2879 537 ,
2906 469 3006 544 qui
3032 466 3243 545 quibus
3270 468 3379 527 diis

1865 562 2054 609 essent
2099 550 2275 620 sacri,
2341 549 2550 608 librum
2598 551 2978 610 Philochorus
2998 595 3015 625 ,
3083 554 3382 631 religionis

1866 640 2068 716 patriae
2094 638 2560 709 callentissimus,
2602 641 2971 717 conscripsit,
3011 654 3152 700 teste
3176 647 3381 703 Proclo

1866 726 1938 783 ad
1968 725 2198 784 Hesiod.
2230 723 2360 802 Ἡμ.
2394 747 2448 782 v.
2480 746 2592 797 770
2619 749 2633 784 ε
2660 726 2955 807 Φιλόχορος
2991 726 3043 787 δὲ
3071 730 3125 786 ἐν
3158 732 3235 810 τῷ
3262 730 3381 810 περὶ

1864 815 2076 894 ἡμερῶν
2123 810 2306 872 Ἡλίου
2351 812 2442 871 καὶ
2482 811 2801 880 Ἀπόλλωνος
2842 812 2984 891 λέγει
3020 815 3183 886 αὐτήν
3207 838 3220 852 ·
3257 818 3293 887 ἡ
3337 816 3382 876 δ’

1865 898 2188 980 Ἡρακλέους
2228 898 2316 958 καὶ
2346 898 2550 980 Ἑρμοῦ
2599 902 2739 959 ἐστιν
2763 924 2776 937 ·
2826 905 2861 972 ἡ
2919 899 2975 959 δὲ
3019 901 3219 979 ἑὸδόμη
3268 902 3384 983 ἱερὰ

1866 985 2194 1054 Ἀπόλλωνος
2215 1009 2228 1022 ·
2255 989 2307 1045 ἓν
2333 987 2467 1065 αὐτῇ
2499 984 2601 1067 γὰρ
2634 985 2823 1065 ἐτέχθη
2849 1010 2862 1024 ·
2888 987 2966 1045 διὸ
2988 989 3077 1047 καὶ
3107 990 3384 1057 ἑπτάτονος

1866 1075 2025 1132 αὐτοῦ
2047 1079 2082 1146 ἡ
2109 1073 2296 1156 κιθάρα
2314 1097 2325 1109 ·
2356 1078 2391 1143 ἡ
2426 1072 2609 1155 τετρὰς
2639 1072 2956 1156 Ἡρακλέους
2978 1099 2990 1111 ·
3034 1077 3087 1134 ἐν
3122 1077 3255 1157 αὐτῇ
3283 1076 3384 1159 γὰρ
3493 1088 3498 1093 “

1864 1159 2054 1239 ἐτέχθη
2077 1183 2090 1196 ·
2117 1181 2245 1237 quae
2273 1173 2409 1218 sunt
2436 1160 2508 1219 ad
2533 1162 2849 1221 scholiastae
2883 1163 3061 1220 uostn’
3086 1168 3270 1221 locum
3293 1185 3384 1222 ac·

1865 1248 2408 1309 commodatissima.
2446 1254 2536 1309 Ex
2571 1251 2775 1308 eodem
2822 1269 2999 1327 opere
3043 1264 3379 1321 manarunt,

1864 1357 1994 1414 quae
2021 1356 2235 1414 parvus
2264 1337 2507 1396 Homeri
2527 1350 2823 1395 enarrator
2851 1337 3045 1415 prodit
3079 1340 3149 1395 ad
3175 1340 3287 1399 Od.
3317 1342 3384 1413 Υ,

1873 1423 2018 1494 1553
2045 1424 2124 1497 Φ,
2157 1424 2294 1498 258,
2327 1439 2382 1482 et
2404 1425 2605 1484 Suidas
2629 1425 2689 1481 in
2712 1423 2943 1505 Τετράδι
2970 1423 3205 1502 γέγονας.
3236 1426 3385 1483 Vide

1864 1511 2125 1569 Eustath.
2155 1510 2228 1568 ad
2249 1511 2315 1569 ll.
2342 1510 2417 1583 Ω,
2448 1530 2507 1586 p.
2553 1510 2723 1583 1353,
2745 1523 2801 1567 et
2825 1516 2917 1571 J0.
2943 1517 3156 1569 Meurs.
3176 1513 3384 1571 Denar.

1865 1598 2102 1674 Pythag.
2157 1617 2208 1657 c.
2254 1599 2312 1654 6.
2360 1597 2530 1668 Quod
2574 1597 2782 1655 deinde
2830 1598 3114 1656 scholium
3157 1603 3270 1657 LB.
3314 1600 3386 1658 de

1865 1697 2031 1742 sexto
2052 1685 2261 1743 mensis
2280 1684 2392 1755 die,
2417 1685 2705 1761 praecipue
2724 1685 3143 1760 Thargelionis,
3170 1699 3386 1761 narrat,

1866 1791 2067 1830 verum
2104 1785 2228 1831 est:
2272 1773 2431 1831 illum
2483 1772 2635 1829 enim
2664 1784 2722 1827 et
2763 1773 2987 1845 Diana,
3029 1786 3087 1831 et
3124 1773 3385 1851 philoso-

1866 1861 2020 1937 phan
2028 1860 2087 1918 di
2107 1861 2386 1919 rationem
2401 1857 2790 1916 obstetriciam
2818 1859 3105 1936 professus
3122 1864 3387 1919 Socrates

1868 1948 2111 2005 natalem
2142 1945 2468 2004 habuerunt
2493 1968 2506 2001 :
2535 1946 2780 2019 Diogen.
2810 1949 2875 2002 L.
2909 1964 2965 2018 α,
3000 1953 3094 2013 44.
3126 1945 3271 2004 Vide
3293 1952 3384 2004 Jo.

1866 2039 2135 2110 Rntgers.
2155 2033 2228 2092 ad
2256 2034 2430 2111 Apul.
2461 2052 2520 2110 p.
2546 2052 2599 2102 7.
2634 2034 2852 2089 Hans-r.
2875 2064 2947 2075 —
2974 2031 3044 2099 54
3083 2032 3174 2091 καὶ
3201 2030 3385 2113 τετρὰς

1865 2123 1939 2180 Θ.
1965 2120 2187 2201 τετάρτη
2218 2122 2422 2179 Suidas
2455 2118 2781 2193 utrobique.
2811 2154 2873 2167 -
2904 2139 2926 2175 1
2974 2122 3048 2198 τῷ
3092 2121 3263 2191 Θησεῖ
3291 2127 3387 2194 V.,

1867 2210 1968 2286 qui
1993 2207 2188 2289 Χάρισι
2211 2200 2257 2287 *f
2273 2209 2433 2267 addit
2458 2209 2640 2267 altero
2668 2206 2826 2280 loc0,
2863 2207 2970 2265 ubi
2998 2222 3179 2265 totum
3208 2210 3387 2280 scho-

1865 2297 1987 2354 lion
2014 2296 2074 2373 (i.
2097 2316 2149 2354 e.
2188 2294 2353 2363 ἔξω-
2370 2296 2569 2369 Θησεῖ)
2615 2298 2696 2356 sic
2734 2295 3009 2373 scriptum
3032 2309 3143 2367 est,
3191 2294 3382 2361 ἄλλως.

1864 2384 2075 2463 τετράδι
2097 2381 2198 2462 γὰρ
2217 2388 2309 2441 τοῦ
2333 2379 2494 2459 μηνὸς
2513 2381 2605 2448 τὰς
2646 2381 2783 2442 κατὰ
2826 2381 3047 2454 σελήνην
3095 2383 3292 2461 ε’γίνετο
3318 2382 3387 2441 τὰ

1866 2471 2070 2550 Ἑρμοῦ
2089 2514 2107 2544 ,
2134 2460 2493 2541 Ἀπόλλωνι-ζ,
2522 2472 2696 2541 Θησεῖ
2718 2461 2774 2545 ἦ,
2804 2469 3001 2549 Χάρισι
3021 2460 3079 2549 γ.

1952 2580 1976 2615 1
1994 2578 2101 2630 127
2133 2578 2248 2616 om.
2266 2558 2436 2615 ctiam
2458 2560 2532 2617 Θ.
2555 2595 2617 2607 —-
2650 2580 2668 2614 ι
2685 2557 2941 2619 αὝλλαν
2963 2559 3220 2615 omnium
3244 2557 3378 2615 edd.

1865 2659 1947 2703 est
1973 2646 2275 2724 scriptura,
2302 2646 2466 2702 litera
2487 2644 2720 2721 quidem
2748 2644 2919 2703 inerti
2947 2643 3263 2715 abundans,
3286 2645 3385 2702 sed

1865 2753 2035 2810 quam
2076 2733 2292 2790 vetusti
2332 2745 2520 2790 tamen
2557 2731 2692 2789 libri
2731 2732 2938 2809 saepius
2980 2731 3272 2789 adhibent.
3319 2737 3387 2790 In

1862 2821 2041 2881 Suida
2068 2821 2216 2898 legas
2236 2818 2345 2877 Τὸν
2368 2817 2572 2880 ιὝλλαν
2597 2821 2902 2899 κραυγάζειν
2926 2841 2939 2854 ·
2968 2837 3076 2896 pro
3101 2838 3217 2896 quo
3243 2820 3386 2877 mire

1865 2922 2173 2987 corruptus
2193 2952 2210 2982 ,
2235 2908 2317 2965 sic
2344 2907 2495 2966 enim
2513 2927 2720 2965 censeo
2742 2952 2759 2980 ,
2794 2907 2925 2966 cod.
2962 2910 3075 2964 LB.
3107 2905 3215 2965 Τὸν
3240 2906 3383 2967 ’Ὕλ-

1862 2996 1961 3052 λαν
1995 2994 2268 3072 βαστάζειν
2291 3016 2304 3029 ·
2343 2992 2432 3051 ἐπὶ
2455 2997 2558 3052 τῶν
2585 2994 2757 3069 μάτην
2786 2990 3078 3051 πονούντων
3103 3015 3115 3028 ·
3147 2995 3263 3052 ἐπεὶ
3296 2994 3383 3053 τὸν

1863 3078 2068 3140 'mom
2092 3095 2201 3140 etc.
2231 3080 2389 3140 Idem
2419 3101 2554 3138 vero
2570 3078 2776 3140 Ὕλλαν
2807 3080 3119 3159 κραυγάζειν
3139 3124 3154 3152 ,
3198 3103 3384 3160 neque

1863 3167 1946 3227 ibi
1971 3167 2234 3225 dissentit
2262 3169 2530 3243 antiquus
2549 3165 2751 3225 codex.
2778 3172 2841 3225 ln
2865 3172 3047 3227 Dorv.
3088 3166 3178 3225 τὸν
3210 3168 3382 3228 ’Υλαν

1862 3257 2044 3314 altero
2070 3254 2105 3311 λ
2121 3255 2507 3332 superposito,
2539 3254 2655 3326 Qui
2675 3255 2979 3311 scholiasta
3004 3253 3175 3331 πηγὰς
3205 3256 3260 3330 (Ι.
3285 3256 3381 3334 21)

1862 3344 2092 3401 videtur
2123 3344 2440 3420 appellasse
2472 3339 2676 3421 νύμφας
2712 3340 2943 3417 πηγαίας
2962 3384 2980 3413 ,
3013 3361 3141 3418 quae
3178 3342 3382 3417 Hylam

1864 3442 2177 3508 rapuerunt
2208 3449 2223 3488 z
2250 3450 2380 3487 nam
2402 3442 2466 3486 ut
2487 3429 2705 3487 sontem
2737 3433 2914 3505 Pegas
2933 3473 2951 3502 ,
2981 3429 3037 3486 in
3067 3448 3237 3505 quem
3274 3429 3380 3488 de·-

1862 3517 2058 3595 lapsus
2087 3518 2259 3593 Hylas
2298 3517 2566 3587 evanuit,
2599 3528 2835 3573 auctore
2862 3516 3134 3591 Apollon.
3159 3518 3274 3580 Rh.
3313 3538 3337 3574 1
3365 3561 3381 3590 ,

1870 3625 2016 3662 1222
2040 3649 2058 3679 ‚
2100 3603 2462 3682 cogitaverit,
2485 3603 2614 3679 quis
2642 3602 2873 3660 credere
2907 3605 2968 3660 in
3000 3604 3254 3662 animum
3287 3605 3377 3663 in-

1860 3693 2071 3750 ducat?
2101 3697 2311 3749 Versus
2343 3703 2533 3747 autem
2556 3690 2653 3746 ille
2685 3688 3059 3766 proverbialis
3089 3692 3149 3770 (l.
3184 3692 3274 3768 16)
3309 3690 3382 3750 de

1862 3793 2117 3838 veterum
2139 3778 2433 3856 cujusdam
2463 3776 2741 3854 tragoedia
2773 3778 2894 3834 sine
2929 3776 3108 3835 dubio
3148 3778 3380 3836 deriva-

1863 3881 1974 3940 tuS,
1991 3866 2089 3925 ubi
2114 3865 2435 3936 Herculem,
2462 3878 2527 3920 ut
2547 3864 2620 3922 ab
2642 3863 2788 3940 Hyla
2808 3866 3094 3921 incassum
3114 3884 3381 3941 quaeren-

1860 3953 1935 4011 do
1956 3954 2269 4024 desisteret,
2294 3972 2409 4009 vox
2436 3952 2579 4009 coelo
2610 3953 2781 4008 missa
2804 3952 3044 4020 monuit,
3072 3954 3264 4018 Ποθεῖς
3292 3952 3377 4011 τὸν

1858 4042 1915 4100 οὗ
1946 4039 2201 4118 παρόντα,
2227 4038 2316 4097 καὶ
2338 4037 2508 4114 μάτην
2538 4040 2711 4104 καλεῖς
2733 4061 2745 4074 ·
2764 4059 2893 4115 quae
2920 4041 3198 4098 sententia
3222 4052 3378 4098 tanto

1858 4146 2035 4203 opere
2059 4125 2487 4203 spectatoribus
2504 4126 2714 4196 arrisit,
2740 4138 2806 4182 ut
2832 4128 3113 4202 paroemiae
3129 4129 3376 4205 vulgaris

1861 4212 2162 4288 privilegio
2189 4212 2520 4269 donaretur.
2552 4211 2768 4290 Αῖθερία
2794 4231 2935 4269 vero
2963 4211 3108 4293 φωνὴ
3140 4215 3337 4273 eadem
3357 4261 3374 4289 ,

1857 4319 1988 4376 quae
2015 4297 2250 4377 οὐράνιος
2283 4310 2340 4354 et
2368 4296 2508 4370 θεία,
2532 4311 2591 4354 et
2613 4297 2818 4369 κληδών
2844 4322 2857 4357 :
2891 4320 3134 4377 quarum
3180 4322 3253 4359 ex
3278 4323 3378 4359 oc-

1856 4386 2031 4458 culto,
2061 4398 2292 4443 auctore
2311 4385 2539 4457 latente,
2569 4386 2900 4444 emissarum
2931 4390 3231 4465 repentino
3265 4409 3372 4468 ap-

1856 4473 2029 4549 pulsu
2051 4482 2268 4529 mentes
2297 4471 2708 4548 superstitiosae
2729 4473 2895 4530 valde
2923 4475 3374 4533 commoveban-

1858 4572 1982 4618 tur:
2007 4562 2244 4616 coelestis
2265 4579 2382 4614 vox
2402 4558 2570 4615 Livio
2603 4556 2635 4613 5
2655 4600 2671 4629 ,
2705 4557 2777 4615 52
2801 4601 2818 4629 ,
2846 4571 2905 4616 et
2931 4559 3085 4637 apud
3129 4561 3372 4638 Diogen.

1856 4648 1921 4707 L.
1965 4668 1987 4704 1
2008 4690 2026 4719 ,
2061 4668 2082 4703 1
2101 4647 2169 4703 15
2191 4688 2212 4715 ,
2239 4648 2461 4724 ῥαγῆναι
2501 4644 2676 4725 φωνὴν
2717 4643 2771 4713 ἐξ
2801 4647 3018 4727 οὐρανοῦ
3039 4669 3052 4683 ·
3092 4666 3287 4705 earum
3312 4648 3374 4706 in

1856 4732 2147 4813 tragoediis
2169 4752 2402 4810 quoque
2418 4774 2435 4803 ,
2464 4743 2529 4789 ut
2551 4736 2680 4790 θεῶν
2710 4733 2813 4791 ἀπὸ
2840 4735 3111 4812 μηχανῆς,
3140 4753 3276 4792 usus
3301 4734 3374 4793 ad

261 4844 284 4872 ι
304 4821 541 4885 Πλακοῢς
565 4817 835 4877 ἀπετίθετο
860 4817 1091 4876 videtur
1122 4817 1313 4876 dicere
1348 4821 1633 4893 voluisse,
1673 4821 1762 4879 vel
1852 4822 2073 4880 nodum
2102 4819 2306 4878 fabulae
2335 4819 2688 4877 solvendum.
2726 4822 2893 4893 Pejus
2923 4821 3258 4898 Apostolius
3299 4843 3371 4897 9,

261 4907 304 4963 si
324 4904 572 4963 ἀπέθεντο
601 4918 757 4964 recte
782 4905 1060 4982 scriptum
1084 4905 1142 4963 in
1171 4909 1262 4976 R„
1302 4908 1607 4966 πλακοῦντα
1630 4907 1764 4966 ἀπέ-
1859 4907 2141 4982 57,habet
2161 4910 2330 4978 ζητεῖς
2351 4905 2539 4974 τὸν-,
2565 4909 2863 4983 multoque
2884 4909 3060 4986 magis
3074 4908 3137 4967 id
3168 4909 3369 4967 existi·-

262 4996 413 5051 θεντο.
436 5019 460 5043 ν
484 4997 663 5050 Dum.
689 4990 787 5061 ἔξω
811 4991 916 5072 γὰρ
944 4992 1072 5051 ΔΙό.
1102 4997 1226 5052 Hoc
1251 4994 1513 5053 scholion
1549 4996 1763 5054 exscri-

1860 4996 2082 5068 mabis,
2127 4996 2175 5053 si
2211 4995 2269 5053 in
2313 4994 2642 5052 memoriam
2683 5013 2920 5053 revoces
2957 5015 3028 5053 ex
3064 4997 3372 5056 Ammonio
