3859 5725
73 4716 167 4787 ''t‘-
258 4731 313 4776 ω

316 168 396 226 94

1479 155 1867 220 scl-loLIA
1920 156 2014 218 IN
2063 155 2368 219 NUBES.

396 302 615 386 (σεμναί
639 325 698 362 τε
723 301 837 362 θεαὶ
865 322 882 362 2
912 302 1037 381 Οὗχ
1061 298 1199 360 οὕτω
1225 291 1367 378 λέγει
1396 298 1492 368 τὰς
1522 300 1761 382 Νεφέλας
1796 324 1884 360 σε-
1980 299 2279 380 Αἰγύπτιος.
2302 299 2483 383 καιρὸν
2516 293 2606 362 οῦν
2646 301 2806 384 εὑρὼν
2845 302 3058 384 μνήμην
3092 309 3188 366 τοῦ
3221 306 3417 370 Νείλου
3447 332 3561 369 πε-

319 393 453 477 μνὰς
473 392 591 461 θεὰς
617 388 796 470 ὥσπερ
824 388 917 456 τὰς
940 389 1145 471 Ἐρινῦς
1167 387 1539 470 ἐκτρεπόμενοι
1558 388 1750 457 πάντες
1772 392 1889 448 ὀνο-
1975 389 2210 461 ποίηται.
2232 401 2293 449 V.
2317 388 2601 471 πρόχουσιν
2623 391 2698 467 δὲ,
2723 392 2967 473 ἀγγείοις.
2993 427 3065 436 -
3084 393 3370 477 πρόχουσω
3396 417 3415 458 g
3437 397 3562 478 Ἀγ-

322 481 483 562 μαστὶ
512 478 682 558 λέγειν
706 476 866 544 αὐτὸς
892 477 1184 555 Εὐμενίδας
1206 477 1297 535 καὶ
1323 476 1520 554 σεμνὰς
1542 475 1660 543 θεὰς
1682 499 1887 558 προση-

314 567 590 651 γόρευσαν.
614 565 677 624 τὸ
697 563 800 647 γὰρ
831 564 1098 635 σιωπηλὸν
1121 563 1312 641 σεμνὸν
1337 563 1687 642 λελόγισται.)

260 681 291 724 5
400 651 886 738 βροντησικέραυνοι
919 674 933 712 :
966 650 1281 734 [Ἀλλήλαις
1313 650 1418 733 γὰρ
1452 651 1888 734 προσερχομένων

315 749 420 805 τῶν
444 746 691 825 νεφελῶν,
714 748 821 824 πῦρ
843 740 1121 809 ἐξάπτεται
1140 743 1201 799 ἐκ
1218 744 1311 811 τῆς
1333 744 1531 810 πυκνῆς
1558 738 1887 820 ἑκτρίψεο)ς.]

318 832 539 913 [οἰκείαις
564 833 832 890 κάνταῦθα
854 832 931 910 τῷ
951 827 1171 910 ἐπιθέτῳ
1195 826 1365 908 τούτῳ
1386 826 1657 909 κέχρηται.
1683 829 1891 886 δοκοῦσι

317 921 421 1003 γάρ
464 943 576 986 πως
620 922 676 977 αἱ
721 916 933 999 νεφέλαι
970 915 1335 998 προδεικνύναι
1375 915 1468 975 καὶ
1512 914 1890 996 προσημαίνειν

317 1010 447 1088 ἡμῖν
476 1005 597 1074 τούς
630 1029 687 1065 τε
725 1005 953 1088 ὄμὸρους
989 1005 1081 1064 καὶ
1119 1004 1213 1072 τὰς
1248 1002 1486 1085 χαλάζας
1517 1009 1613 1062 τοῦ
1640 1006 1889 1085 οὐρανοῦ,

240 1117 294 1158 10
324 1096 411 1156 ὅτε
438 1102 632 1177 βροντᾷ
653 1094 744 1153 καὶ
773 1093 1083 1176 ἀστράπτει.
1206 1089 1426 1159 Ἄλλως.
1448 1094 1510 1150 ἐκ
1535 1095 1641 1150 τῶν
1664 1094 1890 1173 νεφελῶν

318 1208 449 1268 φασι
474 1183 569 1251 τὰς
592 1180 865 1265 ἀστραπὰς
888 1180 980 1241 καὶ
1006 1179 1225 1262 βροντὰς
1244 1179 1507 1259 γίνεσθαι,
1529 1179 1889 1261 συγκρουομέ-

316 1298 409 1342 νας
439 1278 677 1354 βροντᾶν,
698 1269 1104 1352 συντριὸομένας
1127 1268 1495 1348 ἀστράπτειν.]

399 1381 494 1421 m.
536 1359 759 1442 [ἄρθητε
807 1380 821 1418 z
864 1356 1245 1439 Φυσικώτερον
1289 1355 1556 1438 ἐχρήσατο
1598 1353 1768 1437 τούτῳ
1813 1357 1890 1438 τῷ

317 1449 485 1531 λόγῳ,
515 1449 706 1529 ἄρθητε
729 1444 909 1519 εἰπὼν,
936 1445 1091 1505 οἱονεὶ
1121 1443 1399 1527 ἐπάρθητε.
1423 1443 1553 1525 φασὶ
1576 1442 1677 1523 γὰρ
1700 1442 1793 1511 τὰς
1815 1467 1892 1502 νε-

240 1553 293 1596 15
319 1536 479 1614 φέλας
500 1539 572 1602 εἷς
602 1535 729 1616 ὕψος
756 1533 996 1617 αἴρεσθαι
1018 1536 1136 1592 κατ’
1162 1532 1336 1612 ὀλίγον
1361 1532 1470 1591 ἀπὸ
1502 1536 1597 1604 τῆς
1620 1535 1717 1611 γῆς
1738 1530 1774 1603 ἢ
1796 1536 1891 1604 τῆς

318 1624 604 1698 θαλάσσης.

397 1715 474 1793 τῷ
496 1714 774 1794 φροντιστῇ
798 1729 814 1771 :
839 1709 1075 1771 Δύναται
1101 1707 1196 1769 καὶ
1231 1707 1319 1768 ἐπὶ
1348 1712 1442 1767 τοῦ
1468 1705 1780 1789 Σωκράτους
1801 1705 1892 1766 καὶ

319 1800 407 1860 ἐπὶ
435 1805 525 1858 τοῦ
563 1797 859 1879 πρεσὸύτου
888 1801 1135 1859 νοεῖσθαι.
1168 1796 1257 1856 ἐπὶ
1290 1796 1386 1876 μὲν
1421 1802 1513 1856 τοῦ
1542 1793 1889 1878 Σωκράτους,

317 1878 464 1968 ἴναῇ
502 1887 830 1967 παρακαλῶν
860 1887 1004 1963 αὐτῷ
1036 1888 1262 1966 φανῆναι
1292 1884 1385 1951 τὰς
1416 1882 1673 1964 Νεφέλας·
1715 1882 1804 1941 ἐπὶ
1836 1881 1892 1941 δὲ

240 1988 296 2029 20
320 1979 415 2033 τοῦ
458 1973 726 2056 γέροντος,
771 1975 843 2040 ὣς
883 1971 987 2044 ἤδη
1026 1977 1568 2054 συγκαταριθμοῦντος
1608 1969 1760 2031 αὐτὸν
1799 1976 1892 2030 τοῦ

321 2061 638 2144 Σωκράτους
658 2063 735 2142 τῷ
752 2064 858 2120 τῶν
886 2058 1182 2142 φιλοσόφων
1208 2058 1496 2142 συλλόγῳ]

399 2171 498 2212 207.
544 2148 705 2228 μήπω
728 2172 812 2227 γε,
833 2147 1000 2226 μήπω
1024 2172 1086 2227 γε
1111 2168 1126 2208 :
1154 2148 1551 2225 (Ἀναδίπλωσις
1568 2149 1807 2207 καλεῖται
1833 2149 1895 2207 τὸ

320 2244 556 2299 τοιοῦτον
581 2242 767 2317 σχῆμα
799 2242 893 2296 τοῦ
916 2236 1102 2314 λόγου,
1134 2235 1196 2295 τὸ
1224 2235 1299 2303 δὶς
1328 2237 1429 2304 τοῖς
1461 2240 1636 2302 αὐτοῖς
1674 2234 1895 2315 ὀνόμασι

319 2328 585 2409 χρῆσθαι).
624 2323 1025 2406 παρεπιγραφή.
1063 2323 1421 2392 διπλασιάσας
1453 2322 1555 2404 γὰρ
1588 2322 1650 2382 τὸ
1685 2322 1894 2401 ἱμάτιον

243 2425 297 2465 25
321 2411 702 2496 περιὸαλέσθαι
741 2412 900 2493 φησὶν
942 2410 1067 2470 αὐτὸ
1106 2409 1273 2470 θέλειν
1313 2409 1446 2493 ὑπὲρ
1480 2416 1573 2470 τοῦ
1611 2409 1893 2470 σκέπεσθαι

322 2502 443 2585 [καὶ
478 2496 635 2573 ἦττον
664 2501 821 2558 αὐτοῦ
857 2497 1164 2558 καθικέσθαι
1201 2498 1289 2558 τὸν
1328 2499 1486 2558 ὑετὸν
1501 2503 1595 2558 τοῦ
1632 2497 1892 2577 σώματος.

324 2596 360 2662 ἡ
383 2588 484 2671 γὰρ
513 2587 653 2670 ἀρχὴ
683 2592 788 2650 τῶν
816 2586 1104 2648 Διονυσίων
1131 2590 1391 2666 χειμῶνος
1418 2586 1623 2663 ἄγεται.
1654 2618 1719 2627 -·
1756 2585 1896 2647 πτύ-

326 2678 496 2756 ξωμαι
532 2696 548 2737 :
582 2673 782 2755 Ἤγουν
826 2675 1176 2757 καλύψωμαι,
1228 2674 1605 2754 συσπάσωμαι.
1658 2679 1783 2735 Vlcl.
1823 2676 1886 2736 τὸ

320 2764 615 2834 ’πτύξασθαι
647 2767 708 2824 ἐκ
750 2773 1047 2847 μεταφορᾶς
1085 2762 1289 2846 εἴρηται
1311 2767 1416 2822 τῶν
1450 2762 1743 2847 ζωοφύτων,
1779 2764 1898 2837 ἤτοι

245 2868 302 2909 30
324 2854 615 2936 ὀστράκων,
640 2853 777 2934 ἅπερ
802 2855 958 2913 οἱονεὶ
981 2851 1216 2933 πτύχας,
1242 2852 1359 2925 ἤτοι
1381 2851 1553 2921 πύλας
1574 2851 1643 2912 τὰ
1661 2852 1897 2937 ὄστρακα

325 2942 541 3024 ἔχοντα,
583 2941 676 3001 καὶ
710 2947 881 3000 ταῦτα
919 2940 1253 3001 συνάπτοντα
1270 2987 1286 3015 ,
1328 2945 1530 3010 ἑαυτοῖς
1569 2948 1898 3022 περιποιοῦσι

322 3030 385 3091 τὸ
408 3030 656 3111 ἀσφαλές.
681 3029 841 3111 Υἱοὶ]

404 3140 501 3180 2⁶8.
546 3118 633 3199 (τὸ
671 3117 726 3177 δὲ
770 3118 846 3195 μὴ
888 3122 1050 3190 κυνῆν
1091 3140 1106 3180 :
1149 3116 1599 3200 Περικεφαλαίαν,
1642 3116 1898 3200 ἀγροίκων

324 3207 561 3289 φόρημα.
590 3205 752 3275 οὕτως
775 3205 831 3265 δὲ
854 3206 1048 3279 ἐκλήθη
1064 3253 1079 3279 ,
1110 3206 1290 3280 ἐπειδὴ
1314 3211 1522 3288 πρῶτον
1547 3207 1655 3266 ἀπὸ
1677 3205 1897 3266 κυνείων

247 3319 301 3359 35
328 3292 601 3377 δερμάτων
638 3286 720 3367 ἦν.
766 3330 846 3340 —
886 3294 1301 3377 περικεφαλαίαν
1349 3295 1467 3367 ἤτοι
1512 3292 1895 3373 καμηλαύκιον.

327 3381 458 3464 φασὶ
493 3379 550 3440 δὲ
580 3381 644 3440 τὸ
687 3379 940 3464 πρότερον
983 3382 1090 3442 ἀπὸ
1129 3380 1421 3459 καμηλείου
1462 3379 1716 3464 δέρματος
1756 3381 1900 3462 γίνε-

327 3475 466 3536 σθαι.
485 3481 549 3528 V.

406 3556 596 3635 ἔχοντα
624 3577 639 3617 2
675 3558 757 3617 Οὔ
797 3557 972 3639 μωρὸν
1006 3555 1274 3632 δηλονότι,
1300 3560 1396 3617 οὐκ
1427 3557 1684 3638 ἀνόητον;
1726 3561 1899 3619 ἔλλει-

325 3643 420 3713 πὲς
444 3643 550 3725 γὰρ
580 3643 840 3725 εἴρηται.)

247 3764 302 3805 ⁴0
407 3754 505 3794 270.
549 3731 971 3814 [χιονοὸλήτοισι
1016 3731 1247 3805 κάθησθε
1299 3754 1314 3792 :

329 3820 559 3904 Ὁμήρῳ
583 3829 697 3893 [οᾱ.
722 3834 786 3894 z,
816 3827 887 3893 ια]
919 3819 1124 3900 λέγοντι

1365 3733 1900 3817 Ἀντιπαρατάττεται

517 3951 829 4016 Οὔλυμπόνδ’,
846 3952 915 4001 ὅθι
934 3953 1049 4016 φασὶ
1064 3952 1181 4001 θεῶν
1195 3951 1296 4010 ἕδος
1314 3951 1528 4016 ἔμμεναι.

329 4069 653 4153 χιονόὸλητα
688 4070 789 4154 γὰρ
826 4070 894 4131 τὰ
934 4071 1113 4153 ὑψηλὰ
1153 4075 1257 4131 τῶν
1301 4074 1436 4153 ὀρῶν
1479 4074 1809 4155 πληροῦσθαί
1842 4098 1901 4134 τε

331 4161 424 4221 καὶ
459 4162 723 4242 διατηρεῖν
757 4159 854 4232 τὴν
889 4160 1044 4240 χιόνα
1083 4159 1332 4243 πέφυκεν.
1373 4160 1588 4222 εἰώθασι
1618 4161 1676 4223 δὲ
1706 4163 1797 4223 καὶ
1833 4163 1902 4222 τὰ

252 4280 306 4322 ⁴5
332 4248 463 4333 νέφη
484 4248 682 4317 τούτοις
709 4248 1108 4330 ἐπικαθῆσθαι]

412 4357 510 4399 271.
553 4335 676 4418 [εἴτ’
704 4336 961 4399 Ὠκεανοῦ
985 4336 1185 4418 πατρὸς
1209 4356 1225 4398 :
1250 4336 1359 4398 Καὶ
1382 4344 1534 4399 τοῦτο
1562 4336 1778 4421 φυσικόν
1801 4361 1901 4421 φη-

335 4449 436 4499 σιν,
475 4427 584 4485 ἀπὸ
623 4431 713 4485 τοῦ
755 4425 1014 4487 Ὠκεανοῦ
1056 4425 1234 4485 πάντα
1270 4425 1359 4485 τὸν
1396 4426 1529 4510 ἀέρα
1566 4427 1665 4500 τὴν
1706 4426 1902 4500 νοτίαν,

330 4513 432 4588 τὴν
456 4512 655 4591 ἰκμάδα
678 4512 771 4573 καὶ
793 4513 880 4572 τὸν
903 4512 1049 4572 ὑετὸν
1073 4511 1274 4581 τούτοις
1294 4515 1677 4597 ἐπιχορηγεῖν]

453 4599 738 4683 Νύμφαιςτ
766 4601 951 4663 Λείπει
974 4604 1010 4672 ἡ
1038 4600 1132 4660 σύν
1153 4600 1423 4676 Ἀττικῶς,
1450 4603 1541 4662 σὺν
1573 4604 1860 4684 Νύμφαις.)

376 4603 512 4839 [2η
557 4690 836 4769 (προχοαῖς
860 4708 876 4749 2
908 4687 1099 4751 Λείπει
1120 4693 1155 4761 ἡ
1187 4688 1309 4767 ἐπί,
1336 4688 1424 4748 ἵνα
1447 4681 1483 4771 ᾗ
1508 4691 1596 4749 ἐπὶ
1618 4692 1737 4759 ταῖς
1765 4714 1902 4773 προ-

336 4802 379 4860 χ
438 4781 489 4846 ῖς
519 4783 610 4837 τοῦ
645 4776 855 4838 Νείλου.
889 4812 969 4823 -
1010 4781 1244 4850 ζητεῖται
1275 4776 1334 4837 δὲ
1368 4776 1505 4846 τίνος
1545 4778 1714 4839 ἕνεκεν
1745 4778 1905 4858 μόνου

338 4874 433 4929 τοῦ
468 4865 663 4929 Νείλου
702 4864 988 4943 μέμνηται.
1030 4864 1113 4926 ὅτι
1155 4867 1490 4945 σεμνολογεῖν
1536 4867 1830 4940 λεληθότως
1877 4872 1906 4927 ὁ

340 4954 563 5029 ποιητὴς
604 4952 917 5035 βουλόμενος
954 4952 1025 5015 τὰ
1062 4955 1179 5014 καθ’
1216 4953 1392 5015 αὑτόν·
1426 4946 1493 5029 ἦν
1524 4953 1628 5038 γὰρ
1662 4955 1724 5017 τὸ
1762 4957 1911 5038 γένος

1976 475 2136 556 γείοις
2152 522 2168 550 ,
2191 476 2433 559 ὑδρείαις.
2448 479 2603 560 vict.)

2063 564 2200 645 (ενδ).
2236 564 2272 637 ἢ
2307 568 2550 650 Μαιῶτιν
2581 565 2774 647 λίμνην
2809 590 2824 630 :
2861 570 2998 653 Περὶ
3034 571 3229 643 ταύτης
3269 570 3564 654 Ἡρόδοτος

1979 654 2059 733 [4,
2090 674 2191 727 too,
2218 673 2319 727 120,
2347 656 2445 734 123]
2476 665 2729 738 μαρτυρεῖ
2760 656 2952 736 λίμνην
2987 648 3120 717 εἶναι
3144 659 3392 727 Σκυθίας.
3429 659 3563 734 [ἀπὸ
3592 679 3621 719 5

1979 745 2085 800 τῶν
2111 745 2365 820 ποταμῶν
2391 742 2446 801 δὲ
2480 742 2728 825 ἀρύονται
2764 743 2904 826 ὕδωρ
2943 748 3015 813 εἷς
3044 751 3256 828 χρῆσιν.
3290 746 3380 807 διὰ
3409 750 3468 809 δὲ
3495 749 3564 810 τὸ

1981 827 2194 901 ἄδηλον,
2223 831 2283 888 ἐκ
2310 829 2570 911 διαφόρων
2598 834 2751 891 καλεῖ
2781 830 2964 906 αὐτὰς,
2983 831 3072 892 ἵνα
3093 838 3396 915 πιστευθῇ]

2060 916 2301 998 νιφόεντα
2325 918 2602 996 Μίμαντος
2631 940 2646 980 :
2673 918 2782 980 Τὸν
2817 919 2897 978 ἀεὶ
2925 920 3220 1001 νιφόμενον.
3250 922 3367 1004 ὅρος
3402 923 3570 1006 8922·-

1980 1027 2076 1077 κης
2104 1006 2157 1083 [ὃ
2183 1003 2389 1083 Μίμας.
2420 1005 2512 1064 καὶ
2550 1005 2796 1089 ’Όμηρος
2827 1015 2942 1081 [od.
2969 1020 3035 1083 Γ,
3081 1017 3176 1082 17⁶2]
3207 1038 3234 1063 n
3260 1010 3388 1091 παρ’
3427 1013 3564 1083 ἧνε·

1982 1091 2173 1171 μόεντα
2202 1093 2475 1171 Μίμαντα.
2507 1095 2556 1173 ν]
3597 1125 3659 1164 10

2059 1181 2300 1262 νιφόεντα
2326 1181 2472 1242 εΤὸν
2503 1181 2584 1241 ἀεὶ
2603 1181 2897 1264 νιφόμενον,
2923 1183 3299 1264 χιονιζόμενον.
3335 1196 3466 1265 Viqe.

2063 1271 2198 1348 (27⁴).
2242 1278 2491 1350 χαρεῖσαι
2513 1291 2528 1331 :
2550 1269 2903 1333 Ἦδυνθεῖσαι.
2929 1272 3188 1356 γράφεται
3209 1272 3264 1333 δὲ
3290 1283 3562 1356 φανεῖσαι.

1978 1391 2058 1402 -
2085 1361 2329 1439 φανεῖσαι
2356 1377 2373 1418 t
2405 1357 2859 1440 Παραγενόμεναι.
2891 1373 2956 1419 Ε.

2059 1466 2157 1506 275.
2202 1444 2379 1505 ἀέναοι
2408 1444 2645 1527 Νεφέλαι
2690 1465 2705 1507 :
2742 1444 2845 1527 [Ἥ
2885 1447 3171 1517 ἐπεισόδιος
3196 1448 3332 1523 αὕτη
3356 1449 3563 1534 στροφὴ

1980 1532 2071 1592 καὶ
2094 1531 2206 1614 ᾠδὴ
2229 1538 2323 1593 τοῦ
2351 1538 2513 1613 χοροῦ
2549 1532 2735 1592 κώλων
2758 1533 2871 1593 ἐστὶ
2901 1535 2967 1604 ις’
2982 1581 2998 1609 ,
3030 1527 3104 1594 ὧν
3138 1536 3208 1595 τὰ
3245 1541 3434 1619 πρῶτα
3465 1539 3561 1599 δύο
3594 1562 3654 1602 15

1981 1618 2273 1680 δακτυλικὰ
2304 1625 2701 1703 πενθημιμερῆ,
2738 1619 2774 1680 ἃ
2811 1624 3060 1689 καλεῖται,
3086 1624 3454 1706 Ἀρχιλόχεια,
3490 1630 3566 1695 ὣς

1982 1706 2310 1789 Ἡφαιστίων
2335 1715 2405 1783 [p.
2436 1716 2510 1781 30]
2541 1708 2695 1791 φησὶ,
2720 1706 2808 1768 διὰ
2829 1708 2891 1770 τὸ
2912 1710 3003 1770 τὸν
3031 1709 3338 1793 Ἀρχίλοχον
3358 1713 3567 1781 τούτοις

1979 1795 2282 1878 χρήσασθαι
2309 1797 2364 1855 ἐν
2388 1797 2592 1878 ἐπῳδῷ·
2621 1800 2693 1864 ὥς
2712 1795 2774 1856 τὸ

2233 1937 2283 1987 ἐν
2305 1937 2357 1986 δὲ
2374 1935 2717 1996 Βατουσιάδης.
2747 1979 2756 1986 .

1984 2057 2096 2138 ἔχει
2123 2056 2180 2117 δὲ
2210 2057 2271 2118 τὸ
2308 2058 2722 2142 πενθημιμερὲς,
2751 2062 2822 2128 ὡς
2860 2059 3100 2141 εἴρηται,
3128 2060 3294 2131 πόδας
3335 2063 3430 2124 δύο
3469 2065 3569 2126 καὶ
3596 2092 3656 2132 20

1984 2144 2273 2218 συλλαὸήν.
2298 2146 2359 2205 τὸ
2373 2147 2424 2226 γ’
2448 2146 2827 2207 ἀναπαιστικὸν
2849 2148 3227 2232 ἑφθημιμερὲς,
3243 2149 3272 2209 ὃ
3291 2153 3568 2228 καλεῖται,

1983 2236 2055 2301 ὥς
2077 2232 2313 2315 εἴρηται,
2340 2235 2712 2315 παροιμιακόν.
2738 2235 2852 2316 ἔχει
2880 2236 2934 2294 δὲ
2962 2235 3127 2305 πόδας
3148 2238 3198 2315 γ’
3213 2283 3231 2312 ,
3255 2240 3347 2298 καὶ
3372 2243 3570 2302 συλλα-

1985 2320 2103 2393 ὅὴν,
2136 2323 2208 2388 ὥς
2247 2320 2471 2399 εἴρηται.
2500 2320 2561 2380 τὸ
2601 2321 2646 2380 δ’
2681 2322 2991 2382 δακτυλικὸν
3032 2322 3380 2407 τετράμετρον
3420 2331 3568 2389 ἀκα-

1983 2407 2261 2481 τάληκτον·
2287 2407 2572 2467 δκαλεῖται
2600 2408 2691 2468 καὶ
2715 2408 2843 2468 αὐτὸ
2871 2409 3250 2492 Ἄρχιλόχειον.
3277 2415 3369 2474 καὶ
3390 2415 3570 2499 τούτῳ

1983 2495 2085 2579 γὰρ
2113 2495 2275 2564 οὕτως
2302 2500 2354 2556 ἐν
2385 2499 2604 2577 ἐπῳδοῖς
2633 2496 2924 2577 ἐχρήσατο,
2952 2503 3022 2566 ὼς
3052 2498 3377 2582 Ἡφαιστίων
3407 2504 3561 2585 φησί.
3595 2534 3656 2576 25

1984 2583 2334 2666 τετράμετρον
2361 2582 2417 2643 δὲ
2438 2583 2668 2666 εἴρηται,
2696 2583 2826 2644 διότι
2846 2584 2983 2644 κατὰ
3008 2588 3320 2664 μονοποδίαν
3349 2594 3570 2673 μετρεῖ-

1984 2695 2074 2731 ται
2098 2671 2166 2731 τὰ
2189 2671 2496 2732 δακτυλικά.
2527 2671 2587 2732 τὸ
2615 2672 2655 2730 ε’
2681 2670 2878 2751 ὅμοιον.
2903 2673 2965 2734 τὸ
2983 2672 3131 2734 ἕκτον
3160 2676 3400 2757 δίμετρον
3427 2682 3571 2739 ἀκα-

1985 2761 2268 2833 τάληκτον.
2303 2759 2363 2820 τὸ
2391 2761 2434 2830 ζ’
2460 2759 2637 2839 ὅμοιον
2659 2764 2735 2843 τῷ
2759 2761 3013 2845 τετάρτῳ.
3039 2763 3099 2822 τὸ
3123 2765 3176 2837 η’
3193 2810 3209 2838 ,
3235 2765 3295 2825 τὸ
3315 2770 3359 2824 θ’
3382 2767 3476 2826 καὶ
3499 2767 3569 2828 τὸ

1989 2850 2022 2909 ι’
2046 2847 2223 2926 ὅμοια.
2253 2848 2314 2910 τὸ
2341 2849 2410 2908 ια’
2441 2847 2618 2928 ὅμοιον
2646 2853 2723 2931 τῷ
2752 2849 2964 2933 πρώτῳ·
2991 2851 3052 2911 τὸ
3079 2852 3149 2912 ιδ’
3184 2854 3565 2916 ἀναπαιστικὸν

1987 2937 2388 3020 πενθημιμερές.
2408 2937 2469 2997 τὸ
2493 2938 2559 3018 ιγ’
2591 2939 2906 2999 δακτυλικὸν
2926 2940 3201 3023 τρίμετρον
3229 2942 3368 3001 κατὰ
3397 2967 3566 3022 μονο-
3595 2972 3654 3012 ao

1986 3026 2193 3086 ποδίαν.
2215 3025 2276 3086 τὸ
2302 3026 2364 3084 ιδ’
2390 3024 2572 3104 ὅμοιον
2595 3029 2671 3109 vif>
2695 3027 2762 3086 δ’·
2786 3027 2848 3087 τὸ
2873 3029 2932 3087 ιε’
2954 3027 3152 3106 ὅμοιον·
3174 3029 3235 3090 τὸ
3260 3032 3326 3100 ις’

2237 3166 2517 3231 τηλεσκόπῳ
2531 3167 2708 3231 ὄμματι
2726 3172 2867 3231 γαῖαν

1991 3288 2368 3348 ἀναπαιστικὸν
2392 3287 2758 3371 ἑφθημιμερές·
2782 3288 2811 3349 δ
2830 3291 3098 3364 καλεῖται,
3128 3292 3201 3359 ὡς
3216 3289 3438 3373 εἴρηται,
3459 3317 3568 3353 πα-

1993 3375 2281 3455 ροιμιακόν.
2306 3375 2419 3434 ἔστι
2437 3376 2539 3459 γὰρ
2564 3377 2709 3448 κοινὴ
2737 3376 2979 3450 συλλαὸὴ
3006 3376 3065 3437 τὸ
3085 3402 3171 3461 πῳ
3188 3426 3206 3458 ,
3231 3379 3318 3439 διὰ
3339 3379 3400 3439 τὸ
3421 3379 3563 3461 ἔχειν

1991 3463 2280 3546 ἔμπροσθεν
2296 3469 2516 3541 φωνῆεν.
2535 3464 2622 3523 ἐπὶ
2641 3468 2717 3547 τῷ
2737 3465 2876 3524 τέλει
2893 3465 3264 3549 παράγραφος,
3288 3468 3378 3527 καὶ
3402 3472 3564 3542 διπλῆ
3595 3508 3654 3549 35

1991 3550 2095 3611 ἔσω
2129 3556 2425 3624 νενευκυῖα,
2455 3553 2688 3625 δηλοῦσα
2721 3551 2862 3633 ἔχειν
2898 3553 3264 3617 ἀνταπόδοσιν.
3312 3554 3566 3638 Ἄλλως]

1967 3638 2169 3699 ’ἀέναοι
2212 3640 2449 3722 Νεφέλαι
2498 3661 2513 3701 z
2571 3640 2727 3702 Μετὰ
2768 3640 2866 3714 τὴν
2915 3647 3007 3701 τοῦ
3044 3643 3358 3725 Σωκράτους
3401 3644 3564 3725 εὐχὴν

1990 3732 2046 3788 αἱ
2075 3727 2310 3810 Νεφέλαι
2353 3728 2807 3810 παρακελεύονται
2849 3732 3001 3803 δῆθεν
3040 3734 3250 3800 ἑαυταῖς
3286 3738 3567 3806 πεισθῆναι

1988 3822 2056 3897 τῇ
2098 3818 2373 3890 ἐπικλήσει
2416 3817 2508 3877 καὶ
2541 3823 3003 3901 συναθροισθῆναι,
3036 3819 3126 3878 καὶ
3163 3818 3327 3888 οὕτως
3373 3824 3565 3904 ἐπιφα-

1989 3911 2140 3977 νῆναι
2168 3910 2243 3988 τῷ
2268 3905 2561 3987 Σωκράτει.
2591 3907 2652 3964 ἐκ
2675 3904 2872 3965 τούτων
2907 3904 2962 3965 δὲ
3002 3909 3031 3964 ὁ
3061 3905 3218 3987 χορὸς
3245 3906 3563 3980 συνέστηκεν

1992 3994 2174 4076 διόπερ
2192 3993 2282 4054 καὶ
2304 3992 2399 4066 τὴν
2419 3992 2713 4075 ἐπιγραφὴν
2735 3992 2933 4065 ταύτην
2957 3992 3068 4074 ἔχει
3082 3993 3142 4053 τὸ
3162 3995 3362 4075 δρᾶμα.
3387 3995 3568 4057 ἀέναοι

1992 4079 2047 4141 δὲ
2077 4084 2133 4140 αἱ
2162 4078 2247 4140 διὰ
2274 4080 2469 4148 παντὸς
2496 4080 2736 4140 νάουσαι.
2763 4080 2952 4162 νεφέλη
2992 4080 3049 4140 δέ
3084 4083 3224 4140 ἐστιν
3255 4088 3290 4155 ἡ
3329 4082 3382 4152 ἐξ
3418 4084 3568 4165 ἀέρος

1990 4169 2083 4229 καὶ
2117 4168 2414 4247 πνεύματος
2453 4168 2605 4229 οὐσία
2641 4169 2982 4249 παχυνομένη
3017 4172 3404 4249 σωματοειδῶς.
3444 4172 3564 4253 [τοῦ

1992 4256 2049 4317 δὲ
2074 4262 2233 4339 χοροῦ
2261 4255 2354 4324 τὰς
2391 4259 2708 4338 ἑκατέρωθεν
2746 4256 2957 4336 λέγουσι
2983 4257 3270 4341 παρόδους,
3309 4258 3467 4328 οὔσας
3495 4260 3564 4328 ις’

1992 4344 2193 4403 κώλων.
2225 4347 2329 4403 τῶν
2359 4343 2415 4403 δὲ
2446 4348 2741 4425 ὑποκριτῶν
2769 4343 2943 4422 μέσων
2977 4344 3160 4420 ὄντων,
3200 4349 3260 4405 ἐκ
3296 4348 3491 4428 στίχων
3517 4348 3564 4419 ζ’
3593 4391 3656 4433 ⁴5

1993 4431 2335 4491 ἀναπαίστων
2360 4431 2724 4514 τετραμέτρων
2745 4430 3198 4515 καταληκτικῶν]
3473 4424 3480 4433 ’

2075 4521 2272 4600 [καλῶς
2291 4510 2433 4579 εἶπεν
2453 4520 2649 4580 ἀέναοι.
2669 4520 2770 4579 εἰσὶ
2786 4519 2889 4599 γὰρ
2904 4519 3108 4579 ὑδάτων
3131 4519 3371 4600 μητέρες.
3393 4524 3568 4605 ἀρθῶ-

1996 4631 2092 4692 μεν
2127 4607 2209 4682 δὲ,
2241 4608 2712 4688 ἀναπηδήσωμεν]
2740 4643 2819 4652 -
2845 4605 3024 4666 ἀέναοι
3056 4628 3071 4670 :
3100 4607 3205 4669 Ἀεὶ
3234 4608 3446 4690 ῥέουσαι
3472 4608 3566 4670 καὶ

1995 4695 2298 4766 στάζουσαι.
2338 4706 2464 4754 Vict.

2077 4783 2244 4866 [μετὰ
2274 4783 2371 4858 τὴν
2397 4790 2489 4844 τοῦ
2515 4785 2829 4866 Σωκράτους
2852 4784 3014 4865 εὐχὴν
3042 4788 3098 4845 αἱ
3129 4784 3362 4868 Νεφέλαι
3389 4809 3567 4868 παρα·
3594 4830 3654 4870 5⁰

1997 4870 2299 4932 κελεύονται
2336 4873 2617 4947 ἀλλήλαις,
2659 4872 2797 4932 ὥστε
2832 4873 3132 4942 πεισθείσας
3179 4878 3246 4953 τῇ
3288 4874 3567 4947 ἐπικλήσει

1999 4959 2317 5042 Σωκράτους
2347 4964 2806 5043 συναθροισθῆναι,
2835 4960 2926 5020 καὶ
2953 4959 3114 5028 οὕτως
3141 4962 3286 5044 αὖτῷ
3317 4966 3565 5045 φανῆναι.

3595 3958 3657 3999 40
