3859 5725
1632 234 2033 297 RANARUM.

3312 262 3424 315 32⁷

362 369 477 445 627
502 369 644 447 λέγει
669 368 731 429 τὸ
753 367 981 429 κατάθου
1005 375 1074 430 R.
1095 367 1264 430 ταῦτά
1279 366 1453 449 (τοῦτό
1471 370 1557 441 V.,
1581 387 1700 427 11011
1716 373 1810 441 G.)
1899 392 1990 427 κεν
2006 413 2022 442 ,
2042 367 2157 431 ὅθεν
2186 372 2276 432 καὶ
2304 376 2551 457 κωμῳδεῖ
2577 376 2732 436 αὐτὸν
2751 375 2899 438 οὐδὲν
2930 376 3104 462 ἵτερον
3131 382 3251 440 κατ’
3270 386 3429 444 αὐτοῦ

276 478 407 537 φησι
425 461 620 519 ceteri.

1897 456 2070 537 λέγειν
2123 458 2283 541 lym.
2328 463 2488 524 Idem
2533 454 2880 547 ἀμφιλάλοις,
2919 465 3041 539 ἤτοι
3085 470 3430 552 μακρολόγοις

358 545 495 617 618,
521 546 595 604 33
615 543 677 604 τὸ
715 542 773 602 δὲ
808 542 1042 625 ἀγορεύω
1068 564 1184 607 om.
1207 550 1276 603 v,
1301 582 1366 597 -.
1390 547 1464 605 35
1492 546 1563 607 ‘o
1598 564 1712 605 om.
1737 550 1806 605 11.
1896 547 1990 608 καὶ
2019 527 2348 629 unnim...

275 634 341 689 V.
371 632 441 692 Θ.
465 633 586 714 περὶ
618 639 689 694 R.

1978 636 2113 707 681,
2147 657 2222 714 29
2240 637 2467 717 διαὸάλῃ
2487 640 2618 698 Ald.
2633 676 2697 689 -
2726 642 2803 698 30
2829 642 2902 707 ὥς
2927 660 3042 700 0111.
3062 647 3129 702 V.
3152 643 3223 704 Θ.
3246 643 3433 727 Θρήσ-

355 720 492 792 636,
525 723 596 793 37
632 719 873 802 δευτέρου
896 719 1182 803 προαύπου
1223 722 1361 782 libri
1401 735 1611 802 praeter
1644 728 1717 784 R.
1745 758 1810 773 -
1896 745 1995 794 σης
2018 729 2102 783 Μ.
2129 737 2187 784 et
2215 726 2367 785 infra
2394 727 2643 808 Θρῆσσα.
2669 718 2818 795 οὗτος
2841 725 2943 809 γὰρ
2971 733 3000 788 ὁ
3026 729 3099 790 Θ.
3122 763 3185 777 -
3214 733 3280 790 31
3324 753 3433 789 κα-

276 807 351 866 38
411 810 650 868 Ἀττικοῦ
691 811 850 871 Θ.-
883 812 960 888 39
1008 809 1165 870 αὐτὸν
1215 812 1266 870 λ.
1304 817 1397 886 V.,
1429 823 1489 872 et
1527 809 1663 879 τινὲς
1704 810 1807 892 γάρ

272 917 421 977 φασι.
437 933 503 948 -
525 906 593 966 41
624 919 738 958 0111.
764 900 936 958 etiam
963 900 1038 961 Θ.

353 987 491 1059 638,
519 988 590 1055 43
614 985 858 1054 Ἀττικῶς
877 992 949 1047 P..
977 987 1116 1047 κατὰ
1133 985 1253 1055 τοὺς
1269 987 1410 1067 (τοὺς
1428 1008 1545 1047 0111.
1570 989 1668 1068 Θ.)
1689 988 1808 1050 Ἀτ-

268 1072 448 1142 τικούς
476 1077 673 1135 ceteri.
702 1081 843 1155 Reg.
869 1099 884 1135 ε
911 1077 964 1135 Π
1063 1080 1170 1154 ιμῶ
1195 1076 1258 1136 τὸ
1283 1076 1553 1160 προκρίνω
1579 1077 1685 1138 ἀπὸ
1715 1080 1800 1137 αἰ*

268 1168 510 1236 τιατικῆς
546 1165 637 1224 καὶ
675 1168 915 1244 γενικῆς,
1003 1185 1061 1225 ον
1107 1165 1373 1250 προκρίνω
1412 1164 1511 1238 τὴν
1548 1166 1685 1239 ζωὴν
1712 1172 1805 1227 τοῦ

269 1252 510 1312 Θανάτου.
546 1256 793 1334 προτιμῶ
833 1252 890 1312 δὲ
925 1252 989 1312 τὸ
1035 1254 1291 1336 φροντίζω
1336 1253 1476 1314 κατὰ
1500 1253 1622 1322 τοὺς
1662 1254 1800 1315 Ἄττ.

266 1343 477 1420 γενικῇ,
507 1333 615 1400 οἷον
637 1339 788 1401 οὐδὲν
810 1343 1056 1422 προτιμῶ
1087 1365 1183 1401 σου
1201 1340 1321 1402 ἀντὶ
1347 1348 1441 1402 τοῦ
1459 1345 1519 1402 οὗ
1547 1343 1801 1425 φροντίζω

266 1449 385 1486 σου.

348 1518 487 1587 644,
517 1516 592 1586 46
622 1514 658 1590 ἢ
695 1516 961 1577 additum
988 1538 1065 1578 ex
1083 1522 1161 1577 R.
1182 1554 1248 1569 —
1276 1526 1347 1590 47
1386 1516 1803 1598 παρατραπέντα

265 1604 338 1664 Θ.
393 1602 740 1663 αἰσθασθέντα
793 1605 927 1664 Ald.
977 1603 1288 1664 αἰσθανέντα
1331 1606 1402 1666 Θ.
1460 1603 1801 1665 αἰσθανθέντα

266 1697 429 1771 Rog„
453 1696 555 1772 qui
592 1703 664 1769 47
696 1698 889 1774 pergit
911 1693 948 1768 ἢ
968 1694 1407 1775 παρακινήσαντα
1425 1695 1542 1754 ἀντὶ
1567 1700 1662 1755 τοῦ
1688 1718 1799 1755 πα-

263 1780 642 1862 ρακινηθέντα,
671 1782 939 1843 τουτέστιν
963 1782 999 1856 ἢ
1024 1785 1256 1850 τοπικῶς
1283 1781 1393 1842 ἀπὸ
1418 1782 1583 1842 τόπου
1609 1784 1681 1850 εἰς
1701 1782 1798 1843 τό-

261 1891 366 1928 πον
394 1869 701 1947 μεταδόντα
722 1916 740 1945 ,
784 1868 820 1943 ἢ
874 1871 1278 1953 μεταμείψαντα
1315 1869 1414 1943 τὴν
1445 1869 1635 1951 χροιὰν
1683 1879 1801 1941 ταῖς

260 1955 470 2024 ὀδύναις
494 1965 610 2025 ταῖς
631 1959 694 2017 ἐκ
712 1962 818 2017 τῶν
846 1960 1089 2037 πληγῶν.
1114 1956 1150 2030 ἢ
1171 1956 1519 2040 δακρύσαντα.

346 2045 484 2117 645,
514 2046 589 2105 60
617 2045 834 2105 πιθανὸν
860 2053 932 2105 R.
956 2050 1188 2114 πιθανῶς
1207 2047 1555 2107 emerim-5²
1576 2045 1798 2125 Διόμεια

261 2140 354 2209 V.,
382 2139 483 2214 qui
515 2140 587 2197 53
617 2136 729 2197 ἅτε.
758 2139 829 2199 Θ.
858 2137 991 2198 ΔΙά.
1019 2140 1092 2205 ὣς
1123 2137 1233 2197 ἅτε.

345 2228 491 2300 647,
518 2248 550 2301 7
588 2227 796 2300 κίνησις
825 2225 914 2285 καὶ
968 2226 1230 2286 additum
1270 2244 1344 2285 ex
1383 2231 1490 2301 R„
1519 2227 1620 2304 qui
1686 2225 1800 2287 ἐπεὶ

265 2313 391 2371 sine
410 2311 468 2385 ἢ.
493 2312 529 2387 ἢ
561 2313 742 2387 ἐπειδὴ
770 2316 963 2373 ceteri.

343 2404 484 2480 649,
521 2424 586 2462 11
620 2401 863 2469 σπεύδεις
889 2407 957 2461 V.
988 2402 1120 2461 ΔΜ.

343 2492 481 2563 651,
516 2491 587 2550 15
615 2492 707 2552 καὶ
735 2489 944 2559 Ῥιανός
984 2490 1252 2549 additum
1294 2508 1366 2547 ex
1394 2493 1468 2547 R.
1507 2487 1577 2548 Ὀ
1605 2487 1801 2568 Δίομος

265 2569 415 2646 οὗτος
457 2577 713 2663 ἅρώμενος
755 2569 821 2651 ἦν
857 2576 1216 2659 Ἡρακλέους,
1253 2575 1346 2657 ἀφ’
1386 2566 1449 2635 οἷ
1488 2574 1579 2635 καὶ
1611 2576 1800 2655 Διομὶς

265 2667 406 2751 φυλὴ
435 2671 490 2728 ἐν
520 2667 774 2740 Ἀθήναις.
806 2670 861 2727 ἓν
888 2670 967 2749 τῷ
992 2665 1141 2748 τόπῳ
1163 2656 1251 2725 οὖν
1286 2660 1487 2733 ταύτης
1509 2664 1605 2734 τῆς
1631 2663 1796 2743 φυλῆς

264 2754 588 2840 ’Ἡρακλέους
612 2755 734 2824 ναὸς
754 2747 850 2828 ἦν,
878 2759 932 2815 ἐν
958 2746 1004 2837 ᾧ
1032 2756 1258 2815 ἐτελεῖτο
1291 2749 1510 2818 κατίτος
1537 2748 1695 2831 ἑορτὴ
1719 2751 1801 2832 τῷ

263 2846 519 2927 Ἡρακλεῖ
545 2851 580 2918 ἡ
599 2843 904 2922 καλουμένη
933 2842 1228 2925 Ἡράκλεια
1246 2846 1391 2920 Reg.

342 2936 481 3007 652,
514 2935 584 2991 18
616 2932 924 3015 δαιρόμενον
943 2932 1075 2991 Ald.
1098 2929 1424 3007 τυπτόμενον
1453 2931 1536 2985 Μ.

341 3024 480 3097 653,
508 3042 583 3080 22
611 3020 795 3103 ἔφοδον
825 3040 941 3080 0111.
975 3024 1043 3078 V.
1063 3052 1129 3066 —
1148 3027 1223 3087 24
1254 3013 1533 3093 συμὸαίνει
1561 3016 1631 3076 Θ.
1652 3021 1792 3094 Reg.

259 3111 509 3189 σημαίνει
530 3108 662 3168 ΔΙά.

339 3199 455 3257 655
479 3203 549 3258 R.
569 3197 745 3256 habet
766 3195 882 3254 ἀντὶ
900 3199 992 3254 τοῦ
1008 3195 1104 3253 οὔκ
1134 3188 1446 3271 ἐπιστρέψει
1460 3188 1656 3266 (scrib.
1673 3191 1792 3250 ἐπι-

257 3285 510 3370 στρέφει).
1075 3309 1082 3314 ’

335 3377 476 3451 659,
524 3378 596 3444 34
619 3383 725 3441 τοῖς
753 3379 884 3442 θεοῖς
909 3378 977 3431 V.

335 3466 473 3540 661,
506 3466 580 3523 38
610 3462 738 3524 αὐτό
763 3467 914 3521 V.—
938 3470 1013 3531 40
1034 3459 1171 3540 ἱερὸν
1201 3461 1273 3522 Θ.

333 3556 482 3626 662,
526 3563 601 3623 42
644 3551 707 3612 τὸ
734 3548 1007 3633 καθαίρειν
1049 3545 1256 3630 βωμούς
1306 3552 1377 3608 V.
1431 3544 1611 3605 Addit
1647 3550 1789 3623 Reg.

252 3640 468 3725 εὕρηται
502 3640 558 3702 δὲ
577 3641 725 3725 παρὰ
753 3643 1032 3722 Λουκιανῷ
1063 3638 1182 3699 ἀντὶ
1213 3642 1306 3698 τοῦ
1335 3636 1422 3696 ἐπὶ
1465 3639 1558 3695 τοῦ
1595 3635 1790 3694 σποδοῦ

293 3739 432 3791 ινεῖν.

255 3736 288 3810 β
334 3810 472 3881 665,
501 3817 573 3878 44
603 3810 767 3891 Παρὰ
787 3808 851 3869 τὸ
874 3810 935 3870 ἐκ
953 3811 1021 3869 Σ.
1051 3811 1114 3869 ἔκ
1134 3812 1206 3868 V.
1235 3807 1308 3868 Θ.
1340 3804 1648 3885 Sophoclis
1669 3806 1789 3864 sra-

251 3910 547 3977 gmentum
583 3898 693 3957 Th.
748 3900 1027 3976 Bergkius
1065 3895 1452 3977 probabiliter
1501 3894 1787 3964 restituit,

253 3985 540 4060 Πόσειδον,
572 3984 627 4054 ὃς
676 3984 925 4063 Αἰγαίους
966 3985 1104 4064 ἔχεις
1135 3983 1149 4064 1
1183 3986 1426 4065 πρῶνας,
1470 3980 1506 4055 ἢ
1554 3984 1788 4060 γλαυκᾶς

252 4075 428 4155 μέδεις
447 4074 703 4153 εὖανέμου
732 4075 923 4155 λίμνας
952 4076 1033 4156 ἐφ’
1061 4075 1288 4155 ὑψηλαῖς
1328 4071 1610 4148 στομάτων
1651 4092 1784 4130 σπι-

250 4164 491 4224 λάδεσσι.
510 4201 573 4213 -
613 4166 686 4233 46
716 4166 910 4242 γλυκας
940 4163 1141 4240 μεδέεις
1164 4162 1300 4240 (hoc
1328 4160 1503 4219 etiam
1536 4158 1633 4232 Θ.)
1664 4160 1784 4217 εὗα·

250 4254 440 4333 νόμους
461 4259 527 4313 V.
552 4254 835 4314 σπιλάδεσι
856 4258 922 4314 V.
951 4254 1025 4314 Θ.

334 4344 451 4415 675
489 4363 604 4401 0111.
634 4344 807 4402 etiam
841 4344 916 4405 Θ.
957 4347 1039 4401 Μ.
1085 4385 1100 4392 -
1153 4344 1186 4399 3
1233 4334 1603 4420 προσῳδιακὸν
1652 4336 1780 4395 Ald.

248 4432 344 4490 hic
371 4444 430 4490 et
451 4430 590 4490 alibi
619 4452 735 4490 non
765 4451 919 4493 raro.

1892 809 2146 890 λούμενος
2175 832 2291 873 om.
2338 817 2408 874 G.
2445 816 2695 897 Ξενοφῶν
2722 819 2813 891 V.,
2840 828 2900 875 et
2936 836 3074 875 mox
3107 818 3431 900 Ξενοφῶντι.

1892 899 2170 979 λυροποιὸς
2191 902 2429 979 Taylor.
2452 904 2512 962 in
2532 905 2667 963 Vita
2691 904 2879 980 Lysiae
2900 925 2958 983 p.
2992 925 3009 960 1
3027 905 3100 962 25
3127 906 3218 964 ed.
3237 907 3428 965 Reisk.

1894 1001 1954 1046 et
1986 990 2320 1049 Schneider.
2351 992 2421 1049 ad
2451 990 2724 1068 Xenoph.
2773 992 2921 1053 nist.
2957 997 3058 1051 Gr.
3096 1013 3154 1072 p.
3180 1014 3277 1070 79.
3312 999 3413 1053 Le

1892 1075 2141 1153 gebatur
2166 1077 2465 1157 τυροποιός,
2492 1080 2889 1139 consentiente
2915 1079 3092 1140 Suida
3128 1101 3173 1139 s.
3197 1083 3429 1142 Φιλοτι-

1893 1162 2137 1265 μότεραι.
2164 1165 2540 1246 τυραννοποιὸς
2580 1170 2703 1251 (γρ.
2740 1167 3051 1250 τυροποιὸς)
3087 1169 3181 1243 Θ.,
3202 1170 3300 1248 qui
3331 1189 3428 1230 se-

1891 1266 2129 1331 quentia
2161 1254 2394 1313 omittit.

1973 1341 2088 1409 684
2111 1345 2254 1420 Reg.
2276 1344 2323 1399 εἰ
2349 1339 2444 1420 μὲν
2472 1342 2605 1424 πρὸς
2624 1341 2684 1402 τὸ
2703 1341 2863 1423 νόμον
2897 1343 3106 1426 στίξῃς,
3133 1342 3196 1403 τὸ
3223 1342 3341 1417 ίξῆς
3360 1355 3432 1422 ὡς

1890 1426 2007 1486 ἀντὶ
2032 1432 2126 1487 τοῦ
2151 1427 2313 1496 ὄντως
2336 1431 2487 1509 ἐρεῖς·
2512 1434 2559 1490 εἰ
2594 1431 2649 1490 δὲ
2681 1431 2963 1514 ὑποστίξῃς
2978 1478 2995 1506 ,
3022 1433 3138 1491 ἀντὶ
3160 1437 3252 1492 τοῦ
3274 1430 3377 1494 ὅτι.

1971 1516 2106 1586 685,
2121 1523 2189 1583 41
2210 1519 2265 1574 αἱ
2282 1519 2333 1576 λ.
2348 1516 2438 1576 καὶ
2454 1521 2509 1577 αἱ
2525 1517 2643 1596 μέλ.
2662 1519 2835 1580 habet
2849 1521 2970 1581 sola
2991 1519 3117 1579 Ald.
3137 1537 3270 1579 cum
3288 1525 3427 1598 neg.

1887 1639 1954 1654 —
1980 1613 2054 1673 42
2083 1601 2190 1662 ἴσοι
2223 1608 2289 1662 V.
2312 1642 2377 1657 -
2410 1607 2484 1675 45
2530 1607 2816 1686 Εὐριπίδου
2856 1613 2927 1668 R.
2964 1609 3035 1667 Θ.
3057 1605 3236 1688 ταύρῳ
3269 1611 3427 1666 Μ.-

1894 1699 1967 1763 47
1997 1688 2054 1748 δὲ
2087 1695 2157 1749 V.
2192 1711 2303 1769 pro
2325 1715 2404 1752 σε.
2435 1713 2549 1753 0111.
2577 1697 2648 1756 Θ.
2673 1694 2958 1754 ἐκσώσασᾶ
2985 1718 3046 1755 σε
3066 1696 3224 1776 apud
3251 1693 3428 1757 Euri-

1891 1781 2113 1860 pidem.
2135 1817 2199 1830 —
2222 1783 2297 1849 48
2320 1781 2449 1863 πρίν
2478 1782 2528 1842 o’
2559 1789 2630 1842 V.
2658 1806 2753 1864 πρ.
2779 1784 2830 1844 τ’
2857 1787 2930 1847 Θ.
2957 1791 3040 1844 Μ.

1972 1870 2110 1942 686,
2148 1869 2224 1927 52
2256 1867 2391 1953 ὅπερ
2415 1871 2546 1931 Ald.
2575 1869 2758 1955 ὥσπερ
2778 1877 2861 1931 Μ.
2886 1910 2948 1923 -
2980 1893 3004 1930 1
3027 1877 3124 1932 τοῦ
3151 1871 3309 1950 λόγου
3332 1871 3426 1945 Θ.,

1891 1958 1994 2036 qui
2021 1960 2052 2017 ὁ
2077 1956 2304 2030 ποιητὴς
2327 1980 2443 2018 0111.
2470 1959 2805 2040 συμόουλεύῃ
2829 1965 2899 2019 V.
2923 1961 3046 2018 Ald.
3073 1995 3137 2007 —
3159 1980 3192 2017 2
3219 1982 3272 2017 τι
3295 1971 3430 2039 post

1887 2045 2020 2127 λέγῃ
2054 2048 2223 2124 ponit
2254 2052 2323 2107 R.
2348 2049 2667 2127 Sequentia
2698 2035 2814 2107 ot'n.
2836 2049 3011 2108 etiam
3042 2050 3115 2110 Θ.
3134 2053 3211 2107 Μ.

1970 2136 2108 2209 688,
2132 2155 2163 2207 7
2199 2136 2474 2214 ἐπιτίμους
2501 2138 2910 2216 spanhemius.
2930 2169 2996 2183 —
3018 2137 3053 2194 8
3081 2133 3427 2194 κατασύστα-

1888 2245 1999 2298 σις,
2024 2244 2065 2301 9
2109 2223 2267 2284 καθὸν
2310 2226 2392 2307 ἰφ.
2420 2230 2512 2299 R„
2556 2227 2660 2305 qui
2700 2235 2879 2297 11-14
2931 2226 3052 2298 sic,
3097 2222 3165 2282 τὰ
3200 2221 3425 2297 δείματα

1887 2311 2466 2391 τὰς-εὖλαὸουμίνων.
2485 2313 3041 2386 ίσως-κατακληθείς.
3073 2312 3161 2373 lb.
3201 2316 3425 2372 ἐνταῦθα

1885 2407 1958 2461 V.
1991 2407 2071 2464 Μ.
2102 2402 2232 2462 Ald.
2253 2437 2315 2451 -
2344 2403 2413 2459 13
2454 2402 2787 2470 κατακλιθείς
2830 2406 2896 2461 V.
2926 2400 3319 2466 κατακλεισθείς
3347 2406 3423 2460 Μ.

1885 2526 1951 2540 --
1980 2498 2047 2559 14
2080 2491 2187 2549 τῶν
2212 2488 2550 2571 φοὸουμένων
2576 2492 2649 2550 Θ.
2685 2490 2816 2549 ΔΙιΙ.
2856 2492 2962 2549 τῶν
2993 2488 3231 2550 εὐλαὸῶν
3254 2495 3336 2551 Μ.
3362 2524 3427 2537 ·-

1894 2579 1965 2635 16
1992 2575 2190 2659 ’An-kq)
2216 2582 2287 2636 V.
2321 2576 2565 2636 Ἀνταίου
2592 2583 2676 2637 Μ.
2697 2616 2760 2629 -
2802 2598 2872 2655 ¹9
2916 2574 3044 2637 ὅταν
3080 2589 3140 2637 et
3178 2576 3270 2635 καὶ
3310 2596 3424 2634 0111.

1870 2671 1959 2725 .V.
1982 2665 2071 2725 καὶ
2096 2686 2213 2725 0111.
2242 2666 2312 2726 Θ.
2332 2701 2393 2713 -
2422 2667 2607 2724 20-23
2637 2687 2752 2726 0111.
2782 2667 2958 2725 etiam
2987 2667 3061 2727 Θ.
3091 2671 3169 2726 Μ.
3206 2688 3220 2723 :
3253 2664 3429 2723 habet

1886 2753 2092 2813 Suidas
2122 2773 2166 2812 s.
2205 2752 2586 2831 Παλαίσμασιν
2615 2768 2673 2813 et
2703 2752 2998 2835 Φρυνίχου.
3031 2789 3095 2802 -
3120 2772 3195 2810 22
3240 2756 3424 2810 τοῦτον

1884 2841 1972 2902 τὸν
1997 2865 2137 2920 κωμ.
2163 2841 2414 2901 Meinek.
2434 2843 2586 2901 nist.
2610 2846 2775 2903 Com.
2800 2862 2859 2921 p.
2887 2852 3016 2915 147.
3039 2885 3102 2894 -.
3123 2850 3195 2910 24
3220 2839 3426 2921 Φρυνί-

1883 2953 1986 3011 χου
2003 2928 2360 3008 παλαίσμασι.
2387 2927 2656 3010 Φρύνιχος
2670 2928 2963 3012 στρατηγὸς
2980 2927 3205 3008 ἐγένετο,
3231 2929 3312 3010 ἐφ’
3336 2934 3423 3002 V.,

1883 3021 1945 3076 in
1991 3038 2113 3097 quo
2155 3018 2271 3078 hoc
2306 3018 2573 3077 scholion
2622 3038 2800 3097 supra
2840 3019 3094 3097 positum
3145 3029 3234 3074 est
3288 3029 3424 3074 ante

1883 3102 2103 3171 Ἄλλως.
2129 3102 2272 3171 ἴσως.
2306 3141 2370 3155 -
2396 3105 2471 3163 25
2500 3107 2811 3183 στρατηγῶν
2845 3103 3035 3164 suidae
3061 3102 3152 3162 ed.
3189 3102 3422 3161 Mediol.

1882 3212 1928 3250 s.
1949 3191 2245 3272 Φρυνίχου.
2263 3192 2592 3269 Legebatur
2603 3194 2869 3273 τραγικῶν
2884 3238 2901 3267 ,
2926 3189 3423 3250 consentientibus

1880 3281 2071 3340 snidae
2104 3280 2404 3362 codicibus
2440 3294 2499 3340 et
2537 3281 2657 3339 illic
2680 3294 2740 3340 et
2754 3302 2797 3340 s,
2817 3280 3423 3358 Παλαίσμασιν.50110-

1880 3368 2062 3427 liastae
2094 3368 2206 3427 hoc
2239 3381 2329 3428 est
2355 3382 2743 3427 commentum
2765 3413 2783 3443 ,
2825 3387 3001 3446 quem
3035 3367 3250 3427 frustra
3283 3367 3423 3428 Mei·

1880 3457 2085 3516 nekius
2112 3457 2150 3515 1.
2181 3478 2231 3515 c.
2262 3478 2323 3536 p.
2363 3457 2473 3527 148
2506 3457 2747 3535 corrigit
2786 3455 3128 3535 reponendo
3167 3456 3419 3515 πολιτῶν.

1879 3553 1969 3607 De
1997 3546 2297 3607 vocabulis
2337 3546 2632 3628 στρατηγός
2678 3560 2738 3606 et
2774 3544 3019 3630 τραγικός
3059 3547 3318 3606 confusis
3359 3567 3419 3606 v.

1878 3648 2073 3695 annot.
2104 3655 2292 3696 meam
2325 3635 2398 3695 ad
2435 3636 2789 3714 Sophoclem
2826 3655 2888 3714 p.
2946 3655 3038 3708 72.
3095 3640 3277 3695 Dm).
3312 3639 3422 3694 Re-

1879 3724 2007 3801 gius
2037 3747 2052 3781 :
2080 3722 2301 3795 Ἐπειδὴ
2345 3725 2552 3806 αἰσχρῷ
2577 3725 2775 3803 ποιητῇ
2801 3721 2916 3782 ὄντι
2943 3720 3243 3787 πεισθέντες
3282 3719 3420 3789 τινὲς

1876 3811 2059 3890 ἄτιμοι
2085 3810 2363 3891 γεγόνασιν
2387 3814 2457 3878 ὥς
2482 3810 2697 3892 αἰσχροί
2717 3833 2732 3848 ·
2751 3808 2788 3882 ἢ
2815 3809 2898 3870 ὅτι
2919 3807 3013 3877 τὰς
3027 3811 3134 3867 τῶν
3158 3809 3419 3890 πραγμά-

1874 3921 1982 3958 των
2034 3899 2370 3983 περιπετείας
2406 3898 2684 3981 Φρυνίχου
2725 3898 3084 3976 παλαίσματα
3129 3897 3376 3955 ἐκάλεσεν
3399 3940 3416 3969 ,

1875 3986 1957 4045 ὅτι
1981 3990 2009 4045 ὁ
2035 3989 2144 4069 Φρ.
2178 3979 2329 4054 οὗτος
2351 3988 2597 4069 τραγικὸς
2619 3988 2693 4048 ὢν
2725 3984 2950 4059 ποιητὴς
2968 3984 3023 4044 ἔν
3051 4006 3157 4043 τινι
3189 3982 3419 4065 δράματι

1873 4076 2033 4133 αὐτοῦ
2064 4074 2282 4156 Ἀνταίῳ
2308 4075 2621 4156 καλουμένῳ
2648 4074 2839 4157 γράφει
2854 4072 3043 4132 τούτου
3064 4076 3157 4130 τοῦ
3180 4071 3417 4130 Ἀνταίου

1872 4163 1963 4222 καὶ
1988 4162 2182 4230 Λίὸυος
2204 4163 2352 4230 ὄντος
2387 4164 2480 4223 καὶ
2508 4163 2833 4243 Ἡρακλέους
2859 4159 3228 4238 παλαίσματα.

1863 4281 1864 4284 “
1953 4254 2090 4328 692,
2122 4253 2197 4310 28
2218 4272 2307 4330 sq.
2336 4248 2759 4318 ἔως-δεσπότας
2780 4264 2839 4311 et
2863 4271 2939 4326 29
2964 4245 3177 4314 δούλους
3203 4267 3317 4306 0111.
3338 4247 3411 4307 Θ.

1869 4344 1954 4399 Μ.
1972 4378 2039 4392 --
2067 4341 2135 4398 31
2192 4340 2486 4400 Πλαταιῶν
2515 4345 2588 4403 V.
2619 4337 3074 4419 ναυμαχήσαντας
3114 4337 3186 4396 θ·
3233 4341 3319 4395 Μ·
3351 4369 3415 4382 -

1872 4427 1947 4484 32
1976 4439 2108 4506 post
2136 4428 2424 4504 Σαλαμῖνα
2454 4428 2645 4506 pergit
2666 4432 2750 4487 Μ.
2778 4426 2842 4487 τὸ
2878 4422 2936 4483 δὲ
2963 4427 3160 4506 χρῆναι
3207 4421 3413 4484 Καλλί-

332 4519 470 4596 679,
494 4521 567 4578 23
599 4541 711 4602 στρ.
742 4519 1014 4591 Ἀθηναῖος
1036 4481 1131 4592 R.‚
1161 4536 1234 4576 ex
1258 4533 1377 4594 quo
1405 4520 1479 4581 24
1517 4509 1638 4572 ὅλον
1675 4512 1782 4572 ad·
1869 4514 2091 4598 στρατός
2108 4538 2348 4598 φησιν-.

250 4605 457 4666 ditum.
480 4648 544 4659 —
563 4611 637 4667 26
674 4610 948 4689 Κλεοφῶν.
977 4605 1318 4666 διαὸάλλεται
1346 4599 1402 4661 δὲ
1432 4604 1504 4668 ὥς
1528 4599 1666 4670 ξένος
1689 4600 1778 4660 καὶ

1951 4607 2098 4683 694,
2135 4605 2317 4664 33-36
2348 4602 2724 4669 'Ant-abent<
2766 4621 2881 4661 om.
2918 4603 2989 4663 Θ.
3008 4637 3074 4652 -
3101 4601 3174 4668 34
3206 4596 3411 4659 Ἐλλά-

247 4695 461 4773 ἀμαθὴς
483 4700 572 4756 καὶ
604 4695 832 4779 φλύαρος
851 4703 921 4757 R.
949 4732 1012 4746 -
1037 4716 1110 4769 27
1151 4693 1328 4772 ἔλεγον
1356 4697 1438 4751 Μ.
1462 4723 1526 4739 -
1567 4692 1643 4748 28
1672 4693 1777 4749 τῶν
1866 4716 2042 4773 νικος,
2068 4692 2201 4752 vide
2245 4694 2495 4752 Clinton.
2530 4693 2593 4751 in
2631 4695 2785 4751 Fast.
2823 4692 3047 4751 Hellen.
3090 4690 3206 4748 vol.
3251 4691 3321 4763 3,
3349 4708 3408 4766 p.

250 4802 368 4841 om.
403 4784 477 4843 Θ.
508 4788 616 4843 τῶν
652 4784 925 4865 πρωτείων
958 4804 1072 4843 0111.
1098 4788 1166 4840 V.
1203 4785 1300 4853 τῆς
1325 4778 1526 4847 πόλεως
1551 4798 1671 4837 om.
1698 4783 1775 4837 Μ.
1866 4784 2003 4841 608.
2043 4786 2226 4841 Dum.
2248 4815 2313 4830 -
2359 4782 2433 4839 36
2475 4776 2998 4857 συμπολιτεύσασθαι
3024 4783 3094 4838 R.
3134 4776 3409 4854 συμπολι·

250 4872 466 4950 Regius
490 4894 505 4930 ε
529 4862 637 4932 ’Ἢν
665 4872 722 4933 δὲ
740 4865 884 4941 οὗτος
902 4879 931 4934 ὁ
956 4874 1062 4935 Κλ.
1083 4875 1143 4932 ix
1170 4868 1468 4954 Θρᾴκηςτὸ
1488 4867 1775 4948 καταρχάς·
1861 4867 2108 4930 τεύεσθαι
2140 4869 2337 4927 ceteri.
2369 4864 2873 4935 διεξιὼν-Καλλίου
2901 4865 3167 4926 additum
3201 4884 3275 4923 ex
3302 4869 3369 4925 R.
3389 4910 3408 4942 ,

250 4955 416 5017 ἐλθὼν
453 4956 507 5017 δὲ
537 4961 607 5027 εἷς
645 4960 859 5035 Ἀθήνας
885 4964 975 5022 καὶ
1004 4962 1174 5039 λόγων
1223 4958 1461 5032 ἀσκήσας
1503 4955 1774 5029 παιδείαν,
1862 4959 1963 5037 qui
2007 4957 2111 5038 πρὸ
2151 4958 2385 5016 omittit.
2406 4993 2467 5005 —
2497 4958 2566 5029 37
2625 4975 2712 5033 sq.
2752 4953 3405 5039 Καλλίστρατός-δέαίῐι

250 5045 487 5126 προύστη
508 5051 603 5121 τῆς
627 5050 830 5119 πόλεως
853 5075 867 5090 ·
892 5053 946 5111 ἐν
970 5041 1016 5134 ᾧ
1036 5051 1126 5111 καὶ
1155 5048 1528 5132 Ἀριστοφάνην
1549 5045 1777 5116 λελύπη-
1861 5045 2154 5124 principio
2187 5046 2385 5128 scholii
2412 5046 2578 5110 nouit
2603 5051 2673 5104 V.
2705 5043 2993 5129 συναλιφὴν
3015 5053 3162 5106 V.—
3173 5046 3245 5104 38
3265 5042 3329 5104 τὺ
3350 5044 3405 5108 δᾶ
