3859 5725
446 236 557 289 ⁴32

434 355 674 417 'fibi-i.-
710 356 784 415 25
818 368 950 435 post
974 355 1174 438 πέφυκε
1215 361 1488 415 Musurus
1524 354 1745 413 addidit
1787 351 1967 420 κύστις

442 442 501 503 δὲ
523 441 722 509 κοιλίας
744 442 1029 523 διενήνοχε.
1059 443 1120 503 τὸ
1143 440 1239 521 μὶν
1261 442 1362 524 γὰρ
1397 448 1490 515 τῆς
1514 445 1673 525 ὑγρᾶς
1703 437 1968 521 περιττώ-

444 552 575 596 σεως
613 528 847 589 δεκτικὸν
890 529 1069 613 μόριον
1116 528 1424 607 ὀνομάζεται
1451 527 1630 597 κύστις
1655 551 1669 565 ·
1699 527 1758 587 τὸ
1784 525 1841 587 δὲ
1873 530 1968 599 τῆς

445 614 620 698 ξηρᾶς,
643 616 813 676 κοιλία
829 640 843 654 ·
871 620 941 683 ὣς
964 616 1321 700 Ἀριστοτέλης
1342 617 1460 698 περὶ
1482 617 1628 682 ζώων
1646 613 1872 696 ἱστορίας
1897 612 1967 671 α’·

527 708 659 778 408,
692 708 764 763 33
798 712 826 765 δ
853 705 1128 787 Ἀχαρνεὺς
1171 718 1499 784 suspectum
1525 717 1644 777 est,
1672 718 1729 763 et
1756 725 1829 763 ex
1855 724 1970 761 no·-

448 794 601 851 mine
644 794 814 852 simili
858 807 1196 874 corruptum
1243 794 1491 866 videtur,
1536 793 1725 870 qualia
1765 803 1896 850 sunt
1942 793 1972 848 ὃ

447 879 717 960 Ἀταρνεὺς
756 883 847 938 vel
877 885 905 940 ὁ
931 881 1179 950 Τυανεύς.
1223 882 1539 958 Tyanensis
1574 880 1861 958 Apollonii
1890 878 1967 936 li-

447 966 618 1024 brum
660 967 732 1024 de
765 966 1053 1025 sacrificiis
1099 969 1532 1027 Atheniensium
1574 967 1712 1047 (περὶ
1756 962 1972 1043 θυσιῶν)

447 1066 730 1112 memorat
775 1053 1150 1114 Philostratus
1188 1075 1247 1134 p.
1294 1056 1420 1113 156.
1455 1060 1703 1113 Dnm.-
1732 1055 1803 1121 34
1828 1050 1973 1130 λέγει

449 1145 595 1201 R.—
620 1145 691 1201 36
716 1141 845 1208 ἄτας
862 1143 1069 1202 Ald..-
1093 1148 1163 1217 37
1193 1143 1397 1211 θύοντες
1424 1147 1558 1224 έορτ.
1582 1148 1654 1201 V.

530 1238 664 1306 409,
696 1239 764 1298 41
801 1251 961 1308 seqq.
992 1231 1108 1290 κατ’
1130 1232 1225 1290 οὐκ
1250 1230 1406 1311 ἔσχον
1432 1229 1716 1309 ἀμελήσας.
1737 1232 1832 1288 οὐκ
1857 1226 1974 1286 έκί-

448 1321 890 1401 νουν-διαρραγῇ
928 1326 996 1379 R.
1036 1323 1130 1379 οὐκ
1167 1319 1324 1399 ἶσχον
1374 1321 1489 1379 ἀντὶ
1525 1324 1618 1379 τοῦ
1667 1322 1725 1379 οὔ
1767 1319 1972 1378 διεῖλον.

449 1407 613 1474 οὕτως
641 1406 839 1468 ἔκλινεν
870 1409 1132 1477 Ἀττικῶς.
1163 1408 1708 1491 εἰώθασι-διαρρῆξαι
1733 1415 1878 1469 V.-—
1903 1415 1970 1476 ἰἰι

447 1493 764 1575 παρέχοντες
785 1503 857 1555 V.
881 1495 1217 1579 χαριζόμενοι
1246 1499 1380 1557 Αἰά.

532 1592 664 1655 4ιο,
690 1585 760 1642 51
789 1588 989 1656 νοητῶν
1012 1589 1173 1657 αὐτῆς
1194 1583 1374 1666 ἀρτύσ.
1401 1590 1469 1644 V.

533 1679 600 1739 4ι
620 1691 640 1727 ι
691 1671 1112 1753 προσεράντισεν.
1153 1676 1224 1740 ὣς
1264 1672 1350 1731 ἐπὶ
1390 1671 1588 1739 κοιλίας
1615 1669 1878 1754 ἐχρήσατο
1906 1673 1974 1750 τῇ

447 1754 585 1825 λέξει
611 1763 682 1818 R.
855 1773 865 1790 ⁶

532 1852 564 1911 4
580 1853 642 1913 ι4
675 1844 948 1919 ἐπίπονον,
976 1847 1219 1919 τλητικὸν
1246 1850 1459 1907 Victor.

532 1934 646 1999 416
670 1934 717 1990 οἱ
744 1931 845 2014 γὰρ
879 1934 1151 2015 φιλόσοφοι
1178 1939 1232 1995 έν
1274 1940 1351 2016 τῷ
1394 1934 1609 2017 τρίὸωνι
1648 1932 1975 2013 διεχείμαζον

448 2016 599 2098 μόνῳ
620 2019 783 2097 μηδὲν
810 2021 1063 2089 ἐσθίοντες
1089 2027 1152 2081 V.
1181 2023 1509 2088 αἰσθάνοντες
1530 2024 1679 2081 Vict.

532 2116 643 2178 417
680 2106 817 2167 οἴνου
844 2107 893 2166 τ’
918 2106 1105 2188 ἀπέχει
1129 2131 1143 2164 :
1176 2108 1236 2168 τὸ
1261 2108 1387 2169 αὐτὸ
1421 2112 1516 2168 οὐκ
1545 2099 1658 2167 εἶπε
1688 2108 1978 2189 Σωκράτης

447 2192 610 2271 -μὲν
636 2194 789 2254 αὐτόν
818 2218 945 2276 φησι
968 2197 1541 2279 πλεῖστον-πράττειν.
1569 2195 1804 2268 ἀνοήτων
1829 2219 1842 2253 :
1868 2199 1976 2255 τῶν

452 2281 766 2363 ἀφροδισίων
785 2328 800 2355 ,
839 2287 932 2354 τῆς
955 2283 1201 2355 τοιαύτης
1237 2285 1493 2362 λαγνείας.
1520 2284 1581 2344 τὸ
1605 2281 1706 2363 γὰρ
1734 2279 1978 2356 ἀνοηταί-

450 2390 555 2425 νειν
581 2368 859 2447 μωραίνειν
884 2368 971 2428 διὰ
1006 2371 1067 2430 τὸ
1110 2373 1494 2453 ἀφροδισιάζειν
1535 2370 1712 2450 ἔλεγον
1744 2371 1876 2432 ΑΙά.
1908 2378 1976 2431 R.

453 2455 627 2512 habet
654 2455 907 2530 ἀνοήτων,
947 2460 1053 2516 τῶν
1078 2457 1408 2540 ἀφροδισίων.
1434 2496 1497 2510 --
1528 2481 1560 2531 7
1591 2457 1835 2531 τοιαύτης
1861 2480 1975 2517 om.

452 2548 523 2600 G.
543 2579 605 2593 —
630 2544 664 2600 8
694 2548 785 2601 τοῦ
811 2542 877 2601 τὰ
906 2544 1058 2624 μωρὰ
1099 2552 1172 2605 V.
1202 2545 1270 2605 τὰ
1293 2566 1407 2607 om.
1446 2551 1518 2605 G.
1536 2583 1597 2595 —
1618 2567 1656 2624 9
1683 2546 1817 2606 vide
1849 2546 1981 2606 Pla-

455 2640 576 2686 ton.
611 2634 875 2707 Sympos.
902 2651 960 2709 p.
1000 2652 1133 2707 220,
1153 2640 1216 2691 Α.

538 2724 675 2792 4ι9,
707 2717 774 2773 15
798 2721 864 2795 τῇ
891 2738 1004 2777 om.
1046 2724 1194 2778 V.-
1241 2722 1311 2779 16
1346 2723 1424 2800 τῷ
1451 2720 1601 2801 ὅπλῳ
1626 2723 1719 2791 V.,
1757 2720 1855 2797 qui
1909 2741 1974 2793 17

452 2800 544 2859 καὶ
608 2814 667 2859 et
727 2824 797 2880 19
865 2802 982 2871 τοὺς
1027 2805 1265 2865 omittit.
1328 2804 1477 2865 lbid.
1563 2805 1980 2887 ἀντιπραττομέ-

451 2911 569 2956 νους
587 2896 655 2949 R.
674 2935 735 2949 ...
765 2894 950 2950 23-25
979 2893 1243 2961 δυσκόλως
1280 2893 1631 2972 κοιμωμένης,
1655 2892 1983 2953 καταπονού-

452 2998 549 3048 σης
570 2975 659 3035 τὸν
705 2977 815 3057 βίον
846 2982 914 3035 R.
954 2984 1249 3038 Postrema
1292 2994 1540 3052 tantum,
1583 2979 1981 3054 καταπονούσης

449 3060 538 3122 τὸν
567 3067 637 3142 β.,
657 3065 831 3123 habet
849 3072 938 3139 V.,
967 3068 1273 3145 pergitque
1298 3067 1767 3149 θυμβρεπιδείπνου
1792 3066 1847 3127 δὲ
1870 3068 1979 3136 τὰς.

532 3158 667 3224 421,
700 3172 893 3229 27-29
920 3152 1151 3234 θύμόρα,
1177 3145 1307 3221 εἶδος
1333 3155 1586 3236 λαχάνου.
1613 3155 1701 3236 ἀφ’
1728 3148 1787 3214 οὗ
1823 3156 1979 3228 δ’ἥλον

451 3232 532 3293 ὅτι
567 3235 775 3314 λάχανα
820 3237 977 3316 μόνον
1002 3240 1180 3312 ἤσθιον
1205 3244 1386 3314 εὐτελῆ
1426 3244 1552 3302 Ald.
1589 3249 1798 3301 Veram
1841 3244 1978 3302 scri-

453 3334 677 3399 pturam
705 3324 904 3384 habuit
931 3328 1136 3386 Suidas
1162 3349 1211 3391 s,
1248 3328 1758 3411 Θυμὸρεπιδείπνου.
1793 3331 1978 3389 Scho-

452 3409 573 3466 lion
601 3412 859 3470 codicum
898 3419 1038 3491 Reg.
1071 3417 1223 3474 2820
1252 3430 1308 3475 et
1351 3420 1497 3474 2821
1527 3439 1540 3473 :
1569 3415 1799 3497 Θύμὸρη
1827 3415 1862 3486 ἣ
1890 3416 1979 3473 καὶ

453 3496 685 3578 θύμὸρον
708 3502 988 3584 οὐδετέρως
1004 3502 1232 3583 λέγεται,
1252 3504 1446 3585 βοτάνη
1467 3505 1546 3571 τίς
1565 3508 1704 3563 ἐστιν
1725 3504 1979 3584 ἐλαχίστη

452 3584 543 3643 καὶ
579 3585 752 3663 φαύλη
772 3612 785 3626 ·
814 3588 879 3660 ἣν
910 3591 1183 3658 ἰδιωτικῶς
1215 3595 1432 3652 καλοῦσι
1459 3591 1716 3673 θρύμὸην.
1759 3591 1848 3651 τὸν
1889 3583 1979 3650 οὗν

453 3675 691 3749 εὐτελῶς,
716 3689 824 3734 etc.
850 3690 914 3734 ut
941 3679 999 3735 in
1029 3684 1185 3739 Junt.

541 3772 652 3832 422
692 3769 763 3822 R.
809 3784 923 3823 om.
966 3765 1119 3824 οἷονεί
1161 3765 1365 3845 ἄκμων.
1405 3767 1599 3826 Solum
1644 3764 1979 3825 παιδεύεσθαι

451 3848 628 3908 habet
653 3855 748 3919 V.,
774 3871 886 3909 om.
909 3856 979 3910 G.
1001 3852 1250 3912 παίεσθαι
1273 3858 1651 3912 HermannuS.

533 3945 645 4008 427
676 3938 772 3995 οὐκ
800 3937 1077 4018 ἀποτεύξῃ.
1102 3939 1217 3998 ἀντὶ
1244 3943 1337 3999 τοῦ
1365 3939 1517 4019 τεύξῃ
1537 3931 1608 3999 ῶν
1635 3939 1824 4007 ἐθέλεις
1855 3942 1975 4001 Αἶά.

449 4022 862 4100 πεπαιδευμένος
882 4024 1095 4084 habent
1122 4031 1191 4084 R.
1218 4032 1311 4100 V.,
1344 4047 1457 4085 om.
1484 4034 1552 4087 G.

535 4113 647 4179 432
671 4111 761 4170 καὶ
783 4111 873 4177 τὰς
893 4118 961 4170 V.
986 4112 1198 4191 γνώμας
1222 4113 1476 4193 μεγάλας.
1499 4113 1821 4196 δημηγορίας
1842 4117 1973 4178 Ald.

534 4210 669 4279 434,
698 4208 770 4264 52
801 4206 892 4265 καὶ
917 4208 977 4266 τὸ
997 4208 1172 4286 νόημα
1196 4216 1263 4268 V.
1283 4212 1359 4289 τῷ
1381 4208 1556 4288 νόημα
1585 4215 1655 4268 G.
1693 4210 1977 4282 πεποίηται

453 4315 566 4353 om.
595 4295 830 4353 v.-53
873 4316 956 4374 sq.
999 4297 1270 4355 διολισθεῖν
1316 4295 1371 4355 δὲ
1399 4296 1459 4356 τὸ
1484 4299 1599 4378 ἐκφ.
1625 4305 1693 4355 V.
1714 4336 1776 4348 -
1796 4318 1829 4356 2
1863 4321 1977 4358 ποι-

452 4381 622 4448 κιλίας
638 4380 807 4459 λόγων
829 4383 1191 4442 scribendum
1220 4405 1292 4443 ex
1320 4389 1459 4462 Reg.
1486 4386 1657 4443 2821.

533 4472 646 4536 436
671 4470 983 4551 προπόλοισι
1005 4471 1060 4531 δὲ
1082 4492 1195 4530 om.
1231 4478 1299 4531 R.
1329 4478 1541 4532 Totum
1579 4474 1835 4532 scholion
1858 4494 1974 4532 om.

450 4562 551 4629 V.,
580 4558 681 4616 sed
710 4558 880 4617 habet
909 4560 980 4635 gl.
1009 4558 1282 4642 πρόσφυξι,
1312 4560 1470 4638 quod
1495 4580 1608 4618 om.
1628 4567 1697 4619 G.

534 4646 646 4714 438
673 4646 853 4704 codex
871 4651 1014 4725 Reg.
1042 4651 1194 4707 2820
1214 4667 1230 4708 z
1257 4647 1568 4714 Κοππατίας
1587 4646 1778 4716 ἵππους
1800 4646 1974 4726 ἔλεγον

450 4729 569 4797 τοὺς
595 4732 650 4791 ἐν
677 4737 754 4814 τῶ
783 4738 939 4816 μηρῷ
975 4734 1165 4794 κάππα
1191 4733 1422 4814 ἔχοντας.
1449 4735 1599 4795 ἄλλοι
1623 4734 1677 4793 δὲ
1706 4735 1833 4817 φασὶ
1860 4734 1976 4803 τοὺς

454 4816 562 4876 ἀνω
590 4819 677 4877 καί
705 4821 851 4880 κάτω
874 4828 1173 4902 χωροῦντας
1209 4822 1298 4882 καὶ
1332 4821 1685 4899 κοπτομένους
1718 4832 1823 4889 τοῖς
1849 4821 1974 4903 δρό-

454 4928 571 4975 μοις
592 4905 678 4973 οὓς
709 4910 757 4966 οἱ
785 4913 992 4977 θοασεῖς
1016 4913 1120 4970 τῶν
1148 4910 1327 4971 ἵππων
1350 4916 1676 4970 ποιοῦσιν.--
1701 4930 1769 4968 ιο
1794 4913 1973 4970 κακῶν

454 4994 520 5054 δι’
546 4985 618 5056 ὧν
642 5001 711 5056 R.

1615 221 2064 285 ADNOTATIO
2105 221 2189 284 IN
2230 221 2492 287 scHoL.

2131 356 2273 431 439,
2307 365 2376 426 ι4
2423 354 2698 438 τρίμετρον
2736 353 2875 414 dicit
2917 353 3054 434 quia
3092 355 3155 414 in
3197 354 3584 434 Aristophane

2056 442 2197 520 legit
2243 447 2334 503 νῦν
2388 433 2479 504 οὗν
2538 443 2781 526 χρήσθων
2829 446 3061 523 ἀτεχνῶς
3111 445 3145 502 8
3190 466 3242 502 τι
3290 443 3582 524 βούλονται.

2058 533 2254 591 Hunni.
2273 566 2337 580 -
2357 551 2432 590 22
2458 536 2496 603 ἡ
2523 530 2760 600 σύνταξις
2784 530 2938 605 αὕτη,
2969 541 3043 600 24
3071 528 3167 609 μὲν
3195 531 3298 612 γὰρ
3325 537 3397 591 G.
3418 572 3481 582 —
3509 532 3584 589 26

2058 616 2375 698 προσπόλοις
2408 626 2477 679 R.
2508 618 2747 693 δηλονότι
2776 640 2890 679 om.
2916 624 2991 679 V.

2143 713 2279 777 441,
2323 727 2394 779 27
2444 713 2635 766 κακοῦν
2662 720 2722 765 et
2747 705 2836 766 καὶ
2870 727 2983 765 om.
3017 713 3176 766 R.-
3198 728 3276 784 29
3296 709 3465 766 ἐκεῖνο
3518 712 3587 764 V.

2061 788 2245 847 ἐκείνω
2268 796 2339 848 G.
2363 813 2439 825 -··
2471 795 2543 851 32
2576 792 2846 870 ἐπενέγκοι
2873 799 2944 853 R.

2144 877 2257 947 445
2287 876 2501 951 ἀναιδὴς
2520 881 2645 939 Ald.
2671 900 2778 958 pro
2806 881 2944 954 σκλ.,
2971 881 3125 958 τολμ.

2144 966 2280 1034 446,
2308 967 2380 1024 38
2410 967 2629 1026 ἐκάλουν
2655 968 2932 1049 βδελλυρὸν
2966 966 3234 1049 (βδελυρὸν
3263 969 3377 1045 G.),
3402 971 3474 1034 ὡς
3501 967 3595 1026 καὶ

2062 1050 2318 1130 Αἰσχίνης
2338 1056 2393 1113 ἐν
2410 1057 2486 1134 τῷ
2505 1053 2640 1114 κατὰ
2664 1058 2797 1133 Τιμ.
2815 1063 3030 1126 V.—4o
3053 1055 3427 1136 βδελλύξασθαι
3443 1061 3594 1114 R.V.

2146 1143 2260 1208 448
2294 1142 2522 1201 Scholia
2552 1143 2626 1201 ad
2672 1143 2823 1201 hunc
2851 1163 2907 1203 v.
2944 1145 3026 1202 sic
3072 1143 3420 1221 interpolata
3461 1154 3600 1200 sunt

2064 1225 2124 1283 in
2166 1227 2291 1289 Ald.
2336 1227 2518 1311 κύρὸις
2544 1252 2558 1287 z
2583 1227 2652 1288 Ἦ
2697 1227 2871 1304 σανὶς,
2907 1228 3030 1289 ἔνθα
3079 1220 3213 1302 ἦσαν
3244 1232 3293 1288 οἱ
3321 1231 3479 1307 νόμοι
3508 1253 3601 1307 γε-

2063 1315 2377 1396 γραμμένοι.
2425 1317 2569 1397 λέγει
2609 1311 2697 1379 οὗν
2717 1364 2734 1393 ,
2767 1322 2813 1378 εἰ
2842 1319 2911 1379 τά
2948 1344 3006 1379 τε
3053 1318 3189 1379 ἄλλα
3232 1317 3440 1397 δόξαιμι
3489 1326 3601 1384 τοῖς

2064 1405 2304 1478 πολλοῖς,
2343 1405 2433 1465 καὶ
2466 1405 2710 1488 ἔμπειρος
2749 1397 2882 1466 εἶναι
2914 1411 3021 1465 τῶν
3050 1405 3225 1485 νόμων
3252 1406 3343 1465 καὶ
3369 1410 3476 1465 τῶν
3499 1407 3601 1465 λό-

2066 1514 2201 1568 γων,
2227 1493 2392 1565 ἡδέως
2421 1492 2482 1551 ἂν
2512 1494 2851 1572 ὑπομείναιμι
2891 1503 2996 1553 πᾶν
3029 1499 3200 1554 ὁτιοῦν
3243 1500 3447 1554 παθεῖν.
3477 1491 3601 1554 Ἄλ-

2066 1580 2188 1645 λως.
2212 1579 2415 1662 κύρὸις,
2431 1584 2460 1640 ὁ
2473 1580 2762 1662 περίεργος,
2778 1580 2834 1641 ὃν
2850 1583 2946 1640 οὐκ
2965 1582 3077 1642 ἔστι
3094 1585 3287 1642 λαθεῖν.
3299 1580 3333 1653 ἢ
3347 1581 3598 1660 μνήμων.

2066 1666 2277 1749 καὶγὰρ
2301 1671 2355 1727 αἱ
2376 1667 2583 1750 κύρὸεις
2621 1669 2750 1749 πρὸς
2773 1669 2988 1748 μνήμην
3015 1671 3330 1752 εἰργάζοντο.
3350 1670 3602 1731 Ἀπολλό-

2068 1756 2228 1836 δωρος
2251 1753 2310 1814 δέ
2337 1778 2495 1837 φησι,
2520 1766 2697 1816 πᾶσαν
2728 1757 2984 1833 δημοσίαν
3015 1756 3220 1841 γραφὴν
3267 1759 3360 1818 καὶ
3408 1759 3602 1836 νόμους

2067 1841 2251 1923 κύρὸιν
2275 1846 2570 1905 καλεῖσθαι·
2596 1843 2676 1904 ὅτι
2704 1848 2752 1904 οἱ
2782 1847 2995 1924 ἀρχαῖοι
3035 1845 3206 1912 λίθους
3247 1847 3517 1921 ἱστάντες,
3538 1848 3604 1907 τὸ

2069 1929 2219 2000 δόξαν
2242 1932 2649 2014 ἀναγράφοντες,
2668 1932 2754 1998 οὓς
2778 1932 2874 2009 μὲν
2892 1931 2996 1992 ἀπὸ
3010 1937 3102 2006 τῆς
3126 1932 3361 2001 στάσεως
3373 1935 3602 2006 στήλας·

2067 2017 2248 2099 κύρδις
2269 2018 2325 2078 δὲ
2356 2020 2461 2079 ἀπὸ
2486 2024 2580 2091 τῆς
2608 2022 2679 2086 εἰς
2702 2018 2828 2101 ὕψος
2853 2020 3176 2088 ἀναδάσεως.
3204 2022 3419 2105 ὕστερον
3459 2022 3514 2082 δὲ
3532 2022 3604 2083 τὰ

2071 2104 2197 2174 ξύλα
2224 2106 2593 2184 λελευκωμένα
2618 2109 2920 2190 γράφοντες,
2949 2109 3140 2187 ὁμοίως
3160 2111 3439 2172 ἐκάλεσαν.
3466 2109 3602 2192 κύρ-

2070 2192 2151 2259 6ις
2174 2184 2262 2252 οὗν
2292 2197 2327 2265 ἡ
2350 2194 2667 2277 περιέχουσα
2695 2194 2785 2263 τὰς
2825 2196 2968 2276 ἱερὰς
2994 2196 3198 2280 γραφὰς
3225 2198 3395 2271 στήλη
3414 2223 3428 2235 ·
3458 2198 3495 2271 ἢ
3531 2204 3604 2267 ὣς

2071 2280 2452 2364 Ἐρατοσθένης
2486 2284 2643 2366 φησὶν
2660 2328 2675 2356 ,
2705 2282 2840 2351 ἄξων
2867 2283 3138 2363 Ἀθήνῃσιν
3166 2284 3304 2345 οὕτω
3331 2287 3604 2367 καλούμε·

2068 2392 2180 2444 νος,
2206 2373 2259 2429 έν
2285 2363 2329 2454 ᾧ
2352 2374 2400 2429 οἱ
2427 2371 2580 2450 νόμοι
2602 2371 2954 2452 περιέχονται.
2986 2372 3331 2456 Πλούταρχος
3361 2376 3419 2435 δὲ
3448 2381 3502 2436 ἐν
3525 2381 3605 2458 τῷ

2071 2457 2309 2526 Σόλωνος
2336 2458 2434 2540 βίῳ
2459 2459 2581 2540 περὶ
2617 2461 2774 2518 αὐτοῦ
2812 2459 3013 2538 λέγων,
3055 2488 3079 2513 α
3101 2461 3253 2541 ἰσχὺν
3290 2461 3369 2537 δὲ,
3387 2491 3411 2518 ι
3444 2465 3603 2546 φησὶ,

2072 2572 2096 2598 α
2121 2553 2230 2613 τοῖς
2259 2544 2437 2623 νόμοις
2465 2555 2625 2605 πᾶσιν
2653 2547 2722 2611 εἰς
2762 2546 2946 2606 ίκατὸν
2975 2546 3167 2607 ἔδωκεν
3201 2551 3484 2625 ἐνιαυτοὺς,
3511 2556 3603 2614 καὶ

2070 2633 2473 2715 κατεγράφησαν
2497 2634 2569 2699 εἰς
2593 2631 2822 2702 ξυλίνους
2846 2633 3028 2703 ἄξονας
3054 2638 3106 2694 έν
3133 2637 3399 2706 πλαισίοις
3419 2642 3604 2723 περιέ-

2070 2741 2225 2799 χουσι
2258 2718 2663 2804 στρεφομένους,
2688 2710 2760 2779 ὧν
2799 2721 2876 2780 ἔτι
2899 2723 3017 2781 καθ’
3043 2727 3186 2800 ἡμᾶς
3223 2727 3277 2783 ἐν
3304 2730 3606 2811 πρυτανείῳ

2070 2808 2293 2891 λείψανά
2322 2832 2440 2869 τινα
2481 2806 2771 2878 διεσώζετο.
2789 2835 2813 2863 υ
2841 2811 2931 2870 καὶ
2962 2811 3490 2894 προσηγορεύθησαν,
3533 2821 3606 2886 ὣς

2072 2896 2431 2979 Ἀριστοτέλης
2459 2896 2617 2979 φησὶ,
2645 2896 2867 2979 κύρὸεις.
2905 2898 2993 2958 καὶ
3038 2902 3294 2982 Κρατῖνος
3317 2907 3346 2961 ὁ
3371 2908 3606 2982 κωμικὸς

2071 2984 2250 3067 εἴρηκέ
2282 3008 2386 3045 που
2412 3011 2436 3037 α
2456 2985 2584 3065 πρὸς
2614 2990 2706 3044 τοῦ
2741 2985 2981 3054 Σόλωνος
3016 2988 3104 3047 καὶ
3135 2990 3460 3070 Δράκοντος,
3499 2985 3606 3054 οἶσι

2070 3078 2160 3133 νῦν
2190 3071 2471 3157 φρύγουσιν
2496 3072 2599 3144 ἤδη
2628 3070 2722 3140 τὰς
2748 3074 2980 3154 κάγχρυς
3006 3083 3112 3142 τοῖς
3135 3076 3399 3159 κύρὸεσιν.
3428 3110 3452 3134 ι
3476 3081 3606 3142 ἔνιοι

2072 3160 2130 3220 δέ
2156 3184 2313 3242 φασιν
2347 3159 2518 3234 ἰδίως,
2557 3161 2612 3218 έν
2641 3152 2717 3227 οἷς
2754 3164 2871 3242 ἱερὰ
2906 3162 2994 3220 καὶ
3028 3163 3203 3222 θυσίαι
3233 3166 3603 3247 περιέχονται,

2073 3248 2297 3330 κύρὸεις,
2321 3247 2503 3317 ἄξονας
2528 3246 2616 3325 δὲ,
2639 3247 2755 3317 τοὺς
2782 3251 2971 3318 ἄλλους
2989 3252 3312 3328 ὠνομάσθαι.
3338 3260 3602 3331 Quorum

2072 3339 2168 3396 illa
2191 3334 2969 3418 Ἀπολλόδωρος-περιέχονται
2996 3360 3066 3398 ex
3092 3342 3394 3402 scholiasta
3424 3348 3603 3424 Apol-

2071 3426 2212 3484 lonii
2248 3426 2358 3484 Rh.
2410 3435 2465 3499 4,
2506 3428 2641 3498 280,
2683 3428 2981 3503 sequentia
3012 3448 3083 3485 ex
3130 3430 3422 3490 Plutarchi
3467 3435 3608 3493 Vita

2070 3517 2294 3575 Solonis
2340 3536 2388 3573 c.
2438 3515 2509 3572 25
2553 3517 2653 3574 vix
2706 3516 2824 3574 ullo
2871 3515 3055 3575 verbo
3099 3532 3318 3578 mutato
3358 3526 3607 3602 sumpsit

2071 3608 2352 3662 Musurus.
2375 3607 2554 3661 Dum.
2580 3609 2767 3677 Quem
2792 3605 2926 3662 vide
2952 3605 3021 3662 ad
3050 3606 3298 3683 HSteph.
3331 3609 3503 3668 Thes.
3545 3632 3603 3671 v.

2073 3688 2363 3772 Κύρὸις.-
2383 3692 2457 3759 46
2498 3693 2527 3749 ὁ
2561 3689 2829 3771 περίεργος
2854 3691 3059 3749 suidas
3088 3712 3131 3750 s.
3164 3690 3384 3773 Κύρὸις.
3427 3701 3455 3756 ὁ
3486 3718 3603 3758 om.

2070 3782 2140 3836 R.
2164 3782 2237 3836 V.
2255 3820 2315 3831 -.
2347 3778 2422 3847 48
2449 3776 2665 3858 κύρδιας
2693 3775 2777 3852 δὲ,
2815 3788 2891 3855 49
2919 3781 3263 3858 ὑπομείναιμι
3290 3780 3374 3840 ὅτι
3397 3775 3490 3842 οὖν
3527 3791 3601 3845 V.

2067 3871 2167 3926 ..6
2187 3880 2319 3945 post
2330 3864 2580 3926 ἀλώπεκα
2594 3868 2755 3926 addit
2777 3868 2897 3927 Ald.
2918 3868 3007 3928 καὶ
3022 3871 3423 3951 Σηοκλῆς(ΑῙ.
3451 3876 3602 3949 103⁸,

2068 3945 2104 4027 ἦ
2130 3954 2496 4035 τοῦπίτριπτον
2523 3954 2729 4021 κίναδος
2754 3954 2937 4036 ἐξήρου
2971 3956 3030 4033 μ’
3058 3955 3274 4015 ὅπου.-
3303 3962 3340 4016 8
3368 3964 3604 4020 εἰσωθῶν

2068 4040 2158 4100 καὶ
2181 4041 2384 4110 ἑξωθῶν
2415 4041 2547 4102 Ald.
2578 4045 2842 4102 Correxit
2881 4048 3109 4103 Portus.
3159 4044 3376 4117 ἀναιδὴς
3411 4069 3602 4126 expo-

2068 4130 2223 4188 nitur
2253 4130 2460 4196 κίναδος
2486 4131 2545 4189 in
2575 4135 2713 4207 Reg.
2744 4131 3031 4208 282ι.-9
3055 4134 3083 4190 ὁ
3109 4136 3452 4212 τετριμμένος
3472 4141 3542 4194 V.
3575 4141 3605 4196 ὁ

2066 4217 2527 4299 περιτετριμμένος
2567 4217 2765 4275 Ald.-
2803 4238 2871 4274 10
2916 4223 3070 4297 ἡμεῖς
3113 4230 3318 4301 τρυπᾶν
3362 4223 3601 4295 suidas,

2066 4307 2164 4383 qui
2211 4325 2325 4363 om.
2367 4303 2795 4387 τρῦμα-φαμέν.
2842 4303 3047 4386 τρύμην
3086 4304 3145 4365 δὲ
3185 4311 3337 4366 R.—
3381 4330 3442 4366 ιι
3507 4311 3602 4369 καὶ

2064 4392 2271 4473 τρίμμα
2298 4397 2370 4451 R.
2405 4390 2606 4457 εὔτονος
2642 4397 2715 4449 V.
2758 4389 2979 4450 εὐτόνων
3010 4398 3079 4451 R.
3110 4391 3329 4460 εὐτόνως
3371 4396 3598 4457 suidas,

2065 4470 2377 4548 λεπτολόγος
2420 4470 2511 4529 καὶ
2552 4468 2804 4547 εὔστομος
2845 4471 2964 4530 ΑΙά.
2985 4509 3046 4520 -
3083 4492 3151 4529 ι2
3196 4474 3604 4552 περιγενόμενος

2063 4563 2440 4618 Hermannus.
2486 4557 2881 4636 περιγενόμενον
2946 4559 3075 4618 Αἰά.
3123 4597 3175 4608 -
3217 4562 3283 4617 ι3
3340 4562 3481 4642 τριὸς
3539 4565 3601 4622 in

2062 4643 2280 4728 τρυσσὸς
2307 4657 2491 4703 mutat
2517 4650 2897 4720 Hermannus‚
2922 4647 3127 4705 collata
3155 4649 3428 4723 Hesychii
3452 4650 3604 4725 glos-

2064 4753 2143 4805 sa,
2173 4730 2411 4813 Τρυσσός
2432 4753 2445 4789 :
2469 4730 2694 4813 νοσερὸς,
2717 4729 2961 4807 ἀσθενὴς,
2986 4731 3191 4800 λεπτός.
3213 4735 3381 4809 Quod
3408 4736 3600 4817 τρυσός

2064 4821 2256 4898 potius
2281 4820 2662 4879 scribendum.
2703 4819 2814 4878 Sed
2854 4821 3157 4880 scholiasta
3194 4823 3439 4881 fortasse
3471 4846 3599 4903 τρυ-

2063 4907 2230 4974 σίὸιος
2268 4909 2598 4986 scripserat,
2642 4907 3044 4983 Aristophanis
3092 4920 3260 4967 utens
3309 4908 3602 4970 vocabulo

2064 5017 2117 5055 v.
2141 5005 2272 5064 420.
2296 5000 2476 5054 Dum.
