3859 5725
296 269 407 333 104

287 426 450 474 τινος,
472 401 604 484 ὅπερ
627 400 718 460 καὶ
743 403 945 480 μᾶλλον
964 397 1299 478 ἐμφαίνεται.
1323 397 1496 458 ἐκεῖνά
1518 421 1574 456 τε
1598 398 1701 479 γὰρ
1724 402 1849 457 ἀνα-

287 494 466 551 πολεῖν
498 491 817 571 ἀρχαιότερα
845 486 1023 558 ἔσται,
1049 491 1137 545 νῦν
1166 509 1222 543 τε
1245 489 1316 552 ὡς
1341 485 1462 565 περὶ
1492 490 1648 545 αὑτοῦ
1687 487 1847 565 λέγει.

287 578 485 638 ἔκνισεν
509 576 625 637 ἀντὶ
649 581 739 647 τοῦ
766 574 1047 651 ἐκάκισεν.)
1073 612 1141 622 -
1161 573 1439 647 ἐλύπησεν.
1486 585 1611 634 vict.

1426 268 1812 328 SCHOLIA
1866 270 1951 329 IN
2007 269 2349 332 VESPAS.

1944 401 2200 462 Εὐπόλιδι
2228 405 2281 461 ἐν
2305 406 2502 485 Χρυσῷ
2524 404 2694 484 γένει,
2726 404 2857 466 ὅπου
2886 407 2978 467 καὶ
3004 406 3065 467 τὸ
3093 407 3378 478 Πλάτωνος
3399 434 3509 470 πα-

1945 487 2179 569 ράκειται
2205 489 2256 558 ἐξ
2282 490 2588 570 Ἀδώνιδος.)
2833 511 2847 522 ·

2027 593 2147 636 1311.
2194 579 2240 656 (ὁ
2260 579 2306 636 δ’
2336 578 2644 660 ἀνακραγών
2668 599 2683 640 t
2711 581 2819 640 Καὶ
2846 586 3011 640 ταῦτα
3041 582 3373 663 ἀπρόσλογα,
3397 585 3510 645 ἐπεὶ

373 687 491 727 1285.
539 664 713 744 (ἡνίκα
744 660 930 723 Κλέων
963 682 978 722 t
1008 660 1282 721 Ἐπέκειτο
1313 660 1416 742 γὰρ
1439 663 1582 742 αὐτῷ
1606 665 1634 720 6
1668 660 1853 722 Κλέων
1944 664 2130 744 καὶτῷ
2153 665 2530 746 ἀποδεδρακότι
2553 665 2881 748 ἀπρόσλογον
2906 672 3099 739 ἐκεῖνος
3121 662 3308 753 εἶπεν.)

238 775 262 813 ο
287 753 366 813 ὅτι
395 755 727 834 ἐκωμῳδεῖτο
746 751 834 809 ὑπ’
853 753 1029 810 αὐτοῦ.
1055 748 1246 823 ἄδηλον
1267 749 1322 810 δὲ
1342 753 1386 809 εἷ
1407 749 1543 829 μετὰ
1565 749 1625 809 τὸ
1649 749 1854 819 διδάξαι
1899 799 1908 821 ,

288 841 409 910 τοὺς
432 840 650 908 Ἱππέας
673 837 854 917 λέγει.)

364 948 492 989 1333.
535 928 658 987 ὅσον
680 926 736 986 δὲ
767 925 922 1003 μόνον
948 924 1139 984 εἰδέναι
1187 946 1202 985 t
1234 924 1371 984 Ἀντὶ
1399 930 1492 983 τοῦ
1516 929 1763 983 τοσοῦτον
1799 923 1855 982 δὲ

287 1013 444 1093 μόνον
462 1015 722 1097 προεῖδον,
741 1012 789 1071 εἴ
808 1035 934 1072 ποτε
953 1011 1255 1089 θλιόόμενος
1272 1009 1375 1070 ὑπὸ
1394 1010 1640 1078 Κλέωνος
1658 1011 1856 1092 σκώψω

287 1102 468 1164 αὐτόν.

212 1209 260 1247 10
371 1211 491 1251 1330.
536 1188 640 1248 ὑπό
675 1212 728 1248 τι
775 1186 960 1269 μικρὸν
1001 1185 1279 1258 ἐπιθήκισα
1326 1205 1340 1247 :
1385 1188 1401 1263 (
1430 1189 1620 1247 Ταῦτα
1669 1187 1855 1242 ἐννοῶν

286 1302 465 1362 φησιν,
495 1277 575 1337 ὅτι
607 1275 875 1355 τύπτομαι
916 1276 1009 1335 ὑπ’
1044 1279 1231 1348 αὐτοῦ,
1256 1274 1348 1335 καὶ
1369 1274 1537 1336 οὐδενὶ
1563 1271 1735 1350 μέλει,
1762 1294 1856 1349 μι-

285 1367 409 1447 κρὸν
436 1365 591 1426 αὐτὸν
627 1362 993 1443 ἐκολάκευσα.)
1024 1396 1107 1408 --
1129 1361 1251 1422 ἰδὼν
1299 1361 1379 1420 ὅτι
1419 1365 1624 1442 βοηθεῖν
1662 1358 1855 1432 οὐδεὶς,

284 1452 508 1533 γελάσαι
535 1453 591 1512 δὲ
629 1453 785 1531 μόνον
813 1450 1142 1526 σπεύδουσιν,
1170 1450 1456 1523 ἐπιθήκισα
1493 1449 1587 1510 καὶ
1623 1450 1857 1520 ὑπῆλθον

288 1544 462 1602 αὐτόν.
482 1551 539 1599 R.

214 1654 263 1692 15
373 1650 497 1691 1291.
541 1627 871 1701 ἐξηπάτησεν
897 1633 931 1699 ἡ
960 1625 1132 1708 χάραξ
1173 1646 1188 1687 :
1220 1627 1238 1704 (
1266 1623 1569 1706 Παροιμία,
1597 1621 1723 1682 ὅταν
1757 1621 1860 1682 ὑπὸ

292 1723 381 1779 τοῦ
410 1717 702 1796 σωζομένου
725 1715 786 1774 τὸ
821 1719 985 1785 σῶζον
1015 1718 1289 1795 ἀπατηθῇ,
1315 1712 1351 1784 ἢ
1381 1712 1507 1771 ὅταν
1548 1709 1857 1791 ἐξαπατηθῇ

290 1830 369 1874 τις
405 1804 712 1872 πιστεύσας.
746 1803 887 1863 ἔστιν
921 1793 1010 1862 οὖν
1040 1799 1302 1882 παροιμία
1340 1799 1447 1859 ἀπὸ
1473 1802 1576 1859 τῶν
1603 1797 1861 1876 καλάμων

291 1898 396 1953 τῶν
432 1890 940 1975 προσδεσμουμένων
970 1898 1086 1957 ταῖς
1126 1887 1411 1967 ἀμπέλοις,
1450 1885 1502 1946 οἳ
1527 1885 1690 1945 ἐνίοτε
1720 1889 1862 1965 ῥιζο-

293 1978 614 2051 ὅολῆσαντες
642 1977 1023 2060 ὖπεραύξονται
1044 1979 1149 2035 τῶν
1179 1973 1450 2054 ἀμπέλων.
1480 1974 1593 2034 νυνὶ
1621 1971 1676 2032 δὲ
1710 1971 1863 2044 ἠπά-

215 2088 269 2128 30
293 2091 432 2140 τησα
459 2065 591 2149 ὑπὲρ
618 2072 711 2126 τοῦ
740 2069 958 2136 ποιῆσαι
985 2063 1229 2143 λέγεσθαι
1257 2060 1350 2129 τὰς
1372 2060 1697 2141 κωμῳδίας.)
1724 2064 1858 2142 ἐψη-

293 2155 482 2238 φίσατο
520 2152 623 2235 γὰρ
664 2158 693 2213 6
732 2151 917 2214 Κλέων
963 2150 1153 2229 μηκέτι
1192 2152 1297 2210 δεῖν
1339 2149 1624 2230 κωμῳδίας
1660 2147 1748 2207 ἐπὶ
1785 2151 1863 2229 τῷ

294 2243 498 2325 θεάτρῳ
536 2240 865 2320 εἰσάγεσθαι,
908 2237 989 2297 ὅτι
1030 2237 1095 2310 δὴ
1134 2237 1288 2307 ξένων
1330 2233 1602 2318 παρόντων
1646 2234 1863 2301 πολίτας

295 2330 582 2391 ἔσκωπτον.
610 2324 845 2404 (Ἄλλως.
870 2327 950 2385 ὅτι
984 2325 1236 2393 πολλάκις
1256 2324 1324 2384 τὰ
1346 2324 1553 2402 μεγάλα
1578 2320 1860 2403 ἀπεσφάλη

295 2423 389 2490 τῆς
416 2417 547 2486 ἰδίας
570 2415 745 2490 δόξης,
766 2414 1120 2475 πιστεύσαντα
1140 2410 1301 2471 ἑαυτὰ
1324 2419 1430 2477 τοῖς
1451 2410 1689 2491 μικροῖς.)

218 2535 269 2574 25
382 2526 497 2566 1292.
541 2503 606 2566 ἰὼ
636 2506 868 2585 χελῶναι
895 2525 910 2565 :
940 2502 1024 2580 (⁴0
1062 2500 1262 2571 οἰκέτης
1299 2497 1562 2579 ἐξέρχεται
1584 2495 1862 2568 τυπτηθεὶς

298 2596 400 2654 ὑπὸ
420 2593 828 2670 Φιλοκλέωνος.)
849 2627 924 2638 --
956 2588 1272 2669 ἀποδέχεται
1294 2586 1388 2653 τὰς
1397 2584 1632 2666 χελώνας
1654 2589 1726 2653 ὡς
1747 2608 1861 2642 πα-

297 2684 587 2764 χυδέρμους
634 2680 728 2741 καὶ
765 2679 840 2759 μὴ
875 2678 1251 2755 αἰσθανομένας
1292 2677 1539 2753 πληγῶν,
1587 2672 1770 2732 ἑαυτὸν
1810 2671 1864 2731 δὲ

299 2771 478 2853 θρηνεῖ
509 2774 580 2837 ὡς
614 2767 987 2848 λεπτόδερμον.
1107 2763 1324 2831 Ἄλλως.
1365 2763 1447 2821 ὅτι
1480 2765 1663 2828 κοινῶς
1689 2760 1778 2820 καὶ
1807 2766 1867 2819 τὸ

298 2858 553 2941 ὄστρακον
599 2857 769 2941 δέρμα
809 2854 1003 2933 ἔλεγεν,
1048 2852 1177 2912 καθὸ
1218 2853 1308 2912 καὶ
1349 2849 1748 2934 ὀστρακόδερμα
1777 2872 1867 2908 κα-

219 2969 272 3010 30
297 2951 475 3009 λοῦσιν
505 2945 640 3006 αὐτὰ
661 2949 708 3006 οἱ
735 2945 857 3024 περὶ
880 2940 1227 3024 Ἀριστοτέλη.
1245 2961 1306 3005 v.

383 3056 502 3097 1204.
546 3035 637 3094 καὶ
660 3032 1011 3097 νουὸυστικῶς
1045 3051 1058 3091 :
1084 3029 1223 3089 Ἄντὶ
1245 3033 1335 3086 τοῦ
1363 3028 1617 3097 συνετῶς,
1642 3025 1751 3102 (νοῦ
1773 3048 1865 3083 πε-

298 3122 681 3206 πληρωμένως,
710 3118 857 3202 παρὰ
886 3118 946 3178 τὸ
973 3123 1090 3184 vove
1113 3116 1204 3176 καὶ
1234 3114 1293 3174 τὸ
1320 3119 1505 3195 β’ῡσαι,
1530 3112 1563 3170 ὅ
1587 3115 1702 3172 ἐστι
1728 3114 1867 3185 πλη-

303 3214 485 3294 ρῶσαι.
504 3210 633 3291 [Od.
653 3222 721 3281 Δ,
743 3226 817 3268 134
845 3207 912 3284 :]‹=
934 3205 1167 3283 νήματος
1196 3202 1446 3274 ἀσκητοῖο
1477 3199 1817 3282 βεὸυσμένον.
1841 3227 1865 3252 ²·

300 3301 470 3360 κεῖται
491 3298 582 3357 καὶ
602 3299 657 3355 ἐν
676 3292 1182 3366 Ἐκκλησιαζούσαις
1202 3292 1376 3370 [411].)

222 3413 275 3452 25
384 3406 506 3449 12⁹5.
550 3383 786 3466 (κεράμῳ
819 3381 880 3440 τὸ
917 3384 1079 3439 νῶτον
1120 3400 1134 3441 :
1178 3377 1278 3445 Ὡς
1310 3377 1430 3458 περὶ
1462 3375 1650 3519 ὀρόφου
1679 3374 1867 3452 στέγης

302 3474 615 3554 διαλέγεται.
646 3470 768 3532 ἔνιοι
795 3468 848 3528 δὲ
876 3466 1171 3545 στιζόμενος
1195 3466 1499 3547 γράφουσιν,
1524 3486 1552 3521 ο
1575 3485 1630 3522 ον
1657 3461 1867 3521 κεντού-

304 3586 473 3643 μενος.
505 3560 595 3620 ἐὰν
630 3558 686 3618 δὲ
722 3556 1034 3635 σταζόμενος
1072 3553 1367 3636 γράφηται,
1399 3551 1491 3609 καὶ
1527 3547 1689 3616 οὕτως
1719 3547 1867 3607 ἔσται

301 3648 450 3729 παρὰ
465 3652 569 3708 τῶν
591 3644 869 3730 ψακάδων·
894 3642 1057 3711 οὕτως
1074 3638 1247 3702 πυκνὰ
1270 3637 1624 3715 τυπτόμενος.)
1642 3666 1710 3679 -·
1729 3635 1789 3696 τὸ
1813 3634 1867 3695 δὲ

305 3737 596 3816 στιζόμενος
637 3734 752 3794 ἀντὶ
792 3738 884 3792 τοῦ
912 3729 1264 3806 κεντούμενος.
1307 3747 1367 3795 R.
1411 3723 1630 3803 (στέγειν
1662 3721 1717 3783 δὲ
1752 3723 1869 3782 ἀντὶ

226 3857 282 3896 w
306 3830 396 3886 τοῦ
421 3824 671 3905 συνέχειν.
692 3820 805 3880 ὅθεν
825 3819 918 3879 καὶ
940 3823 974 3890 ἡ
994 3815 1152 3893 στέγη
1177 3819 1212 3887 ἡ
1235 3812 1592 3897 περιέχουσα.)

387 3933 505 3974 1307.
547 3910 645 3972 κᾶν
668 3900 705 3990 ᾗ
732 3906 899 3989 γέρων
926 3926 940 3965 :
972 3903 1071 3970 Ὦς
1092 3900 1330 3983 γέροντος
1361 3900 1503 3967 ὄντος
1525 3903 1617 3958 τοῦ
1650 3896 1866 3957 οἰκέτου.

314 4016 442 4065 Vici.

385 4110 504 4151 1303.
551 4087 623 4167 (οἱ
645 4082 765 4166 περὶ
789 4079 1059 4165 Φρύνιχον
1083 4099 1096 4139 :
1121 4080 1245 4138 Τῶν
1268 4075 1507 4136 κολάκων
1532 4072 1594 4133 ἂν
1615 4071 1696 4145 εἴη
1720 4071 1870 4153 Φρύ-

304 4203 444 4260 νιχος
479 4181 508 4236 6
532 4173 770 4246 ποιητής.
808 4175 837 4230 6
866 4167 921 4228 δὲ
963 4164 1259 4246 Σύμμαχός
1294 4186 1474 4245 φησιν,
1516 4163 1870 4241 εὐλογώτατον

227 4296 279 4333 ⁴5
307 4267 369 4328 ἂν
391 4266 472 4339 εἴη
495 4264 584 4324 τὸν
607 4259 852 4344 τραγικὸν
876 4254 1159 4337 ὑποκριτὴν
1179 4251 1491 4333 Φρύνιχον.)

389 4374 509 4415 1300.
555 4349 753 4431 (ὥσπερ
784 4344 1033 4427 καχρύων
1074 4362 1088 4402 :
1111 4339 1330 4421 Ὥσπερ
1357 4340 1474 4406 ὄνος
1498 4341 1687 4419 κριθῶν
1716 4357 1870 4415 κορε-

309 4443 461 4511 σθείς.
494 4473 569 4487 -·-
599 4437 685 4498 ὅτε
711 4435 780 4516 γὰ
838 4433 1193 4515 κορέννυνται,
1219 4429 1419 4506 μᾶλλον
1453 4429 1752 4507 σκιρτῶσιν.
1786 4427 1870 4502 V.)

393 4552 510 4592 1³09.
559 4527 747 4607 (ἔοικας
832 4519 1104 4603 πρεσὸῧτα
1131 4537 1144 4579 :
1175 4514 1404 4593 Δίδυμός
1433 4537 1589 4597 φησιν
1617 4512 1697 4571 ὅτι
1721 4512 1872 4570 ἀδια·

310 4619 471 4692 νόητα
499 4613 733 4677 σκώπτει
785 4613 1001 4669 νταῦθα.
1027 4606 1086 4666 τὸ
1115 4602 1169 4664 δὲ
1192 4601 1344 4685 τρυγ(
1380 4605 1451 4668 ὡς
1486 4598 1614 4680 πρὸς
1640 4622 1872 4681 γεγηρα-

233 4730 286 4769 55>
312 4708 441 4769 κότα
461 4703 641 4783 λέγει.)

395 4815 513 4855 1310.
561 4785 804 4870 (κλητῆρί
835 4785 879 4845 τ’
907 4804 922 4846 :
949 4779 1052 4844 Διὰ
1075 4779 1137 4839 τὸ
1174 4774 1548 4861 φιλοδικαστὴν
1586 4765 1752 4852 εἶναι,
1782 4773 1873 4833 καὶ

311 4885 391 4946 ὅτι
417 4888 486 4951 ὣς
513 4878 705 4940 ἐπίπαν
726 4873 972 4955 γέροντας
992 4866 1400 4949 παρελάμὸανον
1425 4866 1708 4944 κλητῆρας.
1733 4865 1794 4921 τὸ
1819 4859 1874 4921 δὲ

310 4970 493 5035 λοιπὸν
528 4966 739 5032 παιδιᾶς
779 4962 969 5032 ἕνεκεν,
1005 4955 1042 5028 ἢ
1079 4954 1225 5015 οὐδὲν
1251 4952 1381 5035 πρὸς
1417 4951 1564 5024 ἔπος,
1599 4948 1745 5032 παρὰ
1776 4948 1872 5022 τὴν

311 5055 623 5143 παροιμίαν,
648 5052 760 5120 ὄνος
783 5051 856 5117 εἷς
883 5048 1131 5128 ἀχυρῶνα
1158 5041 1379 5123 ἀπέδρα.
1403 5045 1434 5100 6
1455 5037 1512 5099 δὲ
1536 5036 1727 5120 ἀχυρὸς
1746 5036 1873 5119 παρ’

2027 773 2150 812 1313.
2184 750 2255 812 τὰ
2293 754 2412 833 θρῖα
2451 760 2541 813 τοῦ
2586 754 2834 835 τρίὸωνος
2876 777 2891 817 t
2938 757 3094 818 Ἐπεὶ
3134 758 3292 818 ἐνίοτε
3332 757 3510 843 ὥσπερ
3537 792 3565 831 ⁸

1944 837 2114 919 φύλλα
2133 839 2546 918 ἐμποικίλλουσι.
2580 841 2826 911 Σθένελος
2854 842 2908 902 δὲ
2930 845 3174 926 τραγικὸς
3189 891 3205 924 ,
3233 846 3286 914 ὃς
3307 846 3393 905 διὰ
3414 871 3509 906 πε-

1944 926 2059 986 νίαν
2096 925 2193 998 τὴν
2220 928 2473 1007 τραγικὴν
2503 928 2728 990 ἀπέδοτο
2765 930 2957 1003 σκευὴν
2986 937 3160 1000 κακῶς
3185 934 3428 1014 πράττων
3458 937 3512 993 ἐν

1945 1017 2011 1094 τῇ
2037 1013 2218 1094 τέχνῃ.
2251 1016 2391 1096 (περὶ
2418 1014 2601 1076 τούτου
2623 1016 2918 1098 γέγραπται
2948 1022 3001 1078 ἐν
3036 1021 3347 1101 Γηρυτάδῃ·
3373 1048 3396 1074 α
3421 1022 3513 1081 καὶ

1946 1128 1970 1152 ι
2004 1104 2117 1168 πῶς
2140 1100 2244 1180 ἐγὼ
2275 1103 2527 1162 Σθενέλου
2557 1103 2772 1185 φάγοιμ’
2802 1104 2867 1164 ἀν
2906 1106 3149 1188 ῥήματα;
3178 1111 3247 1176 εἰς
3273 1109 3383 1178 ὄξος
3411 1112 3510 1188 ἐμ-

1947 1214 1969 1238 n
2007 1187 2363 1266 δαπτόμενος,
2391 1188 2427 1261 ἢ
2466 1189 2645 1269 ξηροὺς
2684 1191 2833 1260 ἅλας.
2874 1220 2898 1245 υ
2936 1227 3004 1236 -
3031 1195 3258 1255 Πλάτων
3290 1199 3513 1264 Σκευαῖς
3545 1223 3593 1263 m

1948 1301 1971 1325 ιι
2005 1273 2138 1356 ἅψαι
2169 1273 2328 1354 μόνον
2357 1279 2453 1336 οὐκ
2479 1276 2543 1335 ἂν
2573 1277 2720 1359 ἄκρῳ
2748 1284 2814 1360 effi
2843 1281 3113 1364 μορσίμῳ,
3151 1280 3237 1341 ἵνα
3282 1306 3374 1343 σου
3400 1309 3514 1344 πα·-

1948 1389 1971 1414 a
2006 1362 2153 1434 τήσω
2179 1363 2270 1423 τὸν
2309 1363 2562 1425 Σθένελον
2603 1366 2731 1444 μάλ’
2760 1368 2966 1429 αὐτίκα.
3007 1396 3031 1421 υ
3068 1375 3131 1422 V·
3172 1402 3242 1411 —
3282 1364 3429 1439 οὗτος
3466 1372 3512 1431 δ’

1947 1447 2178 1509 ἐλαύνων
2215 1451 2304 1512 ἐπὶ
2340 1460 2448 1520 τοῖς
2482 1451 2710 1533 τείχεσιν
2748 1452 3129 1533 ἐνδεικνύμενος
3164 1458 3509 1538 διεχλεύαζεν.

1950 1537 2345 1621 διακεκαρμένῳ
2369 1537 2426 1598 δὲ
2454 1539 2807 1621 ἀφῃρημένῳ,
2827 1541 3150 1612 πωλήσαντι.
3184 1544 3514 1621 διεμύλλαινε

1949 1624 2005 1684 δὲ
2029 1627 2145 1685 ἀντὶ
2170 1633 2261 1686 τοῦ
2288 1627 2638 1708 ’ὑπερηφάνως
2662 1625 2731 1686 τὰ
2751 1628 2913 1707 χείλη
2941 1628 3237 1712 διέστρεφεν
3261 1637 3330 1699 ὡς
3353 1634 3515 1713 χλευ-
3545 1663 3595 1704 η

1951 1711 2091 1782 άζων
2116 1712 2207 1772 καὶ
2232 1713 2307 1791 μὴ
2332 1714 2507 1785 ἡσθεὶς
2532 1717 2609 1794 τῷ
2637 1712 2982 1797 λελεγμένῳ.)
3666 1711 3690 1723 “

2033 1819 2154 1862 1317.
2198 1802 2288 1860 ἐπὶ
2310 1805 2386 1883 τῷ
2409 1810 2580 1883 κομᾷς
2609 1821 2624 1863 :
2655 1800 2812 1862 Ἐπεὶ
2839 1802 3075 1883 κομήτης
3101 1809 3131 1865 6
3154 1804 3510 1889 Θούφραστος.

1951 1883 2067 1946 ἔστι
2089 1886 2255 1947 δὲκαὶ
2282 1892 2386 1948 τῶν
2416 1888 2680 1950 κολάκων.
2714 1887 2769 1969 (ἢ
2793 1888 2934 1969 μέγα
2959 1900 3178 1975 φρονεῖς.
3206 1897 3260 1953 ἐν
3284 1892 3517 1977 μέρειδὶ,

1952 1977 2069 2034 καθ’
2100 1973 2360 2055 ἕκαστον.)

2035 2082 2157 2123 1331.
2202 2060 2369 2142 (οὐδὲν
2403 2063 2606 2131 εἰκότας
2654 2062 2871 2127 εθῦδὲν
2909 2065 3230 2149 ἁρμόζοντας
3263 2071 3340 2149 τῷ
3370 2069 3513 2152 πρά·
3543 2093 3598 2134 20

1951 2150 2159 2230 γματι.)

2040 2256 2159 2298 1334.
2202 2237 2283 2297 ὁδὶ
2317 2235 2371 2297 δὲ
2402 2237 2465 2310 δὴ
2496 2238 2857 2320 σφαλλόμενος
2887 2261 2902 2302 t
2943 2240 3260 2321 Κινούμενος
3292 2243 3394 2304 ὑπὸ
3423 2246 3517 2323 μέ-

1954 2329 2065 2396 οης.

2037 2432 2154 2472 1326.
2182 2413 2365 2492 ἄνεχε,
2389 2414 2592 2494 πάρεχε
2625 2437 2641 2476 :
2673 2414 2846 2492 (Μετὰ
2874 2414 3172 2492 λαμπάδων
3197 2416 3406 2498 ἔρχεται
3430 2418 3520 2478 καὶ

1956 2499 2091 2578 μετὰ
2125 2501 2460 2581 αὐλητρίδος,
2486 2503 2793 2570 ἀποστάσας
2814 2501 2975 2574 αὐτὴν
3002 2505 3061 2562 ἐκ
3082 2509 3174 2562 τοῦ
3201 2506 3509 2581 συμποσίου.
3540 2534 3598 2574 25

1954 2591 1982 2646 6
2010 2586 2066 2646 δὲ
2088 2594 2205 2656 νοῦς
2223 2587 2370 2669 παρὰ
2386 2587 2484 2661 τὴν
2503 2593 2556 2648 ἐν
2577 2588 2799 2670 Τρῳάσι
2819 2590 2944 2668 [300]
2967 2590 3280 2673 Κασάνδραν
3301 2620 3325 2644 α
3347 2592 3520 2673 ἄνεχε,

1955 2675 2186 2757 πάρεχε,
2233 2680 2340 2758 φῶς
2385 2676 2556 2759 φέρω,
2607 2677 2775 2749 σε’ὅω,
2823 2676 3015 2758 φλέγω.
3063 2703 3089 2730 ν
3133 2676 3270 2736 οὕτω
3312 2677 3519 2747 πάντες.

1954 2761 2096 2841 ὅμως
2137 2767 2340 2845 ὑστερεῖ
2374 2767 2407 2835 ἡ
2440 2768 2545 2822 τῶν
2584 2764 2853 2845 Τρῳάδων
2884 2764 3095 2832 κάθεσις
3132 2765 3301 2825 ἐτεσιν
3343 2764 3516 2845 ἑπτά.)

1955 2886 2024 2895 -
2053 2852 2113 2909 ἐκ
2136 2850 2411 2931 Τροιάδων
2442 2850 2750 2934 Εὐριπίδου.
2781 2851 3069 2935 Κασάνδρα
3112 2853 3268 2935 φησὶν
3315 2882 3340 2908 ι
3365 2853 3518 2934 ἄνεχε

1955 2935 2185 3017 πάρεχε,
2214 2940 2324 3019 φῶς
2354 2937 2523 3019 φέρω,
2548 2938 2748 3019 φλέγω,
2774 2938 2935 2999 σέὸω.
2965 2967 2990 2990 υ
3021 2959 3078 3000 Β.
3545 2964 3599 3004 30

2040 3044 2156 3085 1323.
2179 3024 2686 3101 (ἐπακολουθούντων
2709 3025 2825 3104 ἐμοί
2846 3046 2861 3086 :
2885 3026 3232 3087 Ἠκολούθουν
3252 3025 3356 3110 γὰρ
3376 3029 3520 3108 αὐτῷ

1953 3134 2085 3178 τινες
2101 3116 2206 3171 τῶν
2226 3112 2520 3195 τυφθέντων
2540 3115 2629 3172 ὑπ’
2651 3114 2847 3192 αὐτοῦ.)

2038 3220 2158 3263 1330.
2219 3203 2282 3279 (εἰ
2323 3201 2398 3279 μὴ
2442 3200 2711 3283 ’ρρήσεσθε
2759 3221 2774 3263 :
2819 3204 2863 3261 εἰ
2908 3201 2982 3279 μὴ
3027 3202 3418 3283 ἀναχωρήσετε.
3457 3205 3519 3265 τὸ

1955 3288 2092 3363 ὑμᾶς
2119 3285 2175 3345 δὲ
2210 3287 2340 3369 πρὸς
2376 3286 2434 3345 τὸ
2468 3289 2740 3368 φρυκτούς.
2778 3288 2840 3348 τδ
2867 3289 2921 3348 δὲ
2950 3282 3057 3349 οἶον
3097 3290 3211 3350 ἀντὶ
3246 3296 3339 3351 τοῦ
3377 3291 3515 3359 οἵως.

1955 3373 2016 3431 τὸ
2044 3372 2100 3431 δὲ
2129 3373 2269 3446 ἑξῆς,
2286 3372 2405 3441 οἵως
2432 3378 2568 3451 buz<
2593 3378 2663 3442 ὡς
2687 3376 2891 3455 ἰχθύδια
2911 3376 3250 3458 πεφρυγμένα
3277 3383 3344 3458 τῇ
3380 3379 3519 3438 δαΐδι
3544 3406 3598 3446 85

1955 3460 2209 3542 φρυκτοὺς
2250 3460 2495 3520 σκευάσω
2531 3462 2786 3534 ὀπτήσας.
2827 3463 3306 3543 προσκαλούμενοι,
3346 3468 3417 3533 εἰς
3456 3466 3517 3525 τὸ

1957 3548 2289 3630 δικαστήριον
2310 3548 2590 3627 δηλονότι.)

2039 3655 2159 3697 1335.
2207 3638 2279 3714 (ἷῆ
2308 3639 2385 3695 ἰεῦ
2415 3656 2430 3696 2
2463 3636 2827 3697 Χλευαστικὸν
2858 3634 3127 3719 ἐπίρρημα
3155 3641 3327 3700 τοῦτο.
3360 3662 3521 3698 κατα-

1957 3732 2131 3804 φρονεῖ
2149 3724 2330 3783 λοιπὸν
2355 3725 2446 3783 καὶ
2465 3729 2570 3783 τῶν
2594 3726 2906 3782 δικαστικῶν
2928 3723 3199 3805 ῥημάτων.
3222 3723 3397 3808 τὸγὰρ
3421 3750 3520 3786 κα-

1956 3808 2200 3888 λούμενοι
2223 3810 2569 3891 ἀπορρίπτει.)
2939 3836 2952 3845 ·
3543 3841 3597 3884 ⁴⁰

2041 3918 2160 3958 1330.
2206 3897 2392 3976 (βάλλε
2425 3896 2625 3977 κημούς
2659 3917 2673 3958 :
2717 3896 2892 3959 Βάλλε
2933 3900 2983 3965 ἐς
3010 3895 3239 3980 κόρακας
3268 3897 3335 3958 τὰ
3369 3900 3517 3959 δικα-

1959 3984 2114 4044 στικὰ
2141 3983 2341 4062 σκεύη.)

2042 4092 2162 4134 1341.
2207 4071 2457 4131 ἀνάὸαινε
2483 4074 2634 4154 δεῦρο
2661 4092 2674 4133 :
2699 4071 2926 4151 Ἑταίρα
2950 4096 3026 4141 τις
3055 4074 3321 4145 ἠκολούθει
3349 4076 3519 4156 αὐτῷ,

1958 4161 2023 4234 ἣν
2049 4159 2237 4239 ἔλαχεν
2274 4162 2332 4219 ἐκ
2367 4166 2457 4220 τοῦ
2496 4160 2818 4237 συμποσίου,
2865 4153 2903 4240 ᾗ
2929 4161 3020 4219 καὶ
3065 4160 3390 4242 προσὸάλλει
3429 4161 3519 4221 καὶ

1958 4258 2145 4328 πειρᾶν
2169 4247 2409 4328 ἄρχεται.
3545 4274 3600 4314 ιιι

2037 4335 2549 4416 χρυσομηλολόνθιον
2592 4355 2607 4395 :
2649 4333 2781 4395 Ἐπί
2816 4356 2952 4401 τινος
2989 4334 3253 4416 μετεώρου
3288 4340 3316 4395 6
3355 4334 3520 4418 γέρων

1959 4422 2187 4505 ἐφεστὼς
2226 4424 2604 4505 προσκαλεῖται
2646 4422 3113 4503 προσκοριζόμενος
3152 4421 3247 4494 τὴν
3288 4422 3518 4503 ἑταίραν.

1956 4513 2466 4591 χρυσομηλολόνθιον
2488 4509 2542 4570 δὲ
2566 4509 2787 4592 ζωύφιόν
2810 4513 2922 4569 ἐστι
2945 4510 3083 4570 κατὰ
3109 4511 3385 4589 κάνθαρον,
3412 4510 3524 4580 ξαν·

1959 4601 2074 4672 θὸν,
2103 4600 2133 4659 ὃ
2171 4599 2262 4659 καὶ
2297 4598 2607 4679 κατέχοντες
2648 4601 2697 4657 οἱ
2740 4598 2925 4664 παῖδες
2964 4597 3301 4676 δεσμεύουσιν
3342 4600 3404 4656 ἐκ
3430 4604 3521 4658 τοῦ

1958 4687 2116 4756 ποδὸς
2141 4687 2232 4746 καὶ
2273 4690 2460 4768 ἀφιᾶσι
2498 4685 2656 4768 [πρὸς
2691 4686 2780 4743 τὸν
2814 4683 2994 4765 ἀέρα].
3121 4682 3355 4762 (Ἄλλως.
3397 4685 3525 4766 πρὸς
3551 4704 3604 4746 οο

1959 4773 2055 4847 τὴν
2084 4773 2294 4857 ἑταίραν
2318 4778 2346 4833 6
2372 4773 2564 4855 γέρων,
2591 4771 2741 4851 παρὰ
2768 4770 2829 4830 τὸ
2849 4769 3185 4849 μηλολόνθιον
3212 4769 3523 4852 χρυσίζοντα

1962 4861 2099 4943 ἔχειν
2136 4860 2204 4920 τὰ
2234 4860 2422 4942 πτερά.
2452 4862 2512 4920 οὗ
2549 4858 2652 4939 γὰρ
2679 4849 2827 4936 οἶμαι
2862 4858 2921 4917 τὸ
2956 4881 2995 4937 χ
3000 4856 3293 4939 ρυσόμηλον
3329 4858 3525 4940 γνωρί-

1962 4953 2137 5020 ζεσθαι
2155 4994 2174 5027 ,
2196 4951 2243 5008 εἰ
2271 4947 2326 5008 δὲ
2351 4945 2455 5027 μὴ,
2478 4944 2718 5005 σύνθετον
2739 4944 2804 5003 ἂν
2828 4943 2908 5016 εἴη
2938 4947 2998 5004 ἐκ
3023 4944 3264 5025 τούτων.)

2047 5055 2168 5096 1343.
2212 5034 2444 5116 σχοινίου
2472 5054 2488 5095 t
2525 5032 2699 5112 (Ἴσως
2717 5038 2809 5092 τοῦ
2828 5030 2998 5098 πέους.
3021 5030 3197 5101 παίζει
3217 5032 3293 5093 δέ.
3324 5032 3527 5113 σαπρὸν
