3859 5725
450 256 564 309 5⁷⁴

1581 243 2033 305 ADNOTATIO
2075 242 2160 303 ΙΝ
2200 243 2467 305 Senot..

525 380 673 453 601,
696 389 771 449 40
797 380 985 440 Ταῦτα
1020 386 1140 437 om'.
1183 382 1255 435 R.
1299 373 1468 434 ταῦτά
1508 397 1666 455 φασιν
1709 375 1836 432 AJd.
1877 371 1963 432 διὶ
2061 379 2243 448 vides,
2267 400 2341 440 ex
2365 379 2787 440 recentioribus
2814 380 3237 458 grammaticis,
3271 378 3606 457 prasertim

446 468 589 539 Τηλ.
621 470 690 530 Θ.
724 494 748 520 ιι
783 473 933 541 Eme,
956 455 1037 526 ’Ὦ
1061 463 1213 530 πόλις
1230 461 1475 544 Ἄργους,
1497 460 1673 521 κλύεθ’
1699 452 1785 521 οἷα
1806 460 1969 538 λέγει,
2058 470 2466 548 Moschopulo,
2508 481 2779 546 congaeta
2815 470 2952 528 satis
2996 470 3185 527 alieno
3223 468 3359 526 loco
3402 464 3606 524 incul-

447 558 818 635 reperiuntur
841 556 1037 615 itidem
1064 555 1122 611 in
1159 553 1355 630 Equit.
1399 571 1454 608 v.
1488 552 1602 608 810
1620 594 1637 623 ,
1665 549 1767 608 ubi
1800 551 1973 608 scho-
2058 570 2282 616 cantur.
2312 558 2486 637 Apud
2512 558 2817 634 synesium
2844 562 2952 635 Ep.
2973 567 3039 631 4,
3065 577 3121 635 p.
3161 558 3264 614 161
3289 598 3306 626 ‚
3334 560 3422 625 D,
3455 552 3602 629 ἄγειν

447 646 637 705 liastes
670 647 938 706 observat
964 655 1209 702 sumtam
1233 661 1354 700 esse
1379 652 1600 718 partem
1624 640 1875 718 priorem
1898 661 1972 698 ex
2057 656 2143 702 est
2162 645 2460 720 celebrare,
2479 645 2796 715 observare,
2823 658 2886 703 ut
2909 646 2967 703 in
2997 644 3139 721 ἄγειν
3160 642 3372 720 ἑορτήν.
3395 641 3604 700 Paullo

446 735 745 812 Euripidis
772 732 1065 810 Telephe,
1099 749 1171 787 ex
1202 728 1403 786 Medea
1434 727 1810 804 posteriorem
1841 749 1855 785 ι
1883 725 1967 784 id-

444 840 560 897 que
594 841 827 898 verum;
874 830 1100 877 exstant
1142 817 1293 874 enim
1340 816 1400 874 iu
1434 814 1542 873 hac
1597 814 1863 891 tragoedia
1907 835 1964 872 v.

452 909 584 984 168,
626 907 797 968 κλύεθ’
825 898 910 966 οἶα
958 904 1132 982 λέγει,
1184 905 1476 983 pauloque
1521 916 1653 960 ante
1698 903 1971 981 praecedit

444 996 615 1053 etiam
635 1040 651 1067 ,
676 989 721 1055 ὦ
743 994 911 1061 πόλις.
944 995 1169 1053 Idcirco
1198 992 1355 1070 quod
1386 992 1478 1049 hic
1506 990 1706 1053 scribit
1730 1011 1968 1049 enarra-—

446 1095 537 1140 tor
564 1098 792 1154 noster,
818 1102 1048 1141 versum
1078 1082 1242 1139 illum
1267 1080 1326 1138 in
1357 1079 1667 1139 Phoenissis
1706 1078 1905 1136 haberi
1936 1098 1968 1136 a

442 1171 714 1246 Polynice
753 1171 1228 1250 pronunciatum,
1271 1167 1524 1245 effugere
1569 1186 1684 1225 non
1732 1179 1925 1244 potest
1952 1212 1969 1240 ,

442 1263 583 1338 quin
607 1262 729 1339 ejus
760 1262 988 1339 culpam
1015 1261 1075 1318 in
1099 1259 1387 1318 memoriae
1410 1259 1613 1316 malam
1641 1257 1811 1315 fidem
1840 1257 1970 1335 reji-

441 1350 594 1407 ciat:
632 1352 894 1428 quamvis
922 1349 1109 1407 simile
1133 1348 1429 1426 quidpiam
1460 1347 1672 1404 offerre
1706 1365 1820 1403 non
1855 1366 1965 1404 ne-

434 1456 566 1515 gem
611 1459 668 1499 v,
705 1440 844 1510 608,
889 1440 1002 1507 614
1028 1481 1046 1508 ,
1084 1438 1222 1495 616.
1256 1462 1281 1489 ι
1332 1440 1554 1495 Hensr.
1590 1466 1656 1478 —-
1688 1443 1753 1501 41
1785 1455 1868 1511 sq.
1907 1434 1970 1492 ἐκ

442 1523 1064 1604 Φοινισσῶν-λέγοντος
1084 1536 1143 1581 01
1168 1525 1240 1592 43
1268 1543 1352 1601 sq.
1385 1519 1967 1593 διαὸἄλλει-πένητας

437 1631 554 1669 0111.
584 1615 659 1672 Θ.

518 1701 634 1757 602
654 1743 671 1772 ,
705 1702 779 1770 48
808 1696 1177 1771 συνδιαιτητὴν
1203 1703 1273 1755 V.
1304 1697 1380 1757 Θ.
1414 1709 1474 1755 et
1514 1695 1720 1756 Suidas
1742 1717 1787 1753 s.
1812 1694 1965 1754 Ξύσ-

439 1808 581 1854 σιτος
620 1800 678 1845 01
711 1785 983 1852 Σύσσιτος.
1028 1783 1302 1857 διαιτητὴν
1350 1788 1422 1844 R.
1468 1784 1598 1844 Ald.
1646 1786 1858 1866 ζωγρῶν
1896 1789 1963 1845 V.

438 1893 548 1952 pro
575 1873 857 1956 ζωγράφος.
882 1909 944 1922 -
972 1882 1048 1950 49
1075 1872 1148 1933 ὧν
1174 1893 1288 1932 0111.
1311 1877 1379 1931 G.
1403 1908 1465 1919 -
1485 1873 1552 1930 51
1583 1893 1669 1952 sq.
1697 1876 1856 1955 ζωγρ.
1887 1873 1964 1932 ὢν

437 1975 496 2019 01
517 1960 606 2020 τὸν
636 1962 725 2021 σόν
760 1982 876 2020 0111.
912 1966 1099 2019 Dorv.

518 2050 628 2118 604
658 2049 913 2107 scholion
938 2051 1012 2105 V.
1048 2045 1337 2127 reperitur
1363 2046 1423 2102 in
1445 2044 1681 2104 scholiis
1707 2044 1780 2103 ad
1805 2044 1962 2106 Nub.

444 2138 570 2195 133.
594 2174 658 2186 —
686 2158 715 2208 7
742 2135 1099 2211 Παγασιτικὸν
1127 2133 1330 2193 codex.

517 2227 654 2297 605,
692 2224 758 2281 15
788 2226 898 2282 Ποῦ
928 2244 1044 2283 om.
1075 2224 1145 2284 Θ.

515 2312 651 2382 606,
686 2313 752 2366 18
774 2330 856 2386 sq.
889 2307 1236 2387 ὃν-λίγουσι
1262 2329 1375 2366 0111.
1397 2309 1569 2368 etiam
1593 2309 1665 2369 Θ.
1682 2343 1746 2357 -
1772 2328 1841 2384 19
1863 2330 1964 2365 κυ-

434 2400 581 2479 φῶνα
609 2396 776 2474 ὄνομα
805 2394 980 2476 κύριον
1006 2402 1077 2457 R.
1109 2397 1321 2454 omisso
1353 2418 1500 2477 φασι.
1534 2432 1598 2444 -
1632 2415 1707 2453 20
1730 2396 1965 2452 οἰ-κα-

432 2484 681 2561 λούμενον
707 2506 819 2543 om.
841 2485 1013 2543 etiam
1052 2488 1203 2544 6.-
1236 2504 1310 2541 22
1349 2487 1563 2565 κυφῶνα
1607 2497 1762 2543 recte
1792 2488 1962 2559 Reg,

435 2574 510 2630 23
532 2571 817 2652 γράφουσιν
837 2572 1009 2630 idem.
1033 2574 1081 2631 οἱ
1104 2570 1559 2647 δὲ-χαλούμενον
1579 2572 1756 2632 habet
1783 2577 1963 2634 Dorv.

432 2696 493 2710 —
520 2663 592 2718 25
624 2659 704 2719 Τὸ
727 2658 782 2719 δὲ
800 2661 860 2719 οὐ
887 2659 1127 2738 μέλλειν,
1157 2657 1275 2718 ἀλλ’
1299 2661 1357 2718 οὗ
1382 2659 1488 2740 χρή
1516 2666 1589 2719 V.

430 2810 437 2815 ‚
511 2750 649 2820 607,
674 2751 746 2807 28
774 2747 910 2807 ’Am-¹2
934 2753 1027 2807 τοῦ
1051 2745 1222 2807 ἀνύειν
1239 2770 1254 2786 ·
1274 2750 1453 2807 πλεον.
1479 2754 1551 2806 V.
1578 2746 1677 2828 γὰρ
1708 2756 1774 2810 R.
1807 2749 1860 2809 δὲ
1890 2760 1961 2812 V.

431 2838 505 2899 Θ.
529 2875 591 2887 --
612 2858 688 2915 29
715 2856 798 2915 sq.
829 2835 920 2897 >ted
950 2835 1088 2896 ἀνύω
1105 2842 1323 2897 Hemst.
1348 2834 1489 2896 ἀνύω
1511 2836 1600 2896 καὶ
1625 2841 1766 2915 neg.
1793 2844 1826 2898 J
1833 2851 1959 2900 unt.

430 2957 507 2971 -
540 2926 614 2982 32
649 2922 918 3002 συντόμως
945 2925 1120 2983 Paris.

511 3012 643 3085 608,
676 3015 745 3080 34
775 3010 832 3071 δέ
859 3032 975 3071 0111.
997 3012 1067 3072 Θ.

510 3105 646 3175 610,
680 3104 752 3160 38
772 3125 831 3161 σε
851 3101 1108 3159 additum
1136 3123 1206 3159 ex
1230 3107 1390 3159 V.—.
1417 3103 1492 3177 39
1519 3099 1624 3160 ἔθει
1646 3107 1716 3161 R.

512 3195 654 3265 612,
687 3193 758 3260 43
789 3190 849 3249 τὸ
875 3189 1138 3248 additum
1175 3211 1245 3249 ex
1274 3195 1343 3251 R.
1364 3234 1427 3244 ..-
1449 3200 1520 3262 44
1557 3190 1726 3251 >siam
1766 3197 1831 3250 V.
1859 3190 1955 3251 λέ-

431 3301 540 3358 γειν
561 3285 630 3338 R.
650 3279 720 3339 Θ.
742 3279 872 3336 Ald.
895 3276 1012 3335 ἀλλ’
1041 3290 1100 3336 et
1130 3278 1204 3346 45
1228 3277 1288 3337 τὸ
1309 3282 1496 3357 σχῆμα
1520 3299 1635 3337 0111.
1661 3282 1732 3339 Θ.

513 3368 651 3438 616,
684 3368 755 3425 53
785 3365 900 3424 ἀντὶ
921 3370 1012 3424 τοῦ
1045 3365 1264 3447 ἀνθηρὸς
1292 3372 1360 3424 R.
1385 3365 1603 3446 λιπαρὸς
1631 3367 1847 3447 ἀνθηρὸς
1875 3370 1950 3428 Θ.

431 3454 537 3515 ἀπὸ
567 3461 658 3513 τοῦ
686 3453 860 3514 ἐλαίου
899 3453 1121 3536 λιπαρὸν
1154 3454 1371 3534 ἀνθηρὸν
1400 3460 1468 3513 V.
1488 3493 1552 3505 -
1586 3456 1657 3523 54
1689 3460 1719 3513 ὃ
1755 3457 1959 3533 ληλιμ-

433 3542 585 3622 μένος
608 3548 679 3602 R.
710 3581 789 3593 --
815 3553 847 3611 4
873 3544 1271 3619 ἐπιπωματικοῧ
1309 3547 1611 3600 Kusterus.
1638 3544 1957 3618 ἑπιπτωμα-

430 3636 579 3688 τικοῧ
606 3636 638 3686 J
643 3643 763 3688 unt.
792 3635 891 3688 Est
921 3644 1109 3689 autem
1137 3629 1310 3690 ἔλαιον
1337 3629 1735 3707 ἐπιπωματικὸν
1755 3675 1771 3702 ,
1819 3632 1957 3708 quia

429 3719 547 3776 vim
578 3716 752 3776 habet
779 3719 935 3776 velut
959 3718 1258 3795 operiendi
1286 3731 1457 3794 atque
1494 3717 1830 3776 occludendi
1870 3732 1954 3777 te-

431 3825 571 3864 nues
597 3805 859 3883 corporis
888 3818 1127 3878 meatus,
1148 3825 1221 3863 ne
1245 3806 1333 3863 vel
1368 3805 1634 3864 sudorem
1667 3807 1954 3864 internos-

430 3913 546 3969 que
578 3893 746 3950 simul
776 3892 1015 3971 spiritus
1041 3891 1200 3968 justo
1225 3893 1393 3951 citius
1421 3894 1839 3963 transmittant,
1863 3895 1954 3951 vel

431 3998 619 4040 aerem
647 4000 712 4037 ac
737 3980 914 4056 frigus
943 3978 1296 4036 extrinsecus
1337 3979 1600 4038 hauriant
1633 3999 1647 4035 :
1678 3998 1849 4055 quam
1877 3980 1955 4038 ob

434 4087 551 4126 rem
586 4067 772 4125 oleum
801 4086 836 4125 a
865 4064 1206 4124 Dioscoride
1227 4065 1461 4146 ,dicitur
1497 4087 1513 4121 1
1546 4108 1565 4137 ,
1605 4066 1713 4137 30,
1753 4065 1955 4124 δυσπε-

433 4154 676 4236 ρίψυκτον
702 4152 981 4236 φυλάσσειν
1011 4149 1070 4210 τὸ
1093 4155 1271 4227 σῶμα.
1304 4158 1391 4210 De
1418 4166 1660 4230 utraque
1680 4154 1789 4211 olei
1820 4154 1957 4212 dote

431 4243 609 4300 multa
636 4242 892 4320 disputat
916 4240 1148 4298 Lucian.
1175 4240 1235 4296 in
1270 4241 1598 4298 Anacharsi.
1624 4245 1843 4300 litus-r.
1868 4240 1956 4301 ἵνα

431 4328 612 4401 ἐπειδὴ
648 4332 696 4388 οἱ
724 4334 816 4388 τοῦ
840 4328 1084 4407 σώματος
1108 4325 1260 4408 πόροι
1286 4327 1469 4400 ἄδηλοι
1497 4333 1561 4407 τῇ
1595 4326 1759 4409 θέρμῃ
1782 4330 1955 4400 ἠνεῴ-

429 4424 634 4498 χθησαν
659 4463 674 4490 ,
714 4416 816 4475 ὑπὸ
845 4422 938 4475 τοῦ
974 4415 1151 4474 ἐλαίου
1194 4414 1572 4497 (ἐμφραγέντις
1602 4416 1763 4475 addit
1791 4416 1955 4496 Reg.)

429 4508 732 4565 κλεισθῶσιν
769 4505 877 4579 (χλ.
908 4505 1336 4579 ἐπιπτωματικοῧ
1363 4502 1508 4569 ὄντος
1547 4505 1712 4582 Reg.)
1756 4501 1847 4563 καὶ
1877 4504 1954 4583 μὴ

431 4592 677 4663 δέξωνται
704 4591 834 4673 ἀέρα
860 4589 1045 4659 ἔξωθεν
1073 4594 1253 4648 Dorv.
1286 4595 1429 4668 Reg.

512 4684 650 4758 619,
680 4683 749 4739 18
776 4678 1076 4760 ἐπιτρίιρθαι
1099 4679 1298 4751 Paris„
1324 4680 1427 4756 qui
1464 4700 1534 4754 ¹9
1553 4700 1636 4759 sq.
1660 4680 1956 4760 ἐπείπερ-

432 4770 788 4850 καταπαρδεῖν
814 4787 928 4826 0111.
954 4772 1027 4826 R.
1057 4780 1190 4825 ante
1212 4771 1247 4838 ἡ
1273 4766 1390 4835 ἀξία
1415 4767 1588 4827 habet
1613 4767 1790 4852 ὥσπερ
1810 4768 1954 4847 ἔλεγε

435 4856 881 4937 -καταπαρδεὶν,
908 4888 980 4899 -
1005 4874 1079 4912 22
1103 4855 1213 4914 Τὸν
1241 4875 1357 4913 0111.
1384 4856 1564 4917 Paris.

513 4944 619 4999 621
642 4982 658 5011 ,
718 4944 793 5000 26
849 4942 1093 5000 διευθετεῖ
1150 4947 1290 5020 Reg.
1336 4943 1630 5002 Edebatur
1684 4944 1757 5002 δι;
1791 4948 1946 5004 θετεῑ.

430 5054 455 5083 ι
483 5034 626 5103 Quae
652 5029 724 5088 de
746 5030 906 5088 varia
933 5027 1094 5089 verbi
1124 5028 1267 5108 ἄγειν
1300 5027 1716 5108 significatione
1756 5042 1950 5091 notata

2057 745 2190 811 post
2218 735 2486 811 Synesius
2512 755 2526 791 ε
2553 733 2766 812 ἄγουσιν
2792 731 3069 812 ἀπραξίαν.
3096 758 3120 783 ι
3159 736 3391 790 Hans-r.
3424 728 3598 787 Cous.

2057 821 2241 879 schol.
2290 843 2345 881 v.
2386 822 2517 881 285.
2541 857 2622 871 —
2653 823 2727 880 33
2771 818 2972 893 δηλαδή
3000 840 3114 878 0111.
3157 819 3228 879 Θ.
3256 851 3336 860 -
3365 819 3442 874 36
3481 817 3515 872 ὁ
3549 814 3603 874 δὲ

2057 908 2201 975 ἕκτὸς
2226 912 2279 968 ἰν
2308 915 2446 988 Reg.
2487 935 2512 962 α
2543 915 2683 968 Ρ1110
2712 909 3019 986 significari
3063 906 3346 985 templum
3383 909 3598 962 AEscu-

2057 997 2195 1076 lapii
2219 999 2280 1056 in
2295 1003 2529 1058 Piraeeo.
2552 998 2725 1057 Cario
2744 997 2896 1055 enim
2918 1017 2973 1054 v.
2996 996 3112 1053 656
3137 1005 3336 1053 narrat
3360 993 3600 1050 Plutum

2057 1104 2088 1141 a
2115 1105 2177 1144 se
2205 1100 2265 1145 et
2301 1087 2476 1159 hero,
2514 1087 2682 1144 simul
2727 1084 2801 1143 ad
2847 1086 3124 1164 templum
3157 1092 3599 1160 pervenerunt,

2058 1173 2233 1233 fuisse
2259 1175 2332 1234 ad
2362 1195 2517 1242 mare
2549 1174 2787 1232 ductum
2834 1185 2899 1230 ut
2939 1173 3228 1231 lavaretur
3255 1191 3270 1227 :
3302 1189 3339 1227 a
3372 1169 3600 1245 templo

2057 1262 2282 1321 urbano
2303 1264 2532 1340 longior
2552 1263 2750 1321 suisset
2771 1262 2884 1322 via.
2905 1286 2930 1313 a
2981 1265 3325 1320 Boioeoznm.
3355 1258 3421 1314 in
3433 1256 3602 1315 Wol-

2057 1351 2113 1408 fii
2134 1351 2425 1410 Analectis
2453 1352 2509 1424 3,
2534 1370 2593 1428 p.
2625 1352 2719 1408 82.
2748 1348 2810 1409 τὸ
2834 1346 3070 1425 μὲν-τὸ
3100 1345 3155 1404 δὲ
3171 1349 3238 1404 V.
3260 1342 3296 1415 ἢ
3317 1344 3374 1401 ἐν
3398 1343 3602 1423 Ἀχαρ-

2055 1442 2197 1495 νεῦσι
2224 1445 2317 1512 G.‚
2349 1439 2576 1496 omissis
2600 1436 2669 1502 ὥς
2697 1459 2845 1518 φασι.

2137 1526 2273 1599 623,
2304 1534 2378 1594 42
2411 1523 2590 1584 verba
2619 1528 2724 1583 τῶν
2754 1521 3056 1602 ἀναγκαίων
3094 1522 3156 1580 in
3199 1525 3272 1578 V.
3311 1518 3600 1597 praecedit

2053 1615 2159 1671 τῶν
2177 1612 2447 1695 προέργων
2472 1658 2489 1687 ,
2519 1627 2860 1691 corruptum
2888 1632 2920 1669 e
2948 1612 3210 1670 lemmate
3249 1609 3356 1665 τῶν
3385 1604 3600 1688 προῦρ-

2053 1723 2169 1779 γου.
2191 1705 2296 1760 τῶν
2315 1700 2616 1780 ἀναγκαίων
2634 1721 2751 1759 0111.
2775 1705 2868 1772 R„
2890 1700 3144 1776 quiante
3162 1699 3267 1756 τῶν
3289 1694 3598 1754 σπουδαίων

2055 1788 2233 1848 habet
2259 1788 2503 1871 ἀορίστου
2532 1786 2711 1869 ἑτέρου
2737 1786 2970 1867 μετοχή,
2998 1806 3130 1865 quae
3164 1784 3237 1844 ad
3264 1778 3432 1842 ἐλθών
3457 1796 3601 1841 sunt

2053 1876 2365 1937 reserenda.
2393 1879 2579 1938 Dum.

2135 1965 2276 2035 625,
2309 1966 2382 2023 53
2412 1964 2504 2025 καὶ
2532 1964 2646 2032 ἔθος
2672 1960 2813 2022 ἐστὶν
2839 1965 2910 2029 ὣς
2939 1961 3057 2021 ἀντὶ
3082 1963 3159 2022 Θ.

2133 2055 2272 2128 626,
2295 2063 2326 2123 4
2352 2053 2495 2135 παρὰ
2518 2052 2614 2125 τὴν
2637 2053 2738 2125 G.‚
2766 2052 2867 2129 qui
2891 2070 3004 2109 om.
3036 2048 3180 2106 6-25

2129 2143 2270 2213 627,
2305 2141 2372 2198 15
2403 2164 2534 2218 σημ.
2561 2180 2639 2192 -
2666 2141 2738 2198 23
2761 2150 2894 2197 sunt
2927 2140 2984 2196 in
3011 2137 3195 2213 Regio
3216 2177 3234 2204 ,
3263 2134 3497 2191 omissis
3520 2153 3600 2192 20

2053 2247 2138 2305 sq.
2169 2225 2476 2287 ἀλλὰ-χαὶ
2505 2227 2636 2305 ἅμα.
2672 2260 2753 2272 -
2795 2246 2861 2299 17
2889 2222 3260 2303 ἀναὸλίψαιεν.
3294 2219 3600 2280 observat

2053 2321 2357 2390 Kusterus‚
2384 2320 2624 2373 voluisse
2647 2317 2996 2385 scholiasoem
3021 2317 3120 2371 vel
3136 2310 3388 2368 debuine
3404 2311 3600 2366 dicere

2051 2401 2346 2484 ἄναὸλέψαι
2373 2400 2647 2475 ποιήσαιεν
2670 2425 2685 2438 ·
2710 2400 2870 2478 quod
2899 2414 2980 2472 ut,
3009 2402 3058 2459 si
3088 2399 3422 2476 castigatam
3449 2396 3602 2454 scri-

2052 2489 2227 2548 bendi
2253 2489 2436 2566 legem
2464 2501 2726 2568 spectes,
2755 2488 2993 2546 minime
3025 2486 3224 2565 negari
3253 2497 3449 2564 potest
3471 2530 3489 2559 ,
3508 2485 3597 2543 sic

2050 2591 2314 2636 nostrum
2346 2589 2735 2635 enarratorem
2766 2588 2963 2634 tuetur
2988 2595 3126 2633 usus
3162 2573 3593 2646 recentiorum,

2052 2685 2198 2743 quos
2225 2685 2342 2722 non
2378 2665 2565 2742 piguit
2586 2662 2781 2722 verbis
2804 2662 3088 2741 ejusmodi
3119 2660 3339 2718 neutris
3357 2703 3374 2731 ‚
3394 2660 3590 2735 qualia

2051 2765 2183 2813 sunt
2211 2750 2513 2811 ἀναὸαίνειν
2530 2797 2547 2824 ,
2571 2750 2818 2810 ἄναὸιοῧν
2842 2793 2856 2820 ,
2885 2752 3080 2830 ἀναζῇν
3098 2794 3115 2824 ,
3142 2744 3414 2815 ἀναδύειν,
3442 2748 3587 2805 ἀνα-

2049 2840 2263 2902 κύπτειν
2280 2887 2296 2916 ,
2323 2838 2621 2914 ἀνανεύειν,
2647 2838 2949 2899 ἀναθᾶλλειν
2976 2851 3085 2898 etc.
3115 2836 3320 2915 agendi
3344 2835 3465 2895 vim
3497 2836 3592 2893 in·

2050 2930 2245 2989 duere.
2283 2934 2485 3007 Neque
2528 2928 2844 2987 abhorrent
2887 2947 3124 3007 prorsus
3166 2925 3239 2985 ab
3277 2925 3382 2985 illo
3423 2945 3590 2982 more

2050 3032 2305 3090 veteres;
2329 3018 2432 3077 sed
2452 3016 2868 3076 consideratius
2889 3016 2972 3074 illi
2988 3036 3054 3074 ac
3079 3014 3295 3091 majore
3320 3033 3462 3071 cura
3487 3013 3591 3071 lin·

2050 3125 2175 3181 guae
2197 3107 2400 3185 patriae
2423 3106 2678 3163 rationes
2698 3101 3018 3180 exigebant.
3039 3107 3251 3160 Praeter
3267 3102 3412 3159 alios
3429 3101 3592 3159 hunc

2050 3213 2215 3251 usum
2246 3194 2557 3251 illustravit
2588 3198 2677 3250 Jo.
2707 3191 2905 3249 DaviS.
2935 3189 3008 3248 ad
3038 3191 3153 3249 Cic.
3184 3194 3360 3248 Tusc.
3409 3195 3476 3246 D.
3512 3194 3546 3248 3
3569 3233 3588 3260 ,

2053 3286 2084 3341 3
2098 3304 2121 3340 1
2135 3326 2148 3339 .
2165 3284 2267 3340 Vir
2287 3294 2478 3340 tamen
2498 3279 2863 3339 doctissimus
2883 3278 3111 3336 mallem
3140 3276 3430 3335 omisisset
3462 3280 3588 3335 Eu-

2050 3373 2254 3451 ripidis
2277 3373 2609 3451 exemplum
2636 3392 2710 3430 ex
2750 3371 2928 3429 Rhes.
2958 3390 3015 3427 v.
3050 3370 3163 3438 446
3196 3370 3355 3445 (443,
3387 3366 3490 3426 ubi
3521 3387 3584 3425 v.

2049 3460 2260 3538 intt.)...
2303 3467 2570 3519 Attamen
2612 3461 2671 3517 in
2710 3459 3022 3517 scholiasta
3065 3470 3291 3535 poterat
3341 3456 3586 3534 aliquis,

2048 3548 2302 3606 offensus
2325 3546 2628 3606 insolentia
2654 3546 2964 3603 locutionis
3003 3562 3286 3622 nusquam
3318 3541 3484 3614 alibi,
3517 3543 3586 3600 li-

2047 3648 2137 3693 cet
2164 3633 2459 3714 ἀναὸλίψαι
2486 3633 2695 3713 saepius
2726 3645 3020 3702 occurrat,
3061 3631 3136 3688 ab
3170 3650 3240 3688 eo
3284 3631 3369 3687 sic
3397 3651 3584 3688 usur-

2048 3735 2221 3868 ’¹2³3’
2265 3720 2944 3888 ¹⁶3³¹¹cl¹3¹3a⁵⁰39³232i2
2970 3715 3585 3881 &ffffisslssmgjg

2206 3831 2367 3879 ηπιου
2613 3831 2638 3873 ς
2713 3831 2778 3866 να
2948 3830 2991 3865 ιε
3397 3826 3413 3839 ·

2048 3909 2217 3976 pacto
2244 3896 2587 3954 nominativi
2620 3915 2728 3973 pro
2758 3895 3037 3954 absolutis
3064 3891 3384 3971 accipiendi
3411 3904 3585 3964 sunt,

2045 3985 2209 4061 quasi
2238 3984 2520 4061 scriptum
2550 3982 2733 4056 soret,
2771 3980 2983 4041 ἐκείνων
3029 3982 3081 4046 ἐς
3121 3979 3440 4049 Ἀσκληπιοῦ
3485 3979 3586 4038 ἐλ-

2045 4069 2258 4129 θόντων.
2288 4075 2653 4138 Elusa—24
2684 4089 2771 4147 sq.
2792 4067 2862 4129 ‘0
2881 4062 3584 4148 θεράπων-ἀναόλέψαντα

2046 4172 2178 4235 post
2216 4155 2374 4236 τιμὰς
2413 4157 2628 4237 νέμουσι
2654 4158 2820 4235 ponit
2853 4161 2944 4229 R„
2992 4157 3265 4214 omittunt
3295 4158 3363 4211 V.
3392 4155 3469 4214 Θ.
3499 4186 3586 4201 ·—-

2050 4246 2121 4300 25
2181 4244 2525 4324 ἀπαγγέλλων
2577 4245 2710 4304 Ald.
2759 4246 2969 4316 Θησεῖα
3022 4241 3176 4325 ἑορτὴ
3225 4241 3462 4318 ἀγομένη
3521 4242 3580 4300 ἐν

2046 4325 2279 4402 Ἀθήναις
2300 4378 2317 4407 ,
2340 4326 2450 4414 ἕνῇ
2473 4332 2620 4413 ἄρτοι
2649 4329 2784 4397 τινὲς
2806 4329 3068 4406 δίδονται,
3100 4328 3160 4396 ἃς
3194 4330 3413 4388 καλοῦσι
3473 4352 3581 4406 μυ-

2045 4417 2244 4494 στίλας,
2269 4419 2574 4498 ἑστιώμενοι
2595 4417 2742 4501 παρά
2763 4441 2886 4477 τισι.
2913 4418 3112 4497 γίνεται
3139 4415 3195 4476 δὲ
3220 4419 3274 4475 ἐν
3309 4419 3378 4495 τῇ
3415 4419 3580 4496 ἑορτῇ

2043 4513 2135 4567 τοῦ
2161 4506 2386 4580 Θησέως
2424 4507 2515 4567 καὶ
2542 4507 2702 4568 ἰσθίει
2733 4515 2950 4588 προῖκα.
3001 4503 3451 4587 μεμυστιλημένοι
3481 4495 3579 4563 οὖν

2045 4594 2341 4673 ἑστιαμένοι
2359 4642 2376 4669 ,
2417 4594 2452 4667 ἢ
2498 4595 2766 4675 μυστίλοις
2811 4594 3052 4676 ἀρύοντις
3090 4594 3186 4667 τὴν
3232 4593 3430 4673 ἀθᾶραν
3479 4592 3576 4652 καὶ

2045 4680 2296 4750 ἐσθίοντες
2332 4682 2368 4756 ἢ
2409 4682 2596 4761 ἄρτους
2638 4681 2888 4764 φαγόντες
2909 4684 2978 4748 ὥς
3014 4679 3241 4762 μύστρα.
3284 4678 3484 4760 ίγίνετο
3516 4678 3576 4739 δὲ

2045 4767 2111 4827 τὰ
2139 4772 2348 4841 Θησεῖα
2366 4770 2592 4848 ὀγδόαις,
2611 4769 2702 4828 καὶ
2725 4779 2874 4828 πᾶσα
2897 4767 3059 4847 ὀγδόη
3081 4769 3347 4847 ἀνιεροῦτο
3369 4769 3566 4839 Θησεῖ.

2046 4854 2260 4922 Ἄλλως.
2286 4856 2419 4935 μετὰ
2439 4863 2511 4918 V.
2541 4859 2714 4936 Apud
2745 4856 3010 4928 suidam,
3036 4855 3349 4928 Θησείοισιν
3376 4880 3390 4915 :
3414 4856 3572 4937 ἑορτή

2044 4965 2119 5009 τις
2146 4941 2431 5023 τελουμένη
2455 4945 2581 5027 παρ’
2609 4944 2917 5016 Ἀθηναίοις.
2947 4944 3082 5022 μετὰ
3103 4943 3205 5026 γὰρ
3230 4941 3388 5004 τὸ-.
3409 4971 3436 4996 α
3462 4946 3573 5005 Hi-

2043 5031 2238 5089 storiae
2265 5032 2449 5091 rarius
2475 5033 2662 5092 obviae
2682 5033 3146 5113 Theophrastum
3168 5044 3367 5091 testem
3388 5032 3572 5091 citant
