3859 5725
1483 271 1859 334 SCHOLIA
1912 270 2005 331 IN
2060 269 2374 330 PACEM.

3421 293 3535 345 2⁰5

314 405 420 490 γὰρ
440 405 542 467 ’καὶ
578 402 881 486 Ἀρχίλοχος
912 403 1005 463 καὶ
1032 401 1181 483 παρὰ
1208 401 1482 482 Σιμωνίδῃ
1510 406 1587 482 τῷ
1619 402 1881 484 Ἀμοργίῳ
1970 400 2090 460 τότε
2117 406 2210 459 τοῦ
2237 404 2471 479 ἀμητοῦ,
2497 403 2568 468 ὣς
2587 400 2830 472 Ἡσίοδός
2854 398 3012 488 φησιν
3039 407 3157 487 [Op.
3185 410 3290 490 ooo]
3310 438 3337 463 ι
3362 412 3542 490 δμῶας

317 522 342 546 ι
365 493 461 554 σὺν
497 495 843 576 παρδακοῖσιν
867 490 1076 569 εἵμασιν
1097 488 1456 569 σεσαγμένοις.
1480 518 1508 543 ¹·

398 599 520 641 11⁴⁹.
566 577 737 639 σπίνω
765 600 779 640 :
812 579 1005 647 Σπίνος
1027 570 1160 646 εἶδος
1184 583 1449 659 στρουθοῦ.

397 688 520 730 11110.
560 666 691 733 πυός
717 689 733 729 t
766 666 833 728 Ὁ
862 666 992 735 πυὸς
1018 664 1268 736 ὀξυτόνως
1295 664 1387 724 καὶ
1411 667 1695 746 ἀρσενικῶς
1724 666 1777 723 ἐν
1806 667 1883 745 τῷ

258 774 288 813 ι
319 756 376 815 ιε’
417 761 512 830 τ’ῆς
545 755 772 815 καθόλου
813 754 989 837 φησίν.
1107 752 1325 821 Ἄλλως.
1371 753 1431 813 τὸ
1470 756 1678 836 πρῶτον
1712 752 1883 833 γάλα,

317 844 346 904 ὃ
375 844 467 905 καὶ
503 841 757 924 ἑψόμενον
794 843 1092 921 πήγνυται,
1126 840 1156 901 ὃ
1194 841 1286 900 καὶ
1321 842 1476 919 ἡμεῖς
1512 840 1765 922 χυτρίτην
1803 838 1885 899 λέ·

316 955 498 1013 γομεν.
533 932 595 992 τὸ
623 929 1017 1009 μεταὸεὸληκὸς
1046 921 1201 1006 αἷμα.
1237 928 1299 988 τὸ
1334 929 1671 1006 γαλακτῶδες
1707 925 1881 1008 ὑγρόν.

315 1019 457 1098 γάλα
479 1016 592 1078 νέον
622 1017 759 1096 μετὰ
778 1022 1019 1097 χθεσινοῦ
1044 1015 1306 1095 γάλακτος
1334 1014 1617 1095 ἀμελχθέν.

402 1126 523 1168 1154.
568 1104 889 1186 Αἰσχινάδου
939 1125 955 1167 :
1008 1104 1108 1172 Ὧς
1165 1109 1257 1164 τοῦ
1306 1102 1632 1184 ,Αἰσχινάδου
1683 1102 1884 1179 μᾶλλον

241 1223 293 1262 10
318 1197 423 1254 τῶν
461 1193 634 1254 ἄλλων
677 1192 885 1274 ἔχοντος
920 1191 1219 1273 καρπίμους
1262 1190 1533 1272 μυρρίνας.
1573 1187 1608 1261 ἢ
1642 1188 1747 1248 ἀπὸ
1779 1191 1884 1247 τῶν

319 1286 538 1365 καρπῶν
570 1280 915 1361 Αἰσχινάδου.
950 1277 986 1350 ἢ
1021 1278 1129 1338 ἀπὸ
1168 1284 1260 1339 τοῦ
1292 1277 1494 1358 σχίνου.
1533 1281 1627 1350 τῆς
1662 1275 1718 1337 δὲ
1752 1299 1884 1356 μυρ-

321 1369 465 1453 ρίνης
482 1373 518 1442 ἡ
541 1368 638 1449 μὲν
663 1367 1010 1450 στεφανωτὶς,
1032 1372 1067 1439 ἡ
1088 1365 1144 1425 δὲ
1166 1365 1433 1447 κάρπιμος
1448 1410 1466 1443 ,
1495 1363 1567 1433 ὥς
1591 1387 1720 1446 φησι
1747 1362 1884 1424 Θεό·

318 1480 547 1540 φραστος
571 1464 655 1531 [Η.
682 1465 758 1518 Pl.
787 1478 841 1529 5,
869 1476 924 1529 8,
948 1462 1015 1526 8].
1048 1452 1106 1534 [ἢ
1135 1453 1302 1532 ὄνομα
1340 1452 1516 1535 κύριον
1555 1455 1818 1526 αὐλητοῦ,
1849 1450 1885 1523 ἢ

317 1545 486 1629 φίλου.
510 1544 737 1627 βωσάτω
759 1544 815 1604 δὲ
838 1542 1129 1624 βοησάτω.]
1609 1540 1628 1565 ‘

240 1672 296 1712 ιε,
406 1662 529 1704 11118.
571 1639 850 1724 τάρόματα
886 1659 903 1701 ε
941 1639 1029 1701 Τὰ
1059 1636 1457 1721 άροτριάματα,
1490 1636 1640 1720 παρὰ
1664 1636 1726 1697 τὸ
1760 1639 1885 1719 ἀρο-

317 1737 514 1880 Ξῖ“ὤ”
555 1727 629 1877 ³3
653 1725 1138 1877 ξροῖρέτρωῗῖῖ
1159 1723 1887 1875 ’λῗῖζσὲ,δὲπῖνῖοὲέ.ῗῖαζέῗ

320 1937 344 1962 α
368 1841 621 1969 κῗιῗαεῦχθῖ
657 1842 762 1966 τιῖζν
799 1840 1461 1988 1ίὶροίοίέάττίίη,ριίειηιιάντὶ’τοῦ
1490 1837 1595 1963 τῶς
1628 1902 1880 1985 ἀλφίτων.

319 1995 604 2056 ἐκτείνεται
627 1996 684 2054 δὲ
707 1993 795 2054 διὰ
812 1993 910 2066 τὴν
934 1990 1271 2074 συναλοιφήν.

237 2122 294 2164 ²0
403 2113 520 2154 1150.
563 2090 724 2171 [ἡνίκ’
766 2090 831 2150 ἃν
863 2110 878 2151 :
918 2089 990 2152 Ἣ
1027 2086 1234 2171 ἀντῳδὴ
1274 2086 1408 2161 αὕτη
1447 2086 1540 2148 καὶ
1570 2088 1885 2172 ἀντιστροφὴ

318 2181 501 2241 κώλων
538 2179 680 2240 ἐστὶν
711 2178 907 2258 ὁμοίων
934 2182 1043 2246 τοῖς
1077 2182 1174 2250 τ’ῆς
1211 2180 1437 2258 στροφῆς
1474 2192 1540 2256 ιγ’
1572 2176 1664 2237 καὶ
1699 2176 1886 2257 ἰσομέ-

315 2293 473 2352 τρων.
503 2268 591 2329 ἐπὶ
613 2271 691 2350 τῷ
711 2266 851 2327 τέλει
881 2269 937 2325 αἱ
967 2266 1057 2325 δύο
1084 2265 1315 2343 διπλαῖ.]

396 2366 593 2447 ἀχέτας
622 2384 639 2425 z
670 2364 734 2425 Ὁ
756 2362 926 2432 τέττιξ
950 2366 1124 2443 διηχεῖ
1167 2360 1317 2441 παρὰ
1348 2360 1410 2420 τὸ
1440 2359 1734 2423 Ἡσιόδειον
1773 2370 1886 2438 [Op.

316 2456 421 2534 ⁶⁸0]
458 2482 483 2507 ιι
526 2447 659 2531 ἦμος
680 2451 738 2511 δὲ
760 2451 1023 2531 σκόλυμός
1042 2451 1090 2509 τ’
1112 2454 1258 2510 ἀνθεῖ
1276 2449 1368 2509 καὶ
1398 2448 1567 2530 ἠχέτα
1593 2449 1781 2520 τέττιξ.
1806 2479 1834 2504 ¹·
1860 2455 1889 2510 6

237 2568 293 2608 ιε,
320 2539 377 2600 δὲ
413 2539 749 2622 Ἀρίσταρχος
788 2537 849 2599 οὗ
885 2560 1015 2621 φησι
1067 2536 1187 2605 τοὺς
1233 2536 1455 2619 ᾄδοντας
1489 2540 1773 2618 ἀρσενικῶς
1807 2537 1888 2598 λε’-

317 2634 499 2708 γεσθαι
512 2672 529 2701 ,
550 2626 643 2695 τὰς
661 2629 715 2686 δὲ
745 2626 957 2699 θηλείας
978 2625 1156 2693 οὕτως.
1178 2652 1201 2678 υ

405 2743 525 2784 1102.
563 2720 657 2790 τὰς
696 2721 940 2796 Λημνίας
982 2741 998 2783 :
1052 2713 1208 2788 Εἶδος
1245 2718 1485 2799 ἀμπέλου
1524 2721 1769 2801 Λημνία,
1816 2727 1887 2792 ὣς

319 2814 519 2893 ἱστορεῖ
613 2808 914 2892 Ἀνδροτίων
943 2810 998 2867 έν
1019 2813 1096 2892 τῷ
1118 2813 1410 2893 γεωργικῷ.

402 2929 524 2970 110⁴.
567 2916 688 2991 φῖτυ
718 2927 733 2968 :
766 2905 1023 2988 Σπέρμα,
1047 2906 1137 2966 καὶ
1161 2914 1376 2988 φιτῦσαι
1401 2910 1669 2986 γεννῆσαι.
1707 2909 1798 2968 καὶ
1828 2909 1889 2970 τὸ

240 3025 296 3067 ³⁰
320 2996 555 3077 γέννημα
596 2995 816 3078 φίτυμα.
862 2994 1095 3062 Εὔπολις
1138 2994 1427 3078 Αὐτολύκῳ
1460 3023 1484 3047 «ι
1523 2995 1659 3076 ἀτὰρ
1698 2997 1891 3076 ἤγαγες

320 3084 498 3144 καινὸν
528 3084 727 3166 φίτυμα
754 3086 950 3163 βοῶν.»
969 3087 1148 3165 πρῷον
1172 3082 1227 3142 δὲ
1250 3083 1511 3164 πρώῖμον,
1538 3084 1886 3155 δισυλλάὸως.

317 3207 401 3218 —
423 3180 543 3248 φῖτυ
568 3170 630 3230 τὸ
664 3169 910 3254 σπέρμα,
942 3170 1003 3230 τὸ
1035 3169 1199 3252 γένος.
1224 3171 1316 3231 καὶ
1351 3170 1454 3254 γάρ
1486 3174 1587 3231 εἰσι
1620 3171 1757 3254 φυτὰ
1786 3174 1890 3254 πρὸ

320 3266 412 3321 τοῦ
454 3264 638 3343 καιροῦ
675 3257 794 3326 τοὺς
833 3258 1067 3340 καρποὺς
1106 3259 1435 3340 παρέχοντα,
1476 3260 1568 3319 καὶ
1606 3262 1890 3322 καλοῦνται

319 3346 557 3430 πρώϊμα.
582 3346 672 3406 καὶ
697 3350 971 3428 Σοφοκλῆς
995 3374 1020 3401 κ
1045 3347 1153 3407 οὔτ’
1176 3347 1309 3407 ἄλλο
1330 3351 1449 3429 φῖτυ
1473 3351 1651 3430 πρῷον
1670 3376 1696 3401 υ
1721 3348 1890 3430 λέγει,

242 3455 296 3495 ³1»
322 3434 356 3494 ὅ
373 3438 485 3495 ἐστι
508 3433 746 3518 πρώῖμον
775 3434 867 3493 καὶ
896 3432 1112 3517 ὥριμον.
1132 3456 1196 3501 v.
1285 3454 1297 3467 ·

402 3552 527 3593 11⁶⁶.
570 3531 787 3612 φήληκα
815 3552 831 3592 :
867 3532 975 3593 Τὸν
1008 3531 1229 3593 ὄλινθον.
1262 3531 1403 3610 λέγει
1431 3530 1488 3591 δὲ
1520 3531 1656 3592 αὐτὰ
1688 3537 1717 3593 ὃ
1748 3537 1895 3596 Καλ·

320 3620 612 3702 λίστρατος.
656 3618 846 3701 κυρίως
888 3618 984 3698 μὲν
1033 3611 1121 3679 οὗν
1164 3624 1192 3679 6
1228 3620 1333 3693 ἤδη
1376 3620 1604 3702 σκληρὸς
1651 3622 1744 3681 καὶ
1786 3624 1890 3683 πά-

324 3730 503 3789 ρωρος.
538 3709 568 3765 6
595 3705 715 3788 ὄψιν
744 3705 841 3785 μὲν
869 3705 1178 3775 πεπάνσεως
1205 3706 1361 3787 ἔχων,
1394 3705 1559 3787 ἄωρος
1590 3706 1645 3766 δὲ
1675 3708 1766 3771 ὤν.
1798 3712 1892 3771 καὶ

323 3793 530 3872 μήποτε
558 3792 731 3874 φήληξ
758 3792 837 3862 τίς
860 3796 1000 3853 ἐστιν
1024 3798 1053 3854 6
1077 3794 1323 3853 ἀπατεὼν
1358 3793 1450 3853 καὶ
1476 3793 1791 3876 ψευδόμενος
1822 3804 1889 3880 τῇ

240 3904 296 3943 ευ
321 3882 438 3961 ὄψει
484 3883 556 3949 εἰς
600 3883 814 3962 βρῶσιν.
857 3882 949 3942 καὶ
996 3884 1158 3965 φῆλος
1199 3886 1228 3941 6
1274 3881 1539 3944 ἀπατεών.
1589 3883 1891 3967 Μένανδρος

322 3970 487 4030 Ἁλιεῖ
511 3997 536 4022 α
560 3968 639 4029 δύ’
671 3968 839 4037 οἰκίας
869 3972 1048 4053 φηλῶν
1087 3969 1361 4053 γερόντων.
1403 3998 1429 4023 υ
1461 3970 1552 4030 καὶ
1590 3971 1890 4054 φηλώματα

321 4056 611 4131 ἐξαπάτας,
638 4058 764 4140 παρ’
795 4058 1114 4141 Ἀντιφῶντι.
1141 4094 1221 4104 --
1245 4050 1395 4128 οὗτος
1418 4057 1474 4118 δὲ
1503 4059 1591 4118 ἐπὶ
1619 4066 1710 4120 τοῦ
1741 4062 1891 4142 ὠμοῦ

322 4146 483 4207 σύκου
528 4146 813 4228 κέχρηται,
868 4144 1031 4205 εἰπὼν
1082 4147 1394 4206 οἶδαίνοντα·
1451 4145 1735 4208 οἷδαίνεται
1786 4150 1890 4232 γὰρ

321 4233 410 4295 ὅτε
451 4234 671 4318 ἄρχεται
704 4234 1072 4295 πεπαίνεσθαι.
1111 4235 1201 4295 καὶ
1234 4238 1288 4294 ἐν
1327 4238 1686 4316 Ταγηνισταῖς
1726 4238 1785 4297 δὲ
1822 4245 1889 4322 τῇ

242 4355 298 4394 ⁴⁵
327 4320 465 4392 λέξει
492 4320 767 4404 κέχρηται.
791 4338 855 4386 V.

403 4438 528 4480 11⁶7.
573 4417 796 4498 κάπέχω
819 4438 835 4479 :
860 4422 958 4499 Τῷ
980 4417 1206 4495 στόματι
1227 4419 1501 4501 προσάγω.
1528 4421 1622 4481 καὶ
1643 4418 1893 4505 Ὅμηρος

326 4513 472 4580 [n.1,
489 4508 591 4587 ⁴80]
613 4535 638 4560 ιι
661 4506 792 4588 ὄψου
813 4506 1005 4585 ἄσαιμι
1026 4508 1315 4591 προταμὼν
1329 4509 1419 4568 καὶ
1438 4499 1573 4570 οἶνον
1595 4512 1847 4590 ἐπισχών.
1866 4541 1891 4567 »

407 4623 529 4665 1109.
574 4608 819 4682 κυκῶμαι
853 4624 869 4665 :
905 4606 1187 4672 Κυκεῶνας
1226 4604 1399 4665 ἐσθίω.
1438 4605 1547 4665 ἄνω
1574 4613 1646 4679 [V.
1675 4609 1779 4687 712]
1815 4613 1891 4691 τῷ

323 4689 470 4772 πότῳ
507 4695 585 4773 τῷ
622 4691 711 4750 ἐπὶ
749 4696 844 4764 τῆς
879 4690 1149 4773 γλήχωνός
1187 4715 1316 4774 φησι
1356 4697 1588 4773 χρῆσθαι
1628 4694 1757 4777 πρὸς
1795 4696 1893 4769 τὴν

243 4815 302 4852 50
325 4777 564 4860 ὀπώραν,
598 4785 690 4839 νῦν
730 4778 787 4838 δὲ
817 4782 896 4861 τῷ
932 4779 1081 4861 θύμῳ
1122 4784 1375 4861 χρῶνται.
1415 4779 1551 4860 μετὰ
1597 4781 1654 4841 δὲ
1690 4782 1753 4843 τὸ
1796 4784 1894 4858 τὴν

325 4867 540 4948 ὀπώραν
564 4870 750 4950 φαγεῖν
786 4872 1024 4928 κυκεῶνα
1061 4868 1300 4944 πίνουσι,
1327 4869 1419 4929 καὶ
1445 4871 1504 4929 οὗ
1541 4869 1891 4950 βλάπτονται,

326 4951 466 5013 ἀλλὰ
487 4952 581 5013 καὶ
605 4956 797 5035 παχεῖς
815 4953 1064 5032 γίνονται.

411 5067 532 5110 1170.
574 5049 789 5130 γίνομαι
812 5049 989 5131 παχὺς
1019 5072 1035 5113 :
1067 5050 1292 5124 Ἐπειδὴ
1319 5055 1565 5134 ἀργοῦσιν
1593 5054 1641 5112 οἱ
1668 5055 1891 5135 γεωργοὶ

1974 487 2232 571 ἀναψύξαι
2255 488 2379 571 φίλα
2418 487 2667 567 γούνατα.
2699 518 2723 543 ι

2058 597 2177 637 1173.
2222 577 2480 660 φοινικίδα
2512 597 2528 636 2
2568 580 2998 660 Περικεφαλαίαν
3037 588 3254 667 φοινικῷ
3293 586 3542 667 χρώματι

1977 664 2335 744 βεὸαμμένην.
2381 668 2429 724 οἱ
2478 667 2535 724 δὲ
2579 664 2797 726 κόκκινα
2840 669 3236 750 περιὸλήματα.
3318 674 3540 744 Ἄλλως.

1972 757 2088 821 ταῖς
2116 752 2362 834 φοινικίσι
2391 754 2593 830 μᾶλλον
2619 757 2850 834 ἐχρῶντο
2879 758 3315 838 Λακεδαιμόνιοι,
3338 760 3426 822 ἵνα
3458 762 3534 840 μὴ
3562 781 3590 820 ⁵

1975 840 2324 901 αἰσθάνωνται
2366 846 2455 900 τοῦ
2487 841 2712 920 αἵματος
2750 842 2838 902 διὰ
2865 843 2961 916 τὴν
2985 845 3300 923 ὁμοιότητα,
3337 850 3430 909 καὶ
3455 849 3543 912 ἵνα

1971 927 2253 1009 τρωθέντες
2282 927 2356 1005 μὴ
2385 933 2660 1006 γνωσθῶσι
2687 934 2794 998 τοῖς
2819 934 3112 1010 πολεμίοις.
3144 934 3314 1005 ὀξεῖαν
3344 937 3400 996 δὲ
3426 938 3544 998 ἀντὶ

1973 1021 2064 1075 τοῦ
2083 1015 2302 1098 εὔχρουν
2332 1016 2425 1075 καὶ
2453 1015 2673 1099 ἐρυθρὰν
2693 1022 2853 1079 πάνυ.

2058 1122 2174 1162 1174.
2219 1103 2566 1183 Σαρδιανικὸν
2598 1125 2613 1164 t
2641 1104 2964 1187 Διαφέρουσι
2981 1106 3083 1190 γὰρ
3109 1112 3164 1169 αἱ
3189 1112 3416 1172 Λυδικαὶ
3446 1116 3546 1193 βα·-

1975 1189 2088 1271 φαί.
2115 1221 2183 1231 -
2206 1188 2551 1273 καὶ“Ομηρος
2573 1200 2654 1264 [n.
2685 1196 2754 1272 Δ,
2772 1196 2918 1274 141]κ
2945 1196 3074 1263 ὥςδ’
3101 1196 3545 1283 ὄτετιςέλέφαντα
3576 1229 3627 1269 10

1973 1276 2103 1356 γυνὴ
2134 1277 2324 1359 φοίνικι
2362 1278 2542 1359 μιήνῃ.
2592 1306 2616 1333 n
2639 1279 2732 1338 καὶ
2762 1280 2977 1363 Σαπφὼ
3001 1310 3027 1335 κ
3050 1283 3189 1343 πόδα
3225 1285 3283 1345 δὲ
3313 1288 3548 1358 ποικίλος

1976 1392 2002 1417 «ι
2031 1365 2270 1443 μάσθλης
2292 1365 2581 1440 ἐκάλυπτε,
2610 1366 2803 1428 Λύδιον
2828 1369 2993 1429 καλὸν
3027 1370 3193 1452 ἔργον.
3223 1401 3249 1426 υ
3295 1385 3357 1433 V.

2057 1473 2176 1515 1170.
2221 1453 2566 1526 Κυζικηνικόν
2592 1476 2606 1516 :
2630 1459 2725 1523 Εἰς
2746 1458 3003 1517 κιναιδίαν
3026 1459 3388 1536 διαὸάλλεται,
3408 1461 3546 1525 ὥστε

1977 1539 2111 1618 μηδὲ
2140 1545 2246 1600 τῶν
2275 1541 2579 1621 ἀναγκαίων
2608 1541 2695 1602 διὰ
2721 1543 2817 1616 τὴν
2851 1545 3111 1625 εὐρύτητα
3137 1558 3349 1630 κρατεῖν
3382 1550 3547 1612 δύνα-

1976 1633 2130 1705 σθαι,
2160 1664 2241 1675 -
2285 1633 2356 1697 ὡς
2397 1629 2490 1689 καὶ
2518 1628 2749 1700 Εὔπολις
2793 1634 2847 1690 ἐν
2880 1633 3107 1694 Πόλεσιν
3139 1662 3165 1688 ι
3205 1641 3240 1708 ἡ
3269 1638 3316 1697 δ’
3341 1638 3545 1711 ὑστάτη
3577 1655 3626 1693 15

1977 1743 2001 1770 α
2025 1722 2126 1776 ποῦ
2155 1716 2252 1777 ’σθ’
2268 1740 2285 1790 3
2308 1716 2403 1790 ἥδε
2432 1717 2656 1788 Κύζικος
2680 1719 2819 1778 πλέα
2842 1720 3133 1803 στατήρων.
3168 1724 3178 1804 Ι
3206 1726 3259 1783 ἐν
3281 1727 3405 1805 τῇδε
3437 1726 3545 1787 τοί-

1977 1833 2003 1858 ι
2026 1828 2115 1863 νυν
2139 1810 2205 1884 τῇ
2220 1803 2371 1865 πόλει
2394 1811 2631 1887 φρουρῶν
2646 1806 2749 1885 ἐγώ
2769 1809 2888 1867 ποτ’
2911 1809 3064 1879 αὐτὸς
3091 1810 3100 1890 Ι
3125 1815 3325 1891 γυναῖκ’
3348 1813 3545 1875 ἐὸίνουν

1977 1922 2003 1947 οι
2031 1891 2289 1952 κολλύὸου
2326 1893 2419 1952 καὶ
2462 1895 2629 1954 παῖδα
2658 1894 2750 1953 καὶ
2791 1897 3007 1977 γέροντα
3041 1897 3051 1977 Ι
3077 1899 3240 1973 κάξῆν
3285 1900 3411 1974 ὅλην
3450 1902 3547 1974 τὴν

1979 2009 2003 2034 α
2029 1980 2235 2062 ἡμέραν
2271 1980 2360 2041 τὸν
2406 1979 2597 2042 κύσθον
2640 1983 2941 2065 ἑκκορίζειν.
2973 2012 2999 2037 ν
3065 1984 3284 2057 Ἄλλως.
3311 1989 3549 2051 τουτέστι

1976 2077 2394 2149 κατασχημονεῖ.
2424 2072 2472 2129 οἱ
2500 2069 2603 2153 γὰρ
2643 2071 2930 2144 Κυζικηνοὶ
2961 2073 3051 2132 ἐπὶ
3073 2076 3241 2158 δειλία
3269 2076 3362 2137 καὶ
3387 2078 3552 2153 θηλύ-
3575 2101 3630 2143 20

1976 2178 2097 2228 τητι
2124 2158 2517 2236 ἐκωμῳδοῦντο.
2542 2169 2606 2216 V.

2063 2264 2181 2306 1177.
2222 2242 2402 2326 ὥσπερ
2445 2244 2615 2314 ξουθὸς
2665 2266 2681 2306 2
2740 2246 2842 2316 Ὡς
2885 2258 3094 2329 φοινικᾶ
3149 2251 3318 2334 πτερὰ
3358 2253 3550 2335 ἔχοντα

1980 2334 2148 2404 δηλοῖ.
2187 2332 2269 2392 ὅτι
2299 2338 2392 2392 τοῦ
2424 2333 2552 2416 παρ’
2580 2332 2835 2417 Αἰσχύλῳ
2863 2338 3119 2408 πολλάκις
3148 2339 3426 2412 κληθέντος
3459 2346 3551 2402 ἰπ-

1976 2418 2388 2502 παλεκτρυόνος,
2427 2421 2483 2480 ὃν
2524 2423 2605 2482 ἀεὶ
2631 2425 2994 2504 κωμῳδοῦσιν,
3018 2429 3072 2485 ἐν
3112 2428 3415 2510 Μυρμιδόσι
3453 2431 3550 2509 μέ-

1980 2533 2192 2588 μνηται.
2225 2545 2309 2556 —
2333 2508 2551 2578 Ἄλλως.
2580 2514 2610 2571 6
2646 2512 2912 2592 Αἰσχύλος
2940 2541 2966 2567 α
3001 2514 3107 2587 ἀπὸ
3134 2517 3180 2574 δ’
3214 2508 3342 2577 αὖτε
3376 2517 3550 2589 ξουθὸς
3574 2552 3629 2593 25

1981 2624 2005 2651 ιι
2033 2598 2434 2680 ἱππαλεκτρυὼν
2464 2599 2641 2669 στάζει
2664 2624 2875 2680 κηρο....
2895 2605 2980 2661 θεν
3005 2606 3108 2663 τῶν
3133 2605 3423 2686 φαρμάκων
3450 2630 3549 2666 πο-

1982 2713 2007 2738 a
2033 2684 2125 2753 λὺς
2141 2686 2309 2754 πόνος.
2344 2714 2367 2740 υ
2392 2686 2530 2746 θέλει
2550 2685 2604 2746 δὲ
2643 2690 2805 2748 εἰπεῖν
2833 2687 2914 2749 ὅτι
2935 2695 3144 2773 πρῶτος
3167 2693 3344 2774 φεύγει
3364 2698 3435 2763 ὥς
3453 2693 3549 2754 ἵπ-

1979 2796 2075 2841 πος
2103 2773 2194 2833 καὶ
2219 2774 2414 2856 ὄρνεον.
2439 2786 2500 2834 V.

2066 2883 2192 2924 117⁸.
2237 2862 2342 2942 ἐγὼ
2360 2864 2405 2924 δ’
2432 2865 2632 2938 ἕστηκα
2661 2866 3079 2946 λινοπτώμενοςε
3112 2867 3257 2946 Ἐγὼ
3278 2871 3322 2929 δ’
3349 2871 3548 2944 ἕστηκα

1981 2953 2034 3009 ἐν
2082 2954 2160 3030 τῷ
2204 2952 2349 3031 αὐτῷ
2385 2949 2537 3033 τόπῳ
2580 2957 2903 3034 παρατηρῶν
2943 2956 3034 3014 καὶ
3081 2957 3548 3038 περιὸλεπόμενος,
3576 3002 3629 3042 ³0

1980 3036 2111 3096 ὅπου
2140 3037 2202 3098 ἂν
2225 3043 2426 3119 ταχθῶ.
2460 3039 2710 3108 λινόπτας
2736 3041 2839 3123 γάρ
2863 3065 3020 3123 φησιν
3048 3044 3409 3124 Ἀριστοτέλης
3432 3047 3551 3117 τοὺς

1979 3124 2049 3184 τὰ
2077 3124 2356 3208 θηρευτικὰ
2381 3127 2503 3186 λίνα
2530 3127 2912 3209 φυλάττοντας,
2944 3133 3015 3198 ὡς
3045 3130 3138 3189 καὶ
3163 3132 3406 3201 οἰνόπτας
3432 3134 3550 3205 τοὺς

1981 3213 2342 3297 οἰνοφύλακας.
2381 3216 2612 3297 ἀπείρως
2637 3217 2692 3276 δὲ
2722 3216 2830 3276 ἀπὸ
2858 3222 2963 3277 τῶν
2991 3222 3064 3287 εἰς
3089 3219 3157 3279 τὰ
3182 3221 3301 3280 λίνα
3328 3222 3552 3283 πιπτόν-

1979 3324 2085 3361 των
2106 3301 2340 3383 ὀρνίθων.
2360 3305 2408 3362 ot
2433 3302 2487 3362 δὲ
2504 3302 2897 3385 περιεργότερον
2915 3305 2976 3365 τὸ
2996 3306 3117 3366 λίαν
3140 3309 3548 3391 κατεπτηχέναι,

1980 3394 2134 3447 τοῦτο
2161 3391 2504 3449 λινοπτᾶσθαι
2531 3390 2792 3470 λέγουσιν.

2063 3496 2184 3538 1181.
2228 3475 2579 3559 ἐξαλείφοντες
2625 3499 2642 3539 2
2671 3478 2796 3540 e‘01⁵1
2835 3478 2955 3549 τοὺς
2983 3479 3077 3560 μὲν
3114 3481 3398 3567 ἐξήλειφον,
3433 3485 3552 3557 τοὺς

1982 3560 2038 3622 δὲ
2064 3564 2346 3648 ἐνέγραφον
2379 3568 2451 3633 εἷς
2484 3565 2573 3625 τὸν
2615 3566 2909 3647 κατάλογον
2932 3572 3038 3628 τῶν
3059 3571 3348 3649 πολεμίων.

2066 3671 2190 3712 1182.
2234 3653 2293 3712 οὗ
2321 3651 2424 3734 γὰρ
2460 3652 2604 3733 ᾔδειν
2634 3674 2649 3713 :
2683 3654 2927 3721 Ἀττικῶς
2954 3655 3070 3715 ἀντὶ
3096 3663 3189 3716 τοῦ
3226 3659 3369 3738 ᾔδει,
3388 3662 3458 3729 ὡς
3491 3661 3552 3721 τὸ

1985 3743 2133 3808 [plut.
2152 3746 2251 3812 6⁹6]
2277 3767 2301 3792 ι
2318 3744 2346 3799 6
2372 3738 2427 3798 δὲ
2446 3739 2558 3807 θεὸς
2580 3744 2700 3817 ὑμῖν
2725 3743 2785 3799 οὐ
2810 3739 3080 3821 προσῄειν.
3100 3768 3125 3795 »2
3147 3775 3209 3784 —
3238 3748 3551 3829 ἐνταῦθατῷ

1980 3828 2178 3911 πρώτω
2217 3826 2333 3887 ἀντὶ
2369 3833 2461 3888 τοῦ
2500 3827 2675 3909 τρίτου
2724 3827 3010 3909 προσώπου
3049 3830 3331 3912 ἐχρήσατο·
3361 3833 3422 3894 τὸ
3445 3833 3549 3919 γὰρ
3575 3873 3631 3914 ⁴0

1982 3915 2129 3999 ὀρθὸν
2150 3886 2219 3988 ἲν
2249 3942 2272 3967 α
2298 3917 2357 3975 οὖ
2381 3914 2483 3997 γὰρ
2512 3914 2628 3993 ᾔδει
2651 3913 2817 3983 ἐξιών.
2851 3943 2875 3968 υ
2901 3930 2963 3976 V.

2064 4023 2186 4063 1183.
2231 4001 2361 4083 πρὸς
2386 4003 2473 4061 τὸν
2494 4001 2816 4083 ἀνδρίαντατ
2835 3995 2929 4073 Εἷς
2956 4005 3070 4066 ἐστὶ
3086 4011 3192 4067 τῶν
3213 4007 3282 4067 ι6’
3307 4010 3549 4092 ἀνδριάν-

1980 4115 2084 4151 των
2110 4094 2163 4150 ἐν
2186 4081 2261 4158 οἷς
2283 4089 2567 4172 ἐγράφοντο
2589 4094 2638 4151 οἱ
2665 4093 3029 4173 στρατιωτικοὶ
3051 4095 3336 4174 κατάλογοι
3361 4098 3453 4158 καὶ
3481 4099 3550 4159 τὰ

1980 4176 2318 4260 κηρύγματα.
2341 4169 2475 4237 εἶδεν
2502 4169 2591 4238 οῦν
2608 4222 2624 4250 ,
2650 4180 2778 4262 φησὶ
2793 4224 2808 4253 ,
2831 4179 2893 4239 τὸ
2923 4184 3109 4242 ἑαυτοῦ
3130 4182 3295 4262 ὄνομα
3316 4208 3550 4266 γεγραμ-

1983 4266 2139 4343 μένον
2184 4269 2239 4325 ἐν
2280 4269 2356 4345 τῷ
2398 4266 2664 4348 ἀνδριάντι
2709 4273 2800 4327 τοῦ
2848 4270 3156 4338 Πανδίονος.
3204 4307 3279 4317 —-
3329 4270 3546 4344 Ἄλλως.
3574 4305 3630 4345 ⁴5

1982 4354 2211 4426 ἑκάστης
2235 4356 2400 4436 φυλῆς
2439 4353 2712 4431 ἐπώνυμος
2752 4347 2817 4428 ἦν
2858 4357 3069 4438 ἀνδριὰς
3110 4364 3201 4418 τοῦ
3238 4363 3341 4419 τῶν
3374 4364 3548 4443 φυλῶν

1982 4440 2403 4521 ἐξηγησαμένου,
2461 4442 2767 4515 Αἰαντίδος,
2819 4442 3114 4519 Θησηΐδος,
3178 4446 3551 4526 Ἀκαμαντίδος

1982 4530 2205 4589 καὶτῶν
2234 4530 2452 4603 λοιπῶν,
2499 4528 2621 4589 ἔνθα
2666 4530 2888 4591 ἐτίθεντο
2922 4531 2991 4592 τὰ
3042 4532 3275 4612 ὀνόματα
3317 4540 3422 4596 τῶν
3467 4540 3550 4597 ἐπ’

1983 4617 2145 4698 ἐξόδῳ
2197 4617 2684 4697 καταλελεγμένων.
2794 4618 3012 4688 Ἄλλως.
3063 4620 3223 4690 τόπος
3279 4623 3550 4699 Ἀθήνησιν

1981 4703 2130 4789 παρὰ
2175 4710 2500 4788 πρυτανεῖον,
2556 4709 2611 4765 ἐν
2660 4697 2706 4788 ᾧ
2750 4707 3032 4780 ἑστήκασιν
3094 4709 3414 4790 ἀνδριάντες,
3465 4715 3552 4784 οὓς
3577 4752 3631 4794 ω

1982 4792 2288 4873 ἐπωνύμους
2331 4796 2603 4856 καλοῦσιν.
2655 4795 2867 4856 ἐπειδὰν
2908 4787 2997 4854 οὗν
3043 4799 3335 4878 κατάλογον
3386 4801 3548 4885 δεήσῃ

1982 4881 2224 4959 γενέσθαι
2270 4880 2577 4963 στρατείας,
2622 4882 3044 4965 προσγράφοντες
3077 4882 3147 4944 τὰ
3170 4885 3405 4966 ὀνόματα
3444 4896 3550 4952 τῶν

1983 4969 2421 5047 καταλεγομένων
2458 4970 2545 5028 ἐπὶ
2582 4968 2691 5037 ἑνὸς
2716 4973 3020 5051 προτιθέασι
3065 4971 3261 5033 τούτων
3307 4979 3411 5035 τῶν
3451 4981 3544 5037 ἀν-

1985 5056 2262 5140 δριάντων,
2292 5054 2424 5138 ὑπὲρ
2452 5064 2541 5118 τοῦ
2570 5058 2788 5139 φανερὸν
2817 5059 2986 5120 ἐκεῖσε
3032 5058 3272 5138 γενέσθαι
3305 5064 3413 5132 τοῖς
3444 5088 3549 5125 κα·

3574 3436 3629 3477 35
