3859 5725
1516 224 1892 288 SCHOLIA
1944 225 2033 285 IN
2085 224 2390 287 RANAS.

356 383 441 428 τες
460 363 557 432 τὴν
584 356 792 432 ἡλικίαν
817 358 878 416 τὸ
905 354 1257 425 συνουσιάζειν
1281 352 1448 437 ἀρχὰς
1465 353 1646 434 ἔχουσι
1663 357 1754 412 τοῦ
1778 352 1910 432 βίου.

356 451 508 510 ἄλλοι
531 447 585 508 δὲ
606 445 835 529 παρὰϊὸ
863 445 1004 523 βύειν
1033 441 1380 524 δεδώκασιν.]

433 557 530 600 7⁴1.
561 534 874 614 ἐξελέγξαντ’
896 532 1161 615 ἄντικρυςε
1179 531 1476 613 (Γράφεται
1490 530 1876 610 ἐξελεγχθέντα.
1893 530 1910 608 )

3437 241 3550 294 297

2077 372 2175 414 761.
2216 352 2372 431 νόμος
2390 377 2468 421 τις
2491 352 2660 414 ἐνθάδ’
2680 355 2792 415 ἐστὶ
2815 377 2830 416 :
2855 354 2985 417 Ἀπό
3004 379 3140 424 τινος
3160 356 3317 436 νόμος
3339 360 3476 419 ἐστὶν
3501 364 3555 421 ἐν

1997 444 2072 522 τῷ
2087 440 2188 523 ᾅδῃ
2201 487 2216 513 ,
2235 441 2325 501 τὸν
2341 442 2579 522 βελτίονα
2599 442 2763 525 ἄνδρα
2782 448 2885 504 τῶν
2899 449 3083 504 ἑαυτοῦ
3100 445 3390 527 συντέχνων
3408 449 3559 527 ἐγγὺς

1996 534 2086 588 τοῦ
2112 528 2421 597 Πλούτωνος
2442 529 2765 601 καθέζεσθαι.

350 626 522 687 λείπει
542 625 597 684 δὲ
621 624 680 684 τὸ
699 621 977 700 θαυμάζω,
1012 619 1049 692 ἢ
1070 619 1302 680 τοιοῦτόν
1319 643 1387 679 τι.
1409 651 1473 659 -
1497 622 1746 701 φανερῶς.
1763 632 1822 678 R.
1849 632 1910 678 V.
1953 619 1961 681 3
2077 637 2175 678 762.
2216 622 2320 677 τῶν
2343 618 2605 696 μεγάλων.
2625 630 2683 678 R.

293 736 325 776 ε
431 735 532 779 743.
573 711 800 792 [οἴμωζε
829 710 923 788 μέν
946 708 992 768 τ’
1021 708 1083 767 ἄν
1116 728 1131 768 :
1159 708 1296 768 Ἀντὶ
1321 712 1412 766 τοῦ
1442 705 1654 788 ἔφευγον
1678 706 1769 766 καὶ
1795 706 1912 766 εἴων
1954 748 1959 757 .

351 804 506 864 αὑτὸν
531 800 789 880 οἰμώζειν,
812 803 858 858 εἰ
881 795 1035 878 ἔτυψέ
1066 804 1183 873 με.]
1265 834 1284 851 .

430 897 584 952 τοῦτο
619 888 798 970 μέντοι
831 886 1066 947 δουλικόν
1099 906 1114 946 :
1146 883 1228 947 Τὸ
1253 885 1507 964 λοιδορεῖν
1535 881 1630 981 τὶν
1652 882 1911 956 δεσπότην

351 984 698 1144 ἀπζῖτιαμαγ
717 1060 1021 1122 ἐποπτεύειν
1040 1062 1177 1120 δοκῶ
1204 1078 1219 1119 2
1249 1058 1573 1138 (Σύμμαχος
1594 1057 1755 1127 οὕτως
1777 1060 1911 1137 αὐτῇ

270 1179 325 1219 ιο
347 1161 414 1238 τῇ
441 1154 578 1223 λέξει
599 1150 839 1234 φαίνεται
856 1152 1085 1229 συνεχῶς
1102 1146 1271 1224 λέγειν
1286 1171 1297 1183 ·
1319 1150 1668 1227 εὐφημοῦντες
1689 1145 1784 1218 τὴν
1809 1149 1911 1203 τῶν

2077 724 2175 766 764.
2223 705 2447 784 (σίτησιν
2471 706 2627 766 αὐτὸν
2665 710 2893 768 τΤαῦτα
2931 707 3212 791 μεταφέρει
3252 709 3359 769 ἀπὸ
3378 714 3482 771 τῶν
3506 713 3559 772 ἐν
3587 736 3612 774 5

1996 795 2063 872 τῇ
2088 792 2297 875 Ἀττικῇ
2321 797 2450 852 ἐθῶν
2476 796 2548 862 εἰς
2566 793 2634 853 τὰ
2654 795 2771 854 καθ’
2793 795 2962 877 ᾅδου.)

2077 899 2174 941 765.
2218 882 2334 960 [τοῦ
2358 881 2667 949 Πλούτωνος
2684 882 2800 956 ἑξῆς
2826 904 2841 945 :
2868 883 3004 945 Ἀντὶ
3020 890 3140 957 τοῦ,
3164 884 3318 965 ἐγγὺς
3333 891 3426 947 τοῦ
3445 888 3562 967 θρό-

1952 996 1960 1023 ι
1997 991 2089 1027 νου
2104 974 2195 1027 τοῦ
2221 968 2573 1043 Πλούτωνος.]

2076 1076 2173 1116 707.
2214 1061 2291 1138 τῷ
2311 1055 2663 1139 εὑρισκομένῳ
2681 1063 2846 1141 σοφῷ.
2870 1071 2928 1118 R.

2077 1163 2172 1203 772.
2207 1144 2670 1223 [βαλαντιητόμοις
2694 1165 2710 1205 :
2738 1149 2789 1206 Τ
2791 1149 2866 1213 οἷς
2886 1144 2954 1206 τὰ
2986 1145 3244 1227 βαλάντια
3266 1147 3559 1227 τέμνουσιν,
3594 1178 3644 1218 ιο

351 1240 653 1324 μυστηρίων
684 1236 1021 1314 ἐποπτείαν.)
1077 1239 1124 1294 οἰ
1153 1234 1220 1294 τὰ
1257 1234 1520 1315 μυστήρια
1549 1232 1914 1314 παραλαμόά-
2000 1228 2035 1289 ἃ
2054 1233 2107 1289 ἐν
2129 1237 2245 1298 ταῖς
2262 1230 2447 1300 ζώναις
2469 1232 2831 1314 ἄπῃωρημένα
2855 1233 3094 1316 φέρουσιν
3114 1234 3423 1316 ἄνθρωποι]

349 1353 551 1401 νοντες,
577 1326 775 1405 μύσται
799 1326 1097 1382 καλοῦνται.
1130 1325 1178 1381 οἱ
1205 1320 1259 1379 δὲ
1287 1318 1686 1402 παραλαὸόντες
1716 1319 1783 1379 τὰ
1811 1345 1911 1399 μυ·

351 1416 544 1499 στήρια
595 1418 672 1496 τῷ
719 1403 864 1479 αὗθις
918 1414 1136 1490 ἐνιαυτῷ
1190 1410 1442 1489 ἐφορῶσιν
1484 1406 1619 1466 αὐτὰ
1659 1408 1752 1493 καὶ
1789 1412 1911 1469 ἐπο-

347 1504 629 1581 πτεύουσι,
672 1501 764 1560 καὶ
805 1497 1175 1563 ἐποπτεύοντες
1204 1495 1475 1577 χαίρουσιν
1512 1495 1599 1555 ἐπὶ
1635 1500 1710 1577 τῷ
1737 1496 1911 1557 πολλὰ

267 1621 322 1660 15
349 1591 618 1667 πράττειν.
641 1591 698 1667 (ὁ
718 1586 772 1646 δὲ
790 1588 962 1662 νοῦς·)
984 1583 1125 1655 ὅταν,
1151 1583 1309 1665 φησὶ,
1331 1581 1500 1663 λάθρα
1524 1582 1911 1663 καταράσωμαι

346 1680 427 1756 τῷ
455 1675 711 1755 δεσπότῃ,
745 1672 865 1732 λίαν
905 1669 1067 1738 οὕτως
1099 1670 1325 1747 ἥδομαι,
1352 1672 1422 1733 ὡς
1450 1670 1618 1727 δοκεῖν
1647 1668 1911 1749 μυστήρια

348 1760 654 1824 ἐποπτεύειν
686 1759 778 1819 καὶ
803 1756 1085 1840 ἑορτάζειν.
1114 1755 1175 1814 τὸ
1204 1754 1258 1814 δὲ
1293 1754 1451 1833 μάλλ’
1494 1746 1637 1814 εἶπεν
1676 1756 1791 1815 ἀντὶ
1818 1761 1909 1815 τοῦ

347 1853 447 1911 οὔκ
487 1847 653 1908 ἀλλά·
684 1851 737 1906 ἐν
769 1845 863 1927 οἵῳ
902 1844 1080 1926 τρόπῳ
1124 1840 1362 1922 λέγομεν,
1409 1845 1510 1923 οὐχ
1543 1835 1648 1902 οἷον
1684 1842 1910 1921 ἥδομαι,

348 1938 468 1998 ἀλλ’
497 1934 845 2017 ὑπερήδομαι.
881 1931 1033 2015 [ἔστι
1067 1929 1123 1990 δὲ
1149 1930 1241 1989 καὶ
1270 1930 1408 2002 ἄλλη
1441 1928 1648 2012 γραφὴ,
1678 1930 1824 2009 μάλα
1860 1930 1909 2010 γ’

264 2054 322 2094 2⁰
350 2023 654 2088 ἐποπτεύειν
673 2025 826 2082 δοκῶ.
848 2019 925 2079 ἔτι
948 2016 1004 2078 δὲ
1026 2017 1119 2078 καὶ
1134 2063 1150 2091 ,
1172 2016 1297 2096 μάλ’
1317 2017 1621 2076 ἐποπτεύειν
1642 2040 1733 2097 μοι
1753 2020 1907 2079 δοκῶ.

345 2111 660 2194 τονθορύζων
700 2107 783 2181 δὲ,
820 2106 1115 2190 ψιθυρίζων,
1151 2103 1328 2186 ἠρέμα
1362 2104 1635 2184 γογγίζων,
1678 2105 1712 2178 ἢ
1741 2106 1909 2186 λάθρα

346 2197 720 2283 φθεγγόμενος,
742 2193 1065 2275 ὁποτρέμων,
1088 2191 1155 2251 τὰ
1177 2192 1330 2272 χείλη
1351 2195 1525 2250 κινῶν.
1551 2190 1714 2266 τὸδὲ,
1738 2190 1911 2251 πολλὰ

346 2289 614 2370 πράττων,
635 2284 672 2358 ἢ
694 2282 809 2342 ἀντὶ
826 2289 917 2342 τοῦ
934 2327 951 2360 ,
977 2279 1181 2362 χαίρεις
1201 2277 1539 2362 τονθορύζων,
1558 2279 1714 2352 ἡνίκα
1738 2278 1910 2339 πολλὰ

350 2379 551 2456 μοχθῇς
593 2369 889 2437 κελεύοντος
916 2375 1006 2428 τοῦ
1045 2364 1298 2426 δεσπότου
1314 2412 1331 2445 ,
1382 2365 1593 2438 νοητέον
1609 2390 1623 2404 ·
1668 2364 1703 2438 ἢ
1745 2365 1908 2440 οὕτω,

261 2504 324 2547 25
347 2464 402 2524 τί
430 2465 485 2522 δὲ
510 2460 713 2542 χαίρεις
740 2456 913 2517 πολλὰ
944 2455 1211 2537 πράττων,
1252 2455 1412 2534 ἤγουν
1454 2455 1696 2534 πάσχων,
1739 2452 1774 2526 ἢ
1806 2478 1910 2533 μο-

344 2555 515 2633 χθῶν·
545 2548 612 2608 ἵν’
647 2539 682 2628 ᾖ
707 2552 735 2607 ὁ
755 2551 845 2605 τοῦ
876 2547 1079 2606 Αἰακοῦ
1105 2543 1255 2621 λόγος
1289 2543 1408 2602 κατ’
1439 2541 1726 2623 εἰρωνείαν.
1754 2541 1791 2614 ἢ
1817 2548 1907 2602 τοῦ

347 2637 549 2700 οἰκέτου
586 2635 825 2715 λέγοντος
861 2631 1024 2691 οὕτω·
1067 2630 1242 2713 χαίρω
1278 2634 1349 2698 ὥς
1381 2628 1458 2707 μὰ
1493 2630 1582 2689 τὸν
1620 2628 1724 2690 Δία
1760 2629 1908 2690 οὐδὲν

347 2727 479 2787 ἄλλο
501 2716 616 2785 οἶδα
632 2769 648 2797 ,
677 2726 747 2790 εἰς
769 2720 798 2781 ὃ
821 2719 995 2801 χαίρω
1018 2718 1179 2799 ἐγώ]

424 2833 522 2876 749.
561 2809 735 2871 πολλὰ
757 2808 1001 2889 πράττων
1026 2827 1040 2867 :
1070 2806 1327 2885 Πάσχων.
1353 2817 1420 2865 D.

262 2945 322 2985 30
423 2922 521 2963 750.
566 2897 817 2977 Ὀμόγνιε
829 2900 934 2957 Ζεῦ
957 2916 971 2956 z
993 2898 1043 2954 Τ
1044 2892 1109 2966 ὴν
1127 2891 1412 2972 ὁμοιότητα
1431 2890 1730 2970 θαυμάζων,
1749 2891 1908 2973 λέγει·

345 2981 471 3062 οἷον,
502 2977 546 3046 ὦ
582 2984 902 3066 ὁμοιότητος.
945 2983 1025 3061 (τὸ
1065 2979 1120 3040 δὲ
1156 2978 1490 3063 παρακούων,
1523 2984 1622 3061 οὐχ
1655 2985 1725 3049 ὡς
1759 2982 1911 3059 ἡμεῖς

344 3077 602 3155 εἰώθαμεν
623 3073 814 3156 λέγειν,
836 3074 1175 3152 καταφρονῶν
1193 3074 1297 3128 τῶν
1317 3067 1612 3146 λεγομένων
1636 3067 1785 3150 παρὰ
1806 3073 1910 3127 τῶν

346 3167 631 3234 δεσποτῶν,
654 3151 775 3221 ἀλλ’
793 3159 918 3225 ἴσως
939 3157 999 3216 τὸ
1022 3156 1190 3239 λάθρα
1214 3156 1628 3238 ἐπακροώμενος.
1656 3155 1794 3214 ἔνθεν
1818 3154 1909 3214 καὶ

297 3252 302 3258 ’
344 3248 683 3317 ὠτακουστὰς
696 3252 744 3307 οἱ
766 3244 985 3305 Ἀττικοί
1004 3246 1173 3327 φασι.)
1194 3243 1282 3325 {ab
1305 3243 1389 3316 δὲ,
1405 3245 1556 3302 πλεῖν
1574 3241 1607 3314 ἢ
1625 3242 1908 3322 μαίνομαι,

258 3380 321 3420 8⁶
348 3340 465 3399 ἀντὶ
485 3345 575 3400 τοῦ
592 3384 608 3410 ,
633 3332 973 3410 ἐξανίσταμαι
996 3337 1181 3391 ἑαυτοῦ
1206 3336 1266 3390 ἐκ
1287 3336 1380 3403 τῆς
1409 3330 1603 3412 ἀξίας.]

424 3447 520 3488 752.
561 3426 666 3492 τοῖς
686 3421 873 3504 θύραζε
898 3441 912 3481 t
942 3421 1068 3487 Τοῖς
1096 3419 1254 3486 ἐκτός.
1281 3432 1372 3501 lyr.

424 3535 524 3577 753.
567 3512 949 3591 κάκμιαίνομαι
976 3530 991 3569 :
1017 3508 1201 3576 Οὕτως
1223 3507 1400 3620 ἔλεγον
1423 3507 1483 3567 τὸ
1506 3508 1910 3589 ἀποσπερματί-

346 3607 471 3674 ζειν,
492 3606 563 3669 ὡς
584 3604 633 3660 οἱ
656 3597 1057 3680 ὀνειρώττοντες.
1098 3602 1250 3655 τοῦτο
1287 3619 1373 3654 ουν
1406 3618 1582 3676 φησιν,
1608 3594 1685 3652 ὅτι
1713 3595 1910 3673 ἥδομαι

344 3689 537 3749 ὡσανεὶ
562 3685 1051 3769 ἄποσπερματίζων.
1073 3720 1152 3731 --
1171 3681 1634 3765 ἄποσπερματίζω.
1657 3683 1909 3763 ἁγνισμὸν

256 3822 319 3862 40
345 3778 635 3856 λογίζομαι.
659 3789 750 3835 Br.

425 3884 521 3925 75⁶.
564 3860 948 3941 ὁμομαστιγίας
984 3879 999 3919 :
1026 3858 1262 3942 [Ὠσπερ
1295 3856 1468 3940 φαμὲν
1509 3859 1758 3940 ἑταιρεῖος
1781 3859 1912 3929 Ζεὺς

346 3951 440 4013 καὶ
464 3951 701 4030 ὁμόγνιος
722 3949 814 4008 καὶ
840 3947 1030 4016 ἱκέσιος
1065 3947 1157 4006 καὶ
1192 3946 1376 4019 ξένιος,
1412 3947 1504 4006 καὶ
1543 3945 1642 4004 ὅσα
1665 3953 1909 4021 τοιαῦτα,

292 4087 302 4100 .
351 4040 488 4102 οὕτω
509 4038 601 4098 καὶ
629 4037 855 4108 δούλιος,
883 4041 912 4094 ὁ
933 4040 1037 4095 τῶν
1058 4033 1254 4093 δούλων
1279 4032 1475 4116 ἔφορος.
1499 4032 1614 4091 ἐπεὶ
1636 4032 1692 4093 δὲ
1715 4037 1762 4092 οἱ
1792 4036 1912 4094 δοῦ-

345 4127 427 4186 λοι
449 4123 689 4204 μάστιξιν
712 4123 1013 4183 ὑπόκεινται
1034 4121 1124 4181 καὶ
1142 4123 1398 4199 πληγαῖς,
1419 4119 1506 4179 διὰ
1528 4126 1680 4180 τοῦτο
1702 4124 1910 4200 ὁμομα-

346 4213 548 4293 στιγίας
570 4203 732 4272 εῖπεν.
756 4208 791 4282 ἢ
835 4208 1145 4290 βουλόμενος
1166 4211 1353 4277 εἰπεῖν,
1392 4205 1445 4274 δς
1474 4213 1619 4284 ἡμᾶς
1650 4214 1740 4268 νῦν
1764 4210 1910 4282 εἰσή-

343 4323 503 4380 γαγε,
559 4299 762 4368 παίζων
815 4298 940 4379 παρ’
1003 4293 1249 4356 ὑπόνοιαν
1311 4286 1453 4354 εἶπεν
1509 4297 1908 4376 ὁμομαστιγίας.

344 4384 596 4468 Ἄλλως]
629 4385 744 4445 ἀντὶ
773 4391 871 4464 ,τοῦ
899 4387 1061 4443 εἰπεῖν
1098 4382 1360 4462 ὁμόγνιος,
1401 4387 1489 4461 (ὡς
1522 4382 1834 4463 ἔμπροσθεν,
1872 4384 1908 4456 ἢ

345 4474 684 4555 ὁμάδελφος,)
719 4462 861 4531 εἶπεν
893 4469 1301 4549 ὁμομαστιγίας,
1330 4461 1434 4528 οἷον
1465 4468 1761 4545 ὁμόδουλος.
1797 4493 1910 4530 στι-

344 4562 493 4622 κτέον
513 4560 568 4620 δὲ
591 4560 676 4620 ἐπὶ
698 4565 788 4620 τοῦ
805 4560 1101 4639 μαστιγίας.
1122 4555 1326 4635 μέλλων
1345 4556 1447 4637 γὰρ
1472 4559 1629 4616 αὐτοῦ
1651 4557 1909 4617 πυνθάνε-

346 4654 469 4709 σθαι
493 4648 614 4732 περί
637 4671 771 4716 τινος
803 4647 1112 4729 πράγματος
1148 4647 1416 4716 δουλικοῦ,
1452 4654 1652 4726 σιωπᾷ,
1683 4644 1911 4713 ἀκούσας

346 4735 489 4796 ἔνδον
515 4733 792 4815 γενομένου
822 4732 1069 4815 θορύὸου,
1091 4731 1213 4814 περὶ
1236 4724 1295 4791 οὗ
1321 4731 1410 4790 καὶ
1435 4731 1549 4803 ἑξῆς
1568 4731 1904 4792 πυνθάνεται.

345 4824 405 4882 οὗ
427 4821 528 4904 γὰρ
552 4820 744 4903 ὁρκίζει
759 4821 915 4881 αὐτὸν
937 4819 1074 4880 κατὰ
1093 4827 1183 4880 τοῦ
1206 4819 1352 4892 Διὸς,
1371 4817 1458 4877 ἵνα
1483 4819 1605 4900 εἴπῃ
1627 4822 1769 4901 αὐτῷ
1787 4818 1909 4901 περὶ

344 4913 441 4981 τῆς
460 4909 604 4969 ἔνδον
632 4913 773 4990 βοῆς.
813 4910 1029 4968 δύναται
1067 4907 1121 4967 δὲ
1147 4907 1500 4966 συνάπτεσθαι
1536 4907 1626 4966 καὶ
1665 4907 1768 4966 ἀπὸ
1789 4914 1908 4981 τοῦ,

347 4995 441 5064 καί
463 5017 553 5076 μοι
571 4994 789 5082 φράσον,
811 4998 968 5082 μέχρι
992 5002 1108 5070 τοῦ,
1126 4998 1209 5076 χώ
1230 4994 1588 5077 λοιδορησμός.

257 4265 318 4312 45

258 4705 320 4749 50

2078 1338 2176 1381 774.
2221 1320 2337 1380 ἀντὶ
2357 1326 2450 1380 τοῦ
2472 1323 2667 1392 πλῆθος
2686 1325 2792 1380 τῶν
2814 1320 3060 1381 τοιούτων
3078 1321 3219 1382 ἐστὶν
3238 1326 3292 1381 ἐν
3308 1321 3485 1409 ᾍδου.
3502 1335 3561 1382 R.

2076 1426 2172 1467 775.
2214 1411 2320 1467 τῶν
2360 1410 2666 1487 ἀντιλογιῶν
2712 1430 2727 1470 :
2771 1409 3102 1491 Παρίστησιν
3145 1413 3303 1469 αὐτοῦ
3345 1410 3405 1469 τὸ
3442 1413 3565 1492 περὶ

1996 1493 2113 1563 τοὺς
2134 1494 2317 1572 λόγους
2340 1495 2544 1578 σαθρόν.
2570 1495 2661 1555 καὶ
2680 1500 2734 1555 ἐν
2754 1496 2929 1564 ἄλλοις
2953 1504 3032 1570 [tr.
3059 1504 3159 1570 542]
3186 1525 3209 1552 α
3232 1497 3562 1580 στρεψίμαλ-

1998 1609 2023 1636 a
2052 1583 2139 1650 λος
2159 1581 2255 1654 τὴν
2277 1583 2468 1663 τέχνην
2489 1583 2795 1664 Εὐριπίδης.
2818 1610 2843 1637 υ
3593 1612 3642 1651 15

2075 1671 2345 1748 λυγισμῶν
2373 1693 2387 1732 :
2410 1673 2676 1748 Καμπῶν.
2697 1669 2977 1752 [γράφεται
2998 1672 3287 1751 λογισμῶν,
3305 1672 3565 1755 τουτέστι]

1996 1759 2427 1838 παραλογισμῶν.
2450 1757 2511 1816 τὸ
2532 1757 2586 1816 δὲ
2608 1757 2888 1835 κάμπτειν,
2904 1758 3018 1836 ἅμα
3044 1758 3139 1836 μὲν
3157 1758 3288 1842 πρὸς
3302 1760 3370 1818 τὰ
3395 1760 3529 1838 μέλη
3545 1807 3562 1835 ,

1997 1844 2112 1923 ἅμα
2157 1843 2213 1904 δὲ
2256 1845 2384 1928 πρὸς
2419 1845 2479 1905 τὸ
2516 1845 2785 1915 ἐξελίττειν
2826 1846 2917 1904 καὶ
2953 1844 3283 1906 ἀναδύεσθαι.
3319 1846 3565 1931 Ὅμηρος

2000 1941 2080 2006 [ΙΙ.
2104 1945 2175 2006 Α,
2201 1940 2298 2006 105]
2325 1962 2347 1986 «ι
2370 1932 2485 2006 δίδη
2506 1934 2752 2014 μόσχοισι
2769 1933 2992 2014 λύγοισι.
3020 1960 3045 1985 ν
3063 1933 3291 2013 Δίδυμος
3308 1933 3391 2009 δὲ,
3414 1938 3564 2017 λυγι-

1996 2025 2170 2100 σμῶν,
2197 2020 2327 2101 [ἀπὸ
2346 2026 2450 2081 τῶν
2476 2020 2762 2081 συνδίσεων
2784 2027 2874 2081 τοῦ
2901 2021 3121 2100 λόγου].-
3587 2045 3643 2085 20

2074 2130 2172 2171 77⁶.
2217 2108 2644 2191 [ὑπερεμάνησαν
2698 2130 2713 2171 :
2755 2109 2891 2170 Ἀντὶ
2934 2115 3052 2183 τοῦ,
3096 2108 3217 2169 λίαν
3271 2110 3558 2192 ἐχάρησαν.

1994 2196 2191 2257 τούτων
2219 2196 2323 2280 γὰρ
2348 2200 2397 2257 οἱ
2427 2203 2651 2257 τοιοῦτοι
2682 2196 2979 2278 ὀρέγονται,
2996 2196 3064 2257 ἵν’
3091 2197 3247 2257 ὁπότε
3280 2204 3562 2281 φωραθῶσι

1995 2284 2334 2358 κλέπτοντες,
2379 2284 2467 2343 διὰ
2502 2284 2697 2344 τούτων
2733 2284 2852 2353 τοὺς
2891 2285 3277 2366 κεκρατηκότας
3309 2287 3558 2369 φεύγωσι.

1996 2371 2270 2431 διαθάλλει
2307 2371 2361 2431 δὲ
2400 2370 2691 2453 Εὐριπίδην
2732 2374 2954 2432 ἐνταῦθα
2998 2375 3069 2439 ὣς
3103 2371 3221 2431 λίαν
3266 2381 3561 2457 πανοῦργον

1994 2459 2085 2518 καὶ
2107 2458 2175 2517 τὰ
2196 2464 2412 2517 τοιαῦτα
2438 2463 2492 2518 ἐν
2511 2466 2620 2525 τοῖς
2637 2457 2899 2539 δράμασιν
2922 2459 3336 2540 ἐπιτηδεύοντι]
3585 2487 3639 2529 z

2020 2578 2025 2584 ·
2072 2567 2170 2607 778.
2216 2549 2310 2606 οὐκ
2330 2544 2583 2605 ἐὸάλλετο
2610 2566 2625 2605 t
2654 2545 2829 2614 Αίθοις
2851 2546 3105 2619 δηλονότι.
3134 2538 3249 2606 εἶτα
3273 2550 3368 2608 οὔκ
3395 2550 3562 2610 ἐλιθο-

1995 2634 2197 2693 ὅολεῖτο
2210 2681 2227 2713 ,
2246 2633 2402 2715 φησὶ,
2426 2639 2580 2693 τοῦτο
2598 2629 2843 2704 ποιήσας.

2073 2742 2171 2783 781.
2216 2720 2451 2803 οὐράνιόν
2468 2722 2516 2801 γ’
2534 2719 2655 2779 ὅσον
2679 2742 2694 2781 t
2719 2721 2856 2781 Ἀντί
2877 2727 2995 2797 τοῦ,
3018 2719 3153 2780 πολὺ
3178 2720 3294 2801 (καὶ
3319 2722 3560 2802 μεγάλως

1996 2809 2221 2882 ἐὸόησαν
2245 2856 2258 2869 .

2074 2917 2172 2959 783.
2217 2812 2389 2976 δλίγον
2416 2896 2476 2957 τὸ
2496 2897 2728 2979 χρηστόν
2747 2899 2889 2957 ἐστιν
2915 2916 2930 2957 t
2958 2896 3231 2958 Δείκνυσιν
3254 2901 3327 2965 ὡς
3346 2897 3475 2980 πρὸς
3498 2898 3559 2959 τὸ
3584 2939 3640 2981 ³0

1996 2985 2226 3067 θέατρον.
2252 2983 2456 3064 μιγνύει
2481 2985 2536 3044 δὲ
2559 2984 2628 3045 τὰ
2650 2984 2831 3044 ἐνθάδε
2853 2987 2958 3053 τοῖς
2978 2986 3105 3046 ἐκεῖ.
3126 2990 3216 3044 νῦν
3233 2982 3336 3066 γὰρ
3360 2990 3419 3045 οὗ
3439 2990 3556 3048 καθ’

1994 3073 2020 3100 ‘'
2062 3076 2150 3132 δου
2172 3072 2202 3132 ἔ
2235 3096 2292 3144 η.

2008 3077 2056 3159 ᾼ
2073 3181 2170 3222 789.
2199 3097 2243 3219 c}
2266 3161 2555 3240 Σοφοκλῆς.
2586 3171 2644 3219 R.

2075 3269 2173 3310 790.
2221 3249 2474 3326 (κάκεῖνος
2491 3244 2830 3327 ὑπεχώρησεν
2849 3247 2991 3326 αὗτῷ
3010 3250 3100 3305 τοῦ
3118 3245 3300 3327 θρόνου
3324 3268 3339 3308 t
3364 3250 3560 3309 Καλλί-

1997 3359 2242 3418 στρατος,
2275 3336 2377 3413 οὐχ
2398 3338 2470 3401 ὡς
2501 3331 2935 3414 παραδεδωκότος
2971 3335 3241 3414 Αἰσχύλου
3270 3335 3358 3394 τὸν
3382 3336 3559 3417 θρόνον
3581 3380 3635 3422 ³5

1995 3427 2071 3504 τῷ
2100 3423 2388 3504 Σοφοκλεῖ,
2410 3420 2526 3479 ἀλλ’
2552 3422 2623 3486 ὡς
2654 3419 3107 3501 παραδεδεγμένου
3133 3421 3289 3481 αὐτὸν
3317 3423 3409 3481 καὶ
3430 3427 3560 3482 ὕπο·-

1996 3508 2392 3592 κεχωρηκότος.)

2074 3618 2170 3659 791.
2216 3593 2593 3673 (Κλειδημίδης
2624 3615 2640 3656 :
2676 3594 3097 3677 Καλλίστρατος,
3123 3596 3203 3655 ὅτι
3231 3595 3355 3665 ἴσως
3382 3601 3557 3679 Σοφο-

1995 3683 2176 3753 κλέους
2200 3683 2304 3752 υἱὸς
2326 3675 2489 3750 οὗτος.
2510 3681 2850 3751 Ἀπολλώνιος
2874 3682 2956 3756 δὲ,
2980 3683 3062 3743 ὅτι
3082 3684 3405 3765 Σοφοκλέους
3431 3690 3561 3745 ὓπο-

1996 3770 2192 3853 κριτής.
2230 3776 2385 3830 τοῦτο
2425 3769 2479 3829 δὲ
2519 3769 2693 3842 πόθεν,
2734 3770 3016 3850 σκέψασθε.
3059 3771 3335 3830 διαὸάλλει
3373 3770 3429 3831 δὲ
3468 3773 3558 3831 καὶ
3582 3816 3637 3857 ⁴0

1996 3858 2356 3936 Κλειδημίδην
2383 3862 2454 3925 ὡς
2480 3857 2802 3938 κακόξενον.)

2074 3967 2171 4007 797.
2216 3943 2427 4027 ἔφεδρος
2464 3964 2478 4004 2
2527 3946 2743 4025 Κριτής.
2782 3957 2874 4003 Br-
2915 3943 3147 4026 ἔφεδρος,
3181 3950 3211 4005 ὁ
3244 3946 3557 4027 μαχομένων

1994 4036 2147 4092 τινῶν
2170 4032 2635 4113 παρακαθήμενος,
2671 4031 2762 4091 καὶ
2798 4031 3004 4110 μέλλων
3030 4036 3107 4113 τῷ
3146 4033 3434 4106 νενικηκότι
3459 4057 3558 4113 μα-

1994 4119 2280 4202 χήσασθαι.
2305 4130 2386 4178 Br.

2073 4228 2172 4268 793.
2217 4206 2363 4285 (ἕξειν
2386 4204 2525 4266 κατὰ
2544 4205 2728 4286 χώραν
2753 4228 2768 4266 2
2799 4206 2937 4267 ’Avd
2961 4212 3081 4281 τοῦ,
3103 4206 3275 4267 ἐάσειν
3303 4206 3464 4276 οὕτως
3485 4212 3554 4276 ὡς
3584 4252 3636 4291 ⁴5

1995 4286 2140 4376 εἶρεν
2165 4293 2430 4374 Αἰσχύλον
2455 4293 2801 4374 καθέζεσθαι.)

2074 4403 2169 4443 795.
2212 4383 2330 4442 ἀντὶ
2355 4388 2445 4441 τοῦ
2473 4382 2610 4464 ἄρτι.
2636 4394 2693 4442 R.

2074 4469 2599 4549 ζυγοστατηθήσεται.
2621 4481 2744 4529 VB.

2073 4578 2171 4619 798.
2218 4556 2641 4636 μειαγωγήσουσι
2667 4556 2763 4629 τὴν
2785 4556 3080 4638 τραγῳδίαν
3114 4577 3129 4617 :
3157 4558 3327 4617 Μεῖον
3346 4555 3556 4636 λέγουσι

1992 4644 2111 4713 τοὺς
2132 4644 2261 4727 ὑπὲρ
2295 4649 2399 4703 τῶν
2430 4648 2555 4703 υἱῶν
2603 4648 2675 4712 εἰς
2715 4642 2783 4703 τὰ
2811 4644 3125 4725 Ἀπατούρια
3156 4645 3288 4726 [Rc]
3323 4644 3427 4705 ὕπὸ
3451 4650 3555 4705 τῶν

1993 4732 2232 4814 πατέρων
2260 4731 2678 4814 εἰσφερομένους,
2704 4731 2789 4792 διὰ
2816 4732 2877 4791 τὸ
2911 4734 3184 4814 ἐπιφωνεῖν
3220 4732 3338 4800 τοὺς
3364 4733 3556 4815 φράτο·

1996 4843 2090 4900 ρας
2120 4818 2208 4879 ἐπὶ
2229 4825 2321 4878 τοῦ
2362 4822 2594 4895 σταθμοῦ
2628 4824 2721 4878 τοῦ
2753 4819 2968 4901 ἱερείου,
3004 4821 3147 4897 μεῖον
3180 4820 3342 4897 μεῖον.
3385 4820 3465 4880 ὅτι
3501 4820 3557 4881 δὲ

1991 4905 2204 4980 ἵστατο,
2232 4906 2605 4988 Ἀριστοφάνης
2632 4910 2685 4966 ἐν
2727 4908 2976 4990 Δράμασι
3003 4907 3284 4980 δεδήλωκε.
3322 4914 3474 4967 τοῦτο
3502 4908 3556 4967 δὲ

1994 4993 2247 5066 κέκληται
2286 4995 2538 5076 κουρεῖον,
2568 4993 2673 5053 ἀπὸ
2693 5000 2797 5054 τῶν
2840 4992 3059 5076 κούρων,
3089 4994 3220 5077 ὑπὲρ
3256 4988 3328 5055 ὧν
3364 4995 3554 5062 ἐθύετο.

3583 4693 3634 4732 ὖθ
