3859 5725
1466 310 1845 373 SCHOLIA
1891 311 1985 373 IN
2031 309 2374 373 VESPAS.

3407 326 3517 378 153

318 442 504 516 ἐπειδὴ
530 441 839 520 θεσμοθέται
863 441 956 502 καὶ
980 439 1193 509 δέκατος
1213 445 1243 501 6
1262 440 1604 523 γραμματεὺς
1624 444 1875 523 κληροῦσι
1966 439 2299 508 εἰσελθόντος.
2328 442 2421 500 οὐκ
2443 441 2524 500 ἐπ’
2554 439 2772 523 ἀληθεία
2794 440 2849 501 δὲ
2879 442 3045 502 ταῦτά
3076 465 3252 524 φησιν,
3275 444 3357 504 ὅτι
3376 468 3520 527 χρη-

319 534 443 601 τοὺς
470 530 720 611 δικαστὰς
751 529 872 598 τοὺς
902 535 999 602 τῆς
1022 532 1182 601 αὑτῆς
1205 533 1370 612 φυλῆς
1391 529 1622 597 ἕκαστος.
1743 530 1876 590 Ἄλ-

320 623 448 687 λως.
474 624 645 702 ἀρχῆς
675 618 841 696 ὄνομα
872 609 946 677 ὧν
969 622 1076 685 τοῖς
1105 617 1436 699 ψηφίσμασιν
1469 621 1880 698 ἕχειροτονοῦντο

321 712 371 769 οἱ
396 705 662 768 δικασταί.
714 705 806 765 καὶ
829 697 994 785 ἦρχον
1017 708 1190 764 αὐτῶν
1214 704 1403 777 οὕτως,
1427 710 1497 773 ὣς
1518 704 1608 764 καὶ
1632 703 1882 763 δύνασθαι
1922 741 1933 767 ,

1968 527 2098 606 σμὸς
2125 526 2275 599 ἐδόθη
2292 572 2308 601 ,
2334 527 2471 586 ἀλλὰ
2492 529 2622 609 πρὸς
2646 527 2706 587 τὸ
2736 529 2998 611 φιλόδικον
3023 531 3195 591 αὐτῶν
3222 531 3417 602 παίζει.

2047 612 2115 673 τὰ
2142 613 2295 693 λόγια
2331 637 2346 676 :
2373 618 2445 676 Οἱ
2471 616 2705 696 χρησμοὶ
2728 623 2820 676 τοῦ
2848 617 3187 687 Ἀπόλλωνος.
3216 631 3281 680 V.

2047 720 2144 761 σοι.
2187 701 2468 763 Ἑκάταιον
2497 724 2512 764 z
2541 703 2721 784 (Ἱερὸν
2740 704 2998 778 Ἑκάτης,
3020 711 3091 775 ὣς
3115 710 3219 765 τῶν
3238 707 3520 780 Ἀθηναίων

270 812 298 852 5
323 796 567 856 ἀκὸαλεῖν
602 794 694 853 καὶ
727 792 804 871 μὴ
835 796 927 851 ἐᾶν
952 791 1168 852 εἰσιέναι
1203 795 1274 859 εἷς
1296 792 1359 851 τὸ
1386 789 1737 872 δικαστήριον.
1767 779 1882 848 εἰπε
1924 776 1934 844 ἶ
1968 795 2246 868 πανταχοῦ
2282 789 2599 871 ἱδρυομένων
2633 790 2797 863 αὐτὴν
2836 795 2908 859 ὧς
2948 792 3129 875 ἔφορον
3173 793 3384 853 πάντων
3430 795 3522 855 καὶ
3546 822 3572 861 5

325 883 382 943 δὲ
404 883 497 942 καὶ
520 883 721 954 ἑκάστη
754 879 891 963 φυλὴ
915 879 1047 961 πρὸς
1069 880 1160 940 ἕνα
1183 883 1256 947 εἰς
1287 880 1350 939 τὸ
1375 878 1495 947 τοὺς
1520 879 1710 957 νόμους
1732 880 1883 948 εἰση-
1970 876 2329 959 κουροτρόφον.
2382 877 2666 938 Ἑκάταιον
2727 870 2817 938 οῧν
2873 879 3106 953 Ἑκάτης
3164 880 3411 960 ἄγαλμα,
3460 883 3523 943 τὸ

325 971 570 1051 γεῖσθαι.)

1972 962 2289 1037 Ἑκατήσιον
2307 965 2607 1044 λεγόμενον.
2631 971 2697 1047 τῇ
2716 967 3006 1048 προσῳδίᾳ)
3031 967 3429 1049 Καλλίστρατος
3453 974 3525 1038 ὥς

408 1078 506 1119 πε.
555 1055 778 1135 (δάκνων
818 1053 1037 1115 σεαυτόν
1072 1074 1088 1115 z
1123 1052 1348 1126 Ἐπειδὴ
1383 1052 1546 1114 ἐνίοτε
1573 1050 1682 1111 ἀπὸ
1707 1048 1885 1122 πείνης
1972 1050 2236 1112 ἐπινίκιον.
2261 1051 2333 1129 (ἔν
2354 1076 2461 1112 τισι
2483 1051 2585 1133 γὰρ
2618 1051 2833 1133 εὕρηται
2866 1053 3186 1134 Ἑκατεῖον.)

329 1150 361 1204 6
386 1141 639 1215 δικαστὴς
663 1142 754 1201 τὸν
780 1141 1002 1221 λέγοντα
1024 1141 1408 1220 καταδικάζει.)

2051 1158 2151 1200 807.
2199 1140 2345 1218 (ἀμὶς
2369 1139 2464 1218 μέν
2495 1161 2509 1201 :
2538 1141 2829 1223 Οὔρητρὶς,
2858 1142 3079 1223 οὗρηρὸν
3108 1145 3333 1222 ἀγγεῖον.
3361 1145 3525 1224 οὐρη-

249 1250 304 1292 10
410 1251 513 1295 779.
557 1232 689 1309 (πῶς
711 1221 800 1289 οῦν
832 1229 1191 1309 διαγινώσκειν
1221 1251 1235 1289 :
1264 1227 1485 1301 Ἐπειδὴ
1516 1220 1659 1288 εἶπεν
1690 1228 1831 1304 αὐτῷ
1857 1226 1887 1281 ὁ
1970 1224 2157 1307 τιάσῃς
2179 1226 2235 1286 δὲ
2254 1229 2473 1308 οὐρῆσαι
2500 1228 2763 1309 βουλήσῃ,
2784 1226 2820 1299 ἢ
2845 1230 3222 1311 στραγγουρίας
3237 1230 3527 1313 περιπέσῃς
3555 1252 3606 1292 ιο

329 1317 685 1391 Βδελυκλέων,
705 1316 957 1379 δύνασθαι
979 1317 1255 1387 δικάζοντα
1273 1318 1361 1376 ἐπὶ
1380 1322 1475 1389 τῆς
1492 1284 1657 1383 όίκίας
1679 1312 1884 1383 ἐσθίειν,
1974 1313 2271 1393 νοσήματι.)

330 1407 486 1491 φησὶ,
508 1411 624 1474 πῶς
650 1405 942 1484 δυνήσομαι
964 1405 1148 1465 ἐσθίων
1177 1404 1462 1485 δοκιμάσαι
1484 1404 1552 1464 τὰ
1575 1403 1834 1482 λεγόμενα
1847 1401 1884 1477 3)

410 1516 511 1558 78³.
557 1491 997 1574 (ἀναμασώμενοι
1051 1515 1066 1552 :

331 1582 606 1660 νοούμενον
644 1580 775 1663 πρὸς
811 1579 872 1639 τὸ
912 1580 1158 1660 χρειῶδες
1197 1581 1425 1648 ἐνταῦθα
1466 1577 1763 1659 παρέλαὸεν
1797 1572 1888 1633 ἰπὶ

255 1693 308 1733 ιε
336 1676 425 1730 τοῦ
451 1668 723 1736 ἐσθίοντος.
845 1665 1063 1734 Ἄλλως.
1092 1668 1154 1725 ἰκ
1188 1674 1486 1778 μεταφορᾶς
1515 1671 1618 1725 τῶν
1642 1668 1888 1738 ἀναπεμ-

335 1755 605 1827 παζόντων
636 1754 736 1827 τὴν
761 1753 960 1838 τροφὴν
987 1753 1133 1836 ζῴων
1160 1755 1252 1814 καὶ
1287 1758 1431 1820 αυθις
1459 1748 1887 1831 ἀναμασωμένων

334 1845 398 1906 τὸ
422 1843 829 1922 ἀναμασιῖιμενοι
856 1841 1100 1923 εἴρηκεν.)

413 1953 512 1994 737.
555 1931 915 2012 Λυσίστρατος
944 1949 960 1990 z
991 1927 1317 1996 Σκωπτικός.
1354 1928 1474 2005 (καὶ
1500 1929 1556 1987 ἐν
1581 1927 1892 2006 Ἀχαρνεῦσι

335 2021 463 2099 [855]
489 2049 516 2073 ιι
538 2016 898 2099 Λυσίστρατός
922 2017 969 2076 τ’
998 2018 1052 2075 ἐν
1094 2019 1260 2098 ἀγορᾷ
1283 2013 1600 2096 Χολαργέων
1628 2013 1834 2079 ὄνειδος.
1866 2036 1890 2063 υ

249 2127 309 2166 20
337 2108 451 2168 ἔστι
500 2107 555 2167 δὲ
594 2106 686 2167 καὶ
739 2105 910 2187 ἔτερος
954 2104 1342 2186 Λυσίστρατος,
1386 2112 1512 2172 παῖς
1568 2099 1891 2181 Μακαρέως,

337 2195 707 2274 σκωπτόμενος
742 2196 815 2260 εἰς
845 2191 1124 2251 κιναιδίαν.
1244 2189 1461 2258 Ἄλλως.
1500 2192 1638 2249 δυοῖν
1670 2187 1772 2267 γὰρ
1809 2187 1894 2244 δι-

335 2291 559 2350 κασταίς
599 2281 797 2340 ἐδίδοτο
843 2278 1059 2360 δραχμὴ
1108 2277 1239 2356 μία,
1267 2278 1360 2338 καὶ
1398 2276 1561 2344 οὕτως
1600 2273 1895 2356 ἐμερίζοντο

335 2371 468 2454 πρὸς
505 2371 644 2451 τρεῖς
684 2366 917 2434 όὸολούς.
962 2369 1034 2433 ὥς
1067 2371 1160 2425 τοῦ
1193 2355 1554 2446 Λυσιστράτου
1593 2362 1709 2441 ἅμα
1749 2363 1895 2442 αὐτῷ

338 2457 607 2538 εἰληφότος
643 2453 890 2537 δραχμὴν
931 2453 1062 2535 ὑπὲρ
1089 2458 1180 2512 τοῦ
1221 2455 1522 2513 δικαστικοῦ
1553 2455 1738 2529 μισθοῦ
1755 2494 1773 2527 ,
1804 2447 1897 2507 καὶ

244 2570 308 2611 ²5
341 2542 823 2624 ἐμπεπιστευμένου
851 2541 1166 2620 κερματίσαι
1195 2539 1378 2613 αὐτὴν,
1398 2537 1535 2598 ὥστε
1564 2536 1895 2620 μερίσασθαι,

338 2634 434 2695 καὶ
467 2629 835 2713 παρασχόντος
876 2631 1022 2709 αὐτῷ
1048 2627 1165 2688 ἀντὶ
1203 2626 1449 2711 ἀργυρίου
1485 2625 1727 2699 λεπίδας,
1755 2627 1896 2704 ἀγα-

336 2725 521 2794 πητῶς
547 2719 660 2800 ἔχει
687 2718 748 2777 τὸ
774 2716 928 2796 μόνος
948 2716 1240 2794 λαμὸάνειν
1263 2714 1381 2782 τοὺς
1407 2715 1656 2793 μισθούς.)

418 2828 524 2870 788.
570 2803 836 2888 (δραχμὴν
880 2804 992 2883 μετ’
1025 2805 1152 2881 ἐμοῦ
1178 2800 1357 2863 λαὸών
1388 2820 1404 2863 τ
1441 2801 1592 2864 Καθὸ
1619 2802 1689 2868 εἰς
1730 2796 1822 2858 δύο
1859 2802 1894 2871 ἡ

338 2895 556 2977 δραχμὴ
571 2894 768 2953 ἐδίδοτο
787 2892 879 2951 καὶ
905 2891 1054 2951 αὐτοὶ
1078 2892 1345 2971 διῃροῦντο
1368 2889 1791 2973 κερματίζοντες,
1809 2884 1896 2946 ἵνα

243 3004 312 3045 ³⁰
340 2983 418 3063 μὴ
454 2986 502 3043 οἱ
527 2979 854 3062 κωλακρέται
880 2978 1052 3060 κέρμα
1076 2977 1424 3060 εἰσφέρωσιν.)

421 3091 520 3131 789.
563 3073 618 3129 ἐν
658 3075 766 3134 τοῖς
798 3063 1004 3145 ἰχθύσιν
1039 3084 1055 3125 :
1087 3064 1180 3125 Ἐν
1218 3072 1325 3132 τοῖς
1351 3062 1732 3144 ἰχθυοπωλίοις.
1770 3060 1897 3140 (ἀπὸ

336 3161 447 3218 τῶν
484 3153 839 3232 πωλουμένων
878 3149 997 3219 τοὺς
1030 3154 1331 3220 πωλοῦντας
1375 3150 1557 3211 εἰπών.
1588 3149 1805 3217 λοπίδας
1841 3147 1898 3208 δὲ

339 3245 402 3312 ἃς
429 3247 581 3321 ἡμεῖς
607 3239 824 3308 λεπίδας
849 3239 1149 3316 καλοῦμεν.)

432 3331 575 3409 (7⁹0).
618 3324 880 3406 κεστρέων
909 3346 924 3385 ;
959 3321 1220 3405 Κεστρεὶος
1260 3314 1393 3390 εἶδός
1428 3324 1567 3382 ἐστιν
1612 3319 1812 3402 ἰχθύος,
1846 3324 1897 3401 [δ

247 3438 312 3478 ιο
336 3419 620 3499 λεγόμενος
636 3415 860 3496 κέφαλος
873 3414 918 3492 ,]
933 3410 1169 3491 μεγάλην
1192 3408 1379 3470 λεπίδα
1399 3409 1520 3490 ἔχον
1542 3410 1634 3469 καὶ
1647 3414 1895 3490 παχεῖαν,

338 3513 412 3575 ὣς
437 3505 683 3565 ὑπόνοιαν
712 3500 876 3574 αὐτὴν
902 3500 1041 3580 ἔχειν
1066 3499 1328 3580 ἀργυρίου.

422 3613 522 3655 791.
565 3589 714 3670 κάγὼ
729 3587 950 3668 ’νέκαψα
975 3606 990 3647 :
1014 3584 1286 3666 Ἐνέκαψα
1298 3629 1314 3658 ,
1329 3582 1545 3657 ἐνέθηκα
1560 3587 1635 3665 τῷ
1656 3584 1897 3663 στόματι,

340 3679 567 3755 νομίζων
591 3668 725 3736 εἶναι
753 3673 1019 3757 ἀργύριον.
1053 3675 1282 3750 (πολλοῖς
1306 3671 1409 3752 γάρ
1432 3675 1572 3732 ἐστιν
1602 3672 1712 3740 ἔθος
1740 3673 1795 3730 ἐν
1821 3674 1899 3753 τῷ

341 3765 568 3843 στόματι
595 3762 874 3845 φυλάττειν
895 3760 957 3820 τὸ
981 3759 1266 3841 ἀργύριον.)

249 3870 315 3912 40
430 3854 477 3930 (’
507 3852 629 3929 ’μην
657 3849 839 3909 λαὸεῖν
866 3869 882 3909 :
911 3845 1042 3909 Ὅτι
1082 3850 1237 3920 δηλοῖ
1261 3845 1350 3907 τὸν
1385 3845 1597 3924 λεπτὸν,
1623 3846 1797 3914 ὁποῖός
1821 3870 1901 3914 τις

337 3933 428 4013 ἦν.
447 3876 522 4012 Ξῖ
537 3937 592 3997 δὲ
620 3941 822 4018 ἀργυρᾶ
848 3936 1167 4014 νομίσματα.
1196 3931 1506 4015 ὀσφρόμενος
1532 3933 1587 3992 δὲ
1612 3937 1706 4006 τῆς
1731 3936 1898 3994 δυσω-

339 4028 460 4095 δίας
486 4024 824 4103 αἰσθόμενος.)

426 4134 533 4175 794.
588 4110 946 4192 (ἀλεκτρυόνος
981 4111 1038 4189 μ’
1074 4107 1299 4192 ἔφασκεν
1330 4129 1346 4170 :
1378 4107 1533 4169 Ἐπεὶ
1558 4107 1732 4168 πάντα
1767 4107 1898 4168 πέτ-

336 4224 524 4264 τουσιν
549 4204 599 4259 οἱ
626 4197 963 4279 ἀλεκτρυόνες
986 4194 1310 4277 θερμοτάτην
1338 4194 1541 4255 κοιλίαν
1568 4195 1818 4275 ἔχοντες.)

249 4304 312 4345 (ὅ
425 4309 524 4352 7⁹5.
569 4285 722 4366 (ταχὺ
750 4291 873 4365 γοῦν
912 4284 1155 4365 καθέψεις
1181 4303 1197 4343 :
1229 4280 1367 4349 Τοὺς
1406 4280 1616 4350 ὄὸολοὸς
1646 4284 1901 4364 ἀργυροῦς

335 4377 578 4458 εἴρηκεν,
601 4378 672 4441 ὥς
694 4373 784 4432 καὶ
803 4373 954 4450 ἡμεῖς
974 4370 1198 4449 λέγομεν
1215 4372 1473 4449 χαλκοῦς,
1492 4369 1717 4450 ἀργύρου
1734 4370 1894 4438 ὄντος.

337 4463 376 4536 ἢ
408 4460 592 4522 καθότι
626 4464 764 4539 τρεῖς
793 4459 969 4519 ὀὸολοὶ
1002 4457 1142 4524 ὄντες
1180 4460 1313 4538 ἀργυ
1349 4462 1437 4516 οῦν
1465 4456 1749 4537 τριώὸολον
1787 4458 1901 4536 ἐγέ-

335 4550 533 4626 νοντο.)
562 4579 634 4590 -
654 4546 735 4606 ὅτι
761 4546 852 4606 καὶ
872 4544 1047 4604 ὀὸολοὶ
1076 4545 1312 4625 ἀργυροῖ”
1357 4565 1473 4603 σαν.
1502 4554 1561 4601 R.

427 4628 485 4709 (ἦ
515 4635 559 4694 δ’
590 4633 645 4701 ὃς
677 4632 844 4714 λέγων
874 4654 889 4693 z
927 4630 1063 4692 Ἀντὶ
1098 4637 1188 4690 τοῦ
1225 4631 1343 4711 ἔφη.
1373 4629 1463 4690 καὶ
1500 4629 1640 4689 ἔστιν
1677 4629 1784 4689 ἀπὸ
1807 4637 1898 4691 τοῦ

249 4746 310 4787 ω
335 4723 464 4801 ἠμί.
488 4720 747 4801 κέχρηται
767 4720 823 4779 δὲ
844 4721 989 4800 αὐτῷ
1012 4721 1239 4797 συνεχῶς
1263 4721 1292 4776 6
1316 4715 1544 4778 Πλάτων
1569 4716 1656 4777 ἐπὶ
1683 4716 1903 4794 μέλλον-

333 4834 432 4878 τος
460 4807 639 4886 μόνου·
669 4810 719 4867 οἱ
746 4807 801 4867 δὲ
822 4807 1046 4882 κωμικοὶ
1068 4806 1159 4864 καὶ
1184 4805 1271 4864 ἐπὶ
1296 4808 1401 4864 τῶν
1424 4804 1598 4864 ἄλλων
1617 4804 1860 4886 χρόνων.)

423 4918 528 4959 708.
574 4895 737 4974 (ταῦθ’
765 4894 876 4968 ἥξω
908 4916 924 4956 2
952 4891 1040 4956 Τὰ
1067 4892 1197 4976 πρὸς
1215 4892 1278 4952 τὸ
1306 4897 1494 4973 σχῆμα
1521 4898 1612 4951 τοῦ
1646 4894 1901 4965 δικαστη-

337 4985 462 5072 ρίου
489 4982 822 5061 ἐπιτηδεύει.)

429 5090 536 5138 78⁹·
578 5069 676 5152 ὅρα
704 5069 766 5129 τὸ
793 5069 981 5152 χρῆμα
1020 5088 1034 5129 :
1065 5069 1249 5129 Ταῦτα
1279 5065 1409 5148 πρὸς
1440 5064 1642 5139 ἑαυτὸν,
1672 5071 1763 5127 τοῦ
1788 5068 1901 5127 υἱοῦ

15 2959 43 3018 μ

203 4873 238 4902 ‘h

2052 1420 2150 1461 810.
2194 1402 2591 1484 (στραγγουρίας
2615 1423 2630 1465 1
2666 1407 2917 1473 Φυσικῶς
2932 1409 3085 1464 τοῦτο
3106 1396 3268 1467 εἶπεν.
3294 1406 3529 1485 συμὸαί-

1121 1492 1257 1552 ’Ant
1308 1497 1399 1552 τοῦ
1458 1488 1886 1568 διαλογιζόμενοι.
1974 1510 2050 1547 νει
2075 1486 2178 1571 γὰρ
2203 1489 2321 1558 τοὺς
2351 1491 2634 1572 ἐπέχοντας
2666 1491 2735 1551 τὰ
2763 1485 2892 1574 οὖρα
2926 1496 3344 1575 στραγγουριᾶν.)

2054 1596 2153 1636 su.
2199 1577 2559 1660 (προσέστηκε
2619 1584 2763 1660 φακῆ
2816 1601 2831 1641 z
2879 1579 3096 1662 Ὥσπερ
3141 1580 3203 1640 τὸ
3242 1586 3377 1654 συκῆ
3423 1581 3530 1640 ἀπὸ

1978 1662 2138 1722 συκέα
2162 1669 2493 1745 περισπῶσι,
2516 1665 2609 1726 καὶ
2634 1667 2695 1726 τὸ
2723 1669 3001 1747 ἀμυγδαλῆ
3027 1668 3133 1728 ἀπὸ
3153 1673 3244 1729 τοῦ
3282 1671 3528 1748 ἀμυγδα-
3559 1683 3609 1724 15

1976 1747 2101 1822 λέα,
2123 1747 2261 1808 οὕτω
2283 1750 2374 1809 καὶ
2401 1757 2544 1833 φακῆ
2575 1752 2681 1812 ἀπὸ
2702 1761 2793 1814 τοῦ
2816 1754 3029 1836 φακέα.)

2055 1855 2154 1897 su.
2201 1838 2497 1920 ῥοφήσομαι
2536 1859 2552 1900 z
2590 1840 2685 1909 Ὡς
2713 1840 2808 1901 καὶ
2843 1845 3015 1924 φακῆς
3056 1841 3354 1924 ῥοφήματος
3394 1844 3534 1905 διδο-

1981 1921 2137 2000 μένου
2181 1933 2288 1992 τοῖς
2328 1928 2648 2002 ἀσθενοῦσιν,
2700 1927 2963 2008 (ἔπαιξεν,
3006 1928 3123 1989 ἐπεὶ
3173 1932 3224 1990 οἱ
3268 1934 3533 2001 νοσοῦντες

1980 2009 2141 2090 χυλὸν
2163 2011 2423 2085 πτισάνης
2451 2017 2701 2097 ῥοφοῦσι).

2059 2118 2152 2157 εῐε.
2199 2099 2267 2175 (τί
2291 2099 2379 2158 τὸν
2399 2100 2539 2183 ὄρνιν
2570 2121 2586 2163 t
2616 2102 2709 2170 Ὡς
2732 2101 2823 2163 καὶ
2846 2102 3169 2186 ἀλεκτρυόνα
3196 2101 3534 2183 ἐξαγαγόντος
3561 2117 3615 2157 2⁰

1981 2190 2072 2244 τοῦ
2100 2187 2527 2267 Βδελυκλέωνος.)
2675 2216 2681 2225 ‘

2060 2293 2162 2334 817.
2212 2274 2372 2356 (ᾅδων
2402 2296 2417 2334 2
2452 2275 2657 2358 Κυρίως
2678 2277 2739 2337 τὸ
2767 2278 2908 2361 ᾅδειν
2936 2279 3025 2340 ἐπὶ
3050 2284 3141 2340 τοῦ
3171 2277 3534 2360 ἀλεκτρυόνος,

1984 2361 2251 2431 κοκκύζειν
2280 2360 2336 2421 δὲ
2360 2361 2449 2422 ἐπὶ
2476 2370 2567 2423 τοῦ
2590 2363 2885 2445 κόκκυγος.)

2062 2466 2160 2509 ειν.
2209 2450 2427 2531 (θήρῷον
2475 2470 2491 2511 :
2524 2450 2606 2512 Τὸ
2641 2451 2777 2533 ἱερὸν
2815 2459 2907 2514 τοῦ
2935 2452 3104 2536 ἥρωος
3137 2457 3333 2520 Λύκου.
3373 2458 3536 2518 πάλιν

1984 2530 2039 2592 δὲ
2066 2533 2156 2592 καὶ
2180 2541 2331 2595 τοῦτο
2354 2542 2426 2604 ὼς
2449 2536 2747 2619 φιλόδικος.)
3559 2569 3614 2609 οε

2061 2641 2157 2682 820.
2226 2622 2304 2682 πά
2338 2646 2452 2684 εστι
2486 2625 2630 2684 τουτί
2671 2646 2687 2688 :
2726 2624 2984 2688 Πινάκιον
3017 2629 3247 2711 κομίζει,
3280 2634 3334 2691 ἐν
3366 2624 3412 2715 ᾧ
3441 2656 3536 2714 γε-

1982 2706 2280 2788 γραμμένος
2341 2734 2368 2768 ν
2390 2714 2420 2769 6
2441 2712 2627 2780 Λύκος.

2062 2816 2162 2856 821.
2208 2796 2462 2877 (χαλεπὸν
2494 2798 2577 2882 ἄρ’
2614 2792 2731 2874 ἧσθ’
2771 2802 2895 2862 ἰδεῖν
2929 2822 2945 2865 :
2975 2803 3070 2873 Ὡς
3105 2804 3404 2889 δυσμόρφου
3441 2829 3534 2885 γε-

1983 2883 2287 2964 γραμμένου
2309 2891 2400 2945 τοῦ
2428 2886 2633 2967 ἥρωος)

2061 2990 2157 3030 ⁸22.
2201 2964 2304 3041 οἷός
2327 2996 2427 3054 περ
2454 2979 2583 3052 ἡμῖν
2615 2996 2630 3036 :
2663 2974 2968 3059 (Ἄρρυθμος
2993 2978 3087 3038 καὶ
3114 2980 3329 3061 μακρός.
3358 2980 3534 3060 προεί-
3562 3001 3617 3042 30

1987 3081 2141 3139 ρηται
2168 3059 2269 3140 γὰρ
2295 3061 2376 3119 ὅτι
2420 3065 2615 3143 φαῦλος
2656 3057 2722 3136 ἦν
2758 3063 2854 3136 τὴν
2882 3065 3002 3147 ὄψιν
3036 3067 3129 3126 καὶ
3167 3066 3538 3136 κακοσύνθετος

1982 3145 2043 3205 τὸ
2070 3150 2227 3225 σῶμα
2254 3151 2283 3205 6
2313 3148 2644 3227 Κλεώνυμος.
2670 3156 2825 3211 τοῦτο
2849 3152 2904 3213 δὲ
2929 3144 3060 3232 εἷπε)
3085 3154 3216 3214 καθὸ
3251 3156 3342 3215 καὶ
3368 3159 3535 3236 χαλε-

1983 3233 2079 3301 πὸς
2104 3225 2169 3306 ἦν
2197 3235 2522 3313 δημαγωγός.
2553 3237 2799 3320 ῥίψασπις
2822 3239 2877 3299 δὲ
2902 3231 2984 3313 ἦν.

2062 3341 2158 3381 823.
2205 3322 2342 3399 (οὐδ’
2375 3322 2568 3391 αὖτόςε
2603 3325 2822 3398 Ἐπειδὴ
2865 3326 3115 3409 ῥίψασπις
3143 3333 3171 3388 6
3200 3330 3534 3409 Κλεώνυμος.

1984 3398 2125 3487 εἶχον
2162 3407 2217 3468 δὲ
2245 3409 2337 3468 καὶ
2370 3412 2419 3469 οἱ
2462 3409 2630 3492 ἥρωες
2657 3413 2974 3474 πανοπλίαν.
3014 3414 3107 3474 καὶ
3149 3418 3305 3489 δῆλον
3346 3421 3406 3477 ἐκ
3430 3423 3534 3478 τῶν
3563 3433 3614 3474 ³5

1984 3494 2326 3575 Δαιταλέων.)

2064 3602 2169 3644 8³0.
2215 3582 2337 3643 ἄνευ
2365 3583 2659 3665 δρυφάκτου
2691 3607 2706 3647 2
2735 3588 3042 3671 Δρύφακτος
3066 3590 3127 3650 τὸ
3151 3592 3537 3672 παρατεινόμε-

1985 3693 2069 3729 νον
2096 3669 2193 3751 [ὡς
2221 3669 2452 3752 εἴρηται]
2481 3670 2629 3741 ξύλον
2655 3678 2763 3742 τοῖς
2785 3676 3071 3746 δικασταῖς.

2065 3777 2167 3819 831.
2212 3756 2241 3816 ὃ
2286 3761 2493 3840 πρῶτον
2533 3765 2665 3838 ἡμῖν
2702 3782 2718 3823 x
2751 3762 2877 3822 Ἀπὸ
2918 3767 3023 3823 τῶν
3064 3766 3308 3828 θυόντων.
3354 3770 3538 3828 ἐκεῖνοι

1986 3844 2087 3926 γὰρ
2116 3849 2321 3927 πρῶτον
2344 3845 2405 3906 τὸ
2431 3839 2578 3929 ἧπαρ
2608 3851 3012 3910 ἐπισκοποῦνται
3027 3896 3043 3924 ,
3072 3844 3185 3912 εἶτα
3211 3858 3418 3927 σπλῆνα
3445 3856 3537 3916 καὶ
3561 3874 3616 3915 40

1985 3931 2054 3991 τὰ
2072 3932 2251 3993 λοιπά.
2279 3967 2359 3979 --
2384 3936 2514 4011 ἡμῖν
2537 3944 2642 4003 τοῖς
2664 3938 2954 4005 δικασταῖς.
2979 3951 3044 3997 V.

2065 4039 2162 4080 833.
2207 4020 2287 4098 (τό
2321 4043 2381 4100 γε
2418 4022 2543 4102 παρ’
2570 4023 2739 4082 αὐτίκ’
2766 4023 2910 4085 ἔνδον
2942 4047 2957 4086 z
2996 4026 3073 4087 Τὸ
3111 4027 3359 4108 παραυτὰ
3393 4034 3537 4113 εὑρι-

1987 4105 2238 4185 σκόμενον
2266 4105 2382 4166 ἀντὶ
2408 4114 2500 4167 τοῦ
2529 4109 2861 4191 δρυφάκτου.)

2066 4214 2163 4254 834.
2209 4193 2278 4268 (τί
2303 4217 2430 4252 ποτε
2471 4194 2533 4253 τὸ
2552 4200 2736 4278 χρῆμα
2764 4216 2780 4258 z
2811 4201 2984 4260 Τοῦτο
3019 4203 3049 4258 6
3075 4199 3358 4271 νεανίσκος.
3383 4206 3537 4286 φιλο-

1985 4280 2157 4362 χωρία
2186 4278 2241 4339 δὲ
2251 4283 2285 4358 ,)
2312 4281 2438 4340 ὡσεὶ
2465 4281 2611 4362 ἔλεγε
2648 4283 2709 4343 τὸ
2739 4288 2908 4366 ἐπιχω
2946 4285 3122 4356 ιάζειν.
3158 4289 3356 4363 (δεινὸν,
3381 4292 3536 4372 φησὶ,
3563 4310 3616 4349 45

1986 4367 2055 4429 τὰ
2082 4370 2341 4450 ἐπιχώρια
2371 4373 2557 4451 φιλεῖν,
2582 4371 2712 4432 ὅπου
2749 4374 2842 4433 καὶ
2867 4398 2896 4434 ο
2928 4398 3015 4444 τος
3036 4374 3107 4435 τὰ
3138 4379 3192 4436 ἐν
3217 4379 3537 4462 δικαστηρίῳ

1987 4458 2124 4538 φιλεῖ
2150 4456 2364 4533 πάντα.)

2065 4564 2161 4605 83⁶·
2210 4544 2398 4623 (βάλλ’
2437 4547 2490 4612 ἐς
2518 4544 2749 4626 κόρακας
2789 4566 2804 4607 :
2842 4544 3076 4616 Ἔξεισιν
3114 4555 3144 4610 6
3185 4551 3389 4626 οἰκέτης
3423 4556 3537 4615 κυνὶ

1988 4633 2244 4710 ἐγκαλῶν.
2269 4632 2438 4691 λείπει
2476 4633 2532 4691 δὲ
2560 4632 2727 4703 οὐδεὶς
2756 4633 2991 4717 ὤφειλεν,
3020 4635 3054 4708 ἢ
3081 4639 3337 4717 χαλεπὸν,
3360 4639 3396 4712 ἢ
3434 4645 3540 4702 δει-

1986 4719 2108 4796 νόν.)
3564 4750 3617 4790 60

2066 4825 2164 4866 aaa.
2209 4805 2292 4884 (οὗ
2315 4804 2417 4887 γὰρ
2444 4808 2474 4863 6
2501 4803 2686 4877 Λάδης
2708 4807 2897 4888 ἀρτίως
2927 4829 2942 4869 :
2974 4808 3212 4872 Ἔσωθέν
3230 4837 3306 4882 τις
3323 4814 3534 4876 τούτων.

1987 4896 2064 4975 τῷ
2091 4892 2147 4951 δὲ
2192 4892 2306 4952 κυνὶ
2342 4891 2505 4971 ὄνομα
2541 4892 2725 4968 Λάδης
2764 4895 2868 4954 ἀπὸ
2906 4902 2996 4957 τοῦ
3037 4899 3326 4976 λαμὸάνειν
3362 4903 3534 4984 θηρία.

1988 4979 2140 5061 τυρὸν
2182 4978 2236 5037 δὲ
2273 4976 2512 5061 ἥρπασεν
2554 4972 2718 5047 οὗτος.
2766 4981 2966 5051 ἀξιοῦσι
3012 4985 3069 5044 δέ
3106 5010 3238 5055 τινες
3282 4991 3353 5056 ὡς
3390 4989 3537 5071 παρὰ

1990 5065 2215 5148 γράμμα
2268 5068 2635 5148 κωμῳδεῖσθαι
2682 5068 2911 5150 Λάχητα
2955 5071 3045 5131 τὸν
3100 5074 3534 5155 στρατηγήσαντα
