3859 5725
344 257 454 310 848

371 376 436 431 εἰς
457 375 538 424 τὸν
560 376 767 439 χαλκοῦν
788 376 1129 441 ὶμὸαλλόμενον
1151 378 1286 428 πῦον
1308 378 1488 429 λέκιθον
1513 379 1642 444 παρὰ
1672 377 1853 443 γραός.)

416 551 797 614 λεκυθόπωλιντ
816 552 1271 635 Ὀσπριοπώλιδα.
1290 552 1503 621 λέκυθος
1518 544 1648 621 εἶδος
1661 551 1900 633 ὀσπρίου.

1467 250 1850 313 SCHOLIA
1900 250 1995 312 IN
2044 249 2429 313 PLUTUM.

2064 397 2164 439 437.
2207 377 2378 440 Πενία
2397 376 2494 456 μὲν
2516 368 2605 437 οὗν
2626 397 2641 439 z
2666 380 2784 439 Οὔκ
2806 377 2914 457 εἰμὶ
2936 377 3004 452 ἣν
3020 377 3218 459 λε’γετε.
3245 392 3308 441 Θ.
3337 393 3435 441 Dv.
3459 382 3561 460 μὲν

1983 455 2072 524 οὗν
2101 486 2117 526 2
2148 465 2298 543 Εἰμί.
2326 466 2542 535 ξυνοικῶ
2567 486 2582 526 :
2610 467 2962 548 Συνυπάρχω.
2994 479 3057 527 Ρ.

2062 572 2161 614 438.
2204 553 2333 623 ἄναξ
2373 553 2632 615 Ἄπολλον
2676 574 2692 615 2
2731 556 2898 624 Ἰδίως
2938 556 3024 616 τὸν
3058 555 3367 618 Ἀπόλλωνα
3399 557 3438 628 ἢ
3486 561 3564 626 ὥς

338 637 373 710 ἢ
401 639 704 702 ὦοπώλιδα.
742 641 955 709 λέκυθος
991 640 1093 723 γὰρ
1127 641 1219 700 καὶ
1247 646 1275 701 ὁ
1301 642 1486 722 κροκὸς
1530 648 1620 701 τοῦ
1661 644 1784 701 ὠοῦ.
1828 643 1900 702 Θ.
1985 640 2287 710 ἀλεξίκακον
2315 642 2407 702 καὶ
2451 642 2723 722 χρησμοὺς
2750 642 3053 724 παρέχοντα
3090 644 3219 726 πρὸς
3246 645 3564 726 ἀποτροπὴν

336 727 714 808 ὀσπριόπωλιν.
730 740 830 790 Dv.
860 728 1214 809 ὀσπριόπωλιν
1237 727 1371 806 μετὰ
1395 731 1498 787 ὠοῧ
1516 730 1816 789 πωλοῦσαν.
1839 732 1900 780 P·

288 827 315 867 ⁶
337 816 693 886 λεκυθόπωλις
737 818 950 899 λέγεται
978 823 1012 883 ἦ
1041 818 1108 877 τὰ
1138 817 1313 876 ὖέλινα
1346 819 1534 898 ἀγγεῖα
1563 817 1755 900 κυρίως
1782 841 1901 876 πω-

335 905 519 966 λοῦσα.
550 916 606 964 Ρ.
633 907 897 967 τοσουτονὶ
924 928 939 968 t
976 905 1152 985 Μέγα.
1183 919 1279 966 Dv.

415 1023 513 1064 ⁴28.
557 1003 829 1085 ἐνέκραγες
859 1025 873 1066 :
915 1005 1257 1085 Ἐλοιδόρεις,
1295 1002 1475 1084 ὥσπερ
1517 1005 1573 1063 αἰ
1598 1001 1747 1070 κύνες
1780 1026 1898 1062 ποι·

336 1097 470 1152 οῢσι.
503 1091 785 1173 ἀνέκραγες
822 1114 836 1154 t
876 1093 1162 1161 Ἢπείλεις.
1187 1097 1316 1169 ἡμῖν
1361 1112 1376 1152 :
1417 1091 1557 1171 Παρ’
1598 1094 1770 1168 ἡμῶν.
1800 1104 1897 1150 Dv.

335 1178 515 1261 ὥσπερ
549 1184 742 1241 ἐκεῖναι
778 1187 1015 1240 ποιοῦσιν
1052 1181 1257 1261 ἀλόγως
1292 1179 1385 1239 καὶ
1426 1178 1553 1261 δίχα
1586 1178 1898 1261 προφάσεως

257 1299 308 1339 10
334 1268 415 1328 ἀεὶ
439 1269 655 1351 θόρυὸον
684 1269 991 1352 ἐγείρουσαι.
1019 1272 1092 1332 Θ.

411 1387 510 1427 420.
555 1367 741 1440 ἄληθες
770 1388 785 1428 t
817 1367 1043 1439 Ἀληθῶς
1064 1371 1216 1425 τοῦτο
1249 1364 1441 1444 λέγετε·
1468 1364 1579 1423 ἐστὶ
1607 1365 1662 1423 δὲ
1691 1366 1897 1446 εἰρωνι-

336 1454 443 1516 κόν.
474 1467 532 1516 Θ.
553 1467 651 1516 Dv.
676 1461 829 1514 τοῦτο
850 1454 1057 1534 λέγετε,
1082 1452 1162 1513 ὅτι
1184 1456 1280 1513 οὐκ
1304 1454 1592 1525 ἠδικήσατε
1616 1451 1711 1530 ἐμὲ
1739 1452 1899 1531 μεγά-

331 1543 454 1610 λως.
485 1555 546 1602 Ρ.
575 1543 637 1603 τὸ
657 1541 751 1621 μὲν
779 1540 1228 1624 προπαροξύτονον
1254 1540 1442 1614 ἄληθες
1466 1537 1582 1599 ἀντὶ
1607 1540 1898 1622 ἐπιρρήμα·

328 1656 414 1700 τος
440 1631 800 1710 λαμὸάνεται,
836 1635 905 1698 ὣς
929 1634 1213 1690 κάνταῦθα.
1245 1629 1307 1689 τὺ
1330 1628 1384 1688 δὲ
1413 1627 1652 1698 ὄξύτονον
1670 1627 1731 1687 τὸ
1757 1631 1895 1700 ἀλη-

251 1744 302 1785 ιε
330 1718 412 1787 θὲς
425 1766 442 1799 ,
461 1713 567 1780 οἶον
585 1718 805 1792 τάληθὲς
817 1717 920 1800 γὰρ
938 1721 1032 1778 οὗκ
1052 1717 1239 1785 ἐθέλεις
1254 1716 1454 1799 φράσαι
1469 1762 1485 1790 ,
1500 1715 1665 1796 ὄνομά
1683 1718 1814 1777 ἐστι.
1829 1728 1889 1776 Ρ.

406 1829 506 1869 430.
540 1808 719 1889 χώρας
735 1808 1014 1867 έκὸαλεῖνε
1039 1810 1164 1868 Τῶν
1185 1806 1468 1879 Ἀθηναίων
1494 1803 1799 1874 ἀποδιῶξαι.
1825 1818 1889 1864 Ρ.

408 1898 648 1957 ἐκὸαλεῑν
678 1918 694 1959 :
725 1895 1050 1964 Ἀποδιῶξαι.
1075 1907 1174 1957 Dv.

404 2015 506 2056 4³1.
548 1993 610 2054 τὸ
635 1994 894 2075 βάραθρον
915 2014 930 2054 z
953 1991 1159 2070 Χάσμα
1184 2015 1237 2051 τι
1255 1992 1547 2076 φρεατῶδες
1573 1990 1664 2049 καὶ
1690 2012 1893 2049 σκοτει-

327 2082 413 2143 νὸν
443 2084 498 2141 ἐν
523 2087 589 2163 τῇ
629 2083 869 2162 Ἀττικῇ,
897 2083 950 2139 ἐν
979 2071 1024 2163 ᾧ
1051 2079 1170 2148 τοὺς
1208 2079 1528 2162 κακούργους
1562 2078 1804 2138 ἔὸαλλον.
1837 2081 1890 2137 ἐν

246 2190 301 2231 20
328 2170 383 2232 δὲ
410 2176 487 2254 τῷ
514 2171 756 2251 χάσματι
781 2169 950 2252 τούτῳ
969 2173 1206 2250 ὖπῆρχον
1231 2168 1455 2247 δγκίνοι,
1485 2171 1533 2226 οἱ
1557 2166 1652 2244 μὲν
1676 2166 1817 2244 ἀνω,
1842 2171 1890 2225 οἱ

326 2259 381 2319 ἃ
410 2259 574 2319 κάτω.
598 2262 834 2336 (ἐνταῦθα
861 2258 948 2317 τὸν
974 2256 1169 2340 Φρύγα
1191 2257 1280 2316 τὸν
1300 2261 1392 2329 τῆς
1415 2255 1611 2335 μητρὸς
1633 2258 1737 2313 τῶν
1762 2256 1886 2314 θεῶν

325 2347 572 2407 ἐνέὸαλον
610 2350 680 2414 ὡς
711 2345 1010 2423 μεμηνότα,
1046 2342 1227 2415 ἐπειδὴ
1259 2344 1538 2423 προέλεγεν
1564 2341 1644 2402 ὅτι
1676 2340 1889 2422 ἔρχεται

324 2440 358 2508 ἡ
389 2435 652 2516 Δημήτηρ
682 2438 751 2502 εἷς
779 2433 1080 2506 ἐπιζήτησιν
1113 2436 1207 2504 τ’ῆς
1233 2430 1421 2512 Κόρης.
1449 2436 1483 2502 ἡ
1519 2429 1573 2489 δὲ
1602 2429 1712 2497 θεὸς
1746 2432 1888 2512 ὄργι-

325 2528 507 2585 σθεῖσα
550 2521 815 2603 ἀκαρπίας
861 2521 1063 2602 ἔπεμψε
1104 2524 1169 2599 τῇ
1211 2518 1381 2610 χώρα·
1423 2518 1515 2577 καὶ
1550 2518 1755 2597 γνόντες
1792 2518 1887 2590 τὴν

242 2637 296 2678 2⁶
325 2612 500 2671 αἰτίαν
528 2610 614 2670 διὰ
636 2615 909 2694 χρησμοῦ,
932 2609 994 2668 τὸ
1018 2608 1112 2686 μὲν
1139 2607 1328 2687 χάσμα
1350 2606 1688 2687 κατέχωσαν,
1707 2605 1803 2680 τὴν
1833 2607 1888 2666 δὲ

323 2701 436 2761 θεὸν
465 2699 665 2767 θυσίαις
697 2697 848 2758 ἵλαον
872 2696 1163 2773 ἐποίησαν.)
1193 2730 1267 2740 --
1296 2693 1579 2754 ὑπόλοιπον
1606 2718 1621 2755 :
1658 2697 1885 2777 Περιλε-

322 2788 620 2869 λειμμένον.
648 2800 711 2848 Ρ.
734 2787 795 2847 τὸ
814 2786 1072 2867 βάραθρον
1093 2806 1107 2844 :
1133 2783 1200 2844 Ὁ
1221 2783 1365 2867 ᾅδης.
1394 2797 1489 2843 Dv.
1516 2788 1545 2843 6
1560 2783 1804 2865 κρημνός.
1821 2795 1883 2843 Ρ.

400 2907 495 2947 432.
541 2885 730 2946 αὐτίκα
773 2884 920 2962 μάλα
958 2904 974 2944 z
1002 2879 1204 2959 Ἤγουν
1231 2879 1351 2940 λίαν
1380 2880 1665 2960 συντόμως.
1694 2894 1792 2943 Dv.
1826 2880 1888 2940 τὸ

322 2985 546 3057 πρᾶγμα
569 2974 759 3054 λέγειν,
787 2975 845 3032 οὗ
868 2971 930 3031 τὸ
956 2970 1143 3049 ὄνομα.
1175 2981 1234 3029 R.

240 3104 296 3144 80
400 3093 501 3134 433.
545 3072 717 3146 ἐκείνη
771 3071 881 3150 εἰμὶ
916 3071 1036 3144 δηλ.
1065 3068 1102 3141 ἢ
1133 3071 1246 3129 κτλ.
1271 3066 1430 3151 σφὼζ
1470 3068 1650 3147 Ὑμῖν.
1676 3067 1827 3141 δίκην
1865 3089 1882 3131 :

318 3161 614 3244 Τιμωρίαν.
640 3172 702 3220 Ρ.

398 3269 498 3311 434.
543 3248 715 3309 ἐνθάδ’
739 3269 754 3310 t
780 3248 894 3309 Ἀπ’
924 3249 1173 3307 ἐντεῦθεν.
1198 3257 1260 3304 Ρ.

397 3368 497 3408 435.
541 3347 770 3420 καπηλὶς
799 3365 814 3406 :
847 3344 1092 3415 Κάπηλις
1126 3340 1590 3423 προπαροξυτόνως
1620 3347 1655 3414 ἡ
1687 3341 1775 3402 τὸν
1803 3333 1882 3402 οἷ-

318 3435 796 3517 νονπιπράσκουσα
826 3432 984 3512 γυνὴ,
1027 3431 1133 3491 ἀπὸ
1169 3436 1259 3489 τοῦ
1297 3430 1559 3503 κακύνειν,
1593 3429 1628 3489 ὅ
1650 3433 1762 3489 ἐστι
1800 3433 1885 3491 δο-

238 3555 291 3598 ³5
319 3529 464 3598 λοῧν,
490 3525 579 3585 τὸν
607 3524 802 3597 πηλὸν,
820 3523 938 3594 ἤτοι
964 3520 1053 3580 τὸν
1076 3510 1231 3580 οἶνον·
1260 3553 1341 3565 --
1370 3522 1441 3586 ὥς
1468 3519 1560 3579 καὶ
1584 3519 1819 3597 ἄμπελος
1848 3525 1883 3592 ἡ

320 3615 558 3693 ἔμπηλος
585 3605 733 3672 οὖσα.
756 3624 813 3670 Ρ.
843 3608 1071 3680 καπηλὶς
1095 3607 1149 3666 δὲ
1174 3606 1423 3676 ὀξυτόνως
1446 3611 1883 3690 ὑποκοριστικῶς,

319 3709 353 3776 ἡ
378 3702 573 3774 ταύτης
593 3697 836 3780 ὑπηρετὶς
856 3702 948 3770 τῆς
974 3695 1271 3768 καπήλεως.
1293 3707 1431 3754 sunt.
1456 3701 1490 3768 ἡ
1516 3697 1780 3769 κάπηλιςε
1811 3696 1882 3758 Ἤ

315 3792 607 3856 οἰνοπῶλις.
628 3800 687 3848 Θ.
715 3799 809 3845 Dv.
839 3789 874 3857 ἡ
899 3785 951 3844 ’κ
978 3789 1082 3844 τῶν
1104 3794 1347 3863 γειτόνων
1373 3803 1389 3844 :
1413 3780 1571 3846 Ἤτοι
1598 3790 1632 3858 ἡ
1657 3785 1881 3858 πλησίον

316 3871 467 3941 οὖσα.
495 3896 560 3945 P.

234 4011 291 4052 40
394 4006 493 4047 430.
541 3983 592 4061 (ἢ
614 3985 729 4048 ταῖς
751 3980 993 4046 κοτύλαις
1021 3998 1036 4040 :
1061 3978 1200 4038 Ἀντὶ
1222 3984 1313 4039 τοῦ
1335 3979 1785 4062 παρακλέπτουσά
1813 4005 1880 4060 με

313 4079 429 4143 ταῖς
455 4072 711 4139 κοτύλαις·
735 4069 877 4143 ἥτις,
904 4067 1060 4151 φησὶ,
1089 4068 1506 4151 κοντομετροῧσά
1535 4092 1603 4147 με
1638 4068 1879 4142 βλάπτει·

314 4153 418 4224 οἷον
438 4167 552 4231 ταῖς
573 4166 891 4241 μεταφοραῖς
911 4160 1016 4216 τῶν
1042 4156 1244 4235 μέτρων
1264 4157 1522 4216 ἀπατῶσά
1548 4181 1614 4235 με
1629 4203 1646 4231 ,
1663 4156 1720 4237 [ἢ
1744 4158 1877 4235 μετὰ

313 4250 498 4318 ὓδατος
526 4248 814 4329 μιγνύουσα
844 4245 1094 4324 δίδωσιν·]
1127 4248 1197 4312 ὡς
1218 4250 1312 4303 τοῦ
1341 4244 1678 4325 Βλεψιδῆμου
1705 4269 1880 4305 πεπω-

312 4338 461 4407 κότος
496 4338 589 4399 καὶ
621 4334 902 4402 δεδωκότος
934 4331 1197 4415 ἀργύριον.
1227 4330 1421 4404 κοτύλη
1463 4330 1522 4391 δέ
1566 4335 1706 4393 ἔστιν
1747 4325 1879 4401 εἶδος

232 4461 286 4502 ⁴5
312 4427 530 4511 μέτρου,
556 4425 585 4486 ὃ
604 4424 825 4505 λέγομεν
847 4424 1001 4501 ἡμεῖς
1023 4419 1345 4499 ἡμίξεστον.)
1370 4454 1448 4465 —-
1464 4423 1570 4489 τοῖς
1595 4421 1800 4504 μέτροις
1822 4426 1876 4482 ἐν

311 4508 385 4585 οἷς
408 4517 696 4598 πιπράσκει
722 4513 811 4572 τὸν
834 4503 969 4571 οἶνον
989 4512 1180 4585 ζημιοῖ.
1206 4520 1264 4568 Θ.
1295 4521 1394 4569 Dv.
1415 4507 1659 4578 κοτύλαις
1685 4531 1699 4570 :
1725 4513 1879 4593 Καρ-

307 4603 593 4688 τελούραις.
620 4602 737 4681 (Θ.)
770 4597 1167 4676 διαλυμαίνεται
1193 4617 1208 4657 :
1234 4596 1512 4678 Ἀφανίζει.
1539 4609 1602 4657 Ρ.
1632 4598 1877 4677 λυμαίνε-

306 4694 398 4754 ταί
430 4718 524 4772 με,
558 4691 714 4775 φησὶ,
752 4690 867 4757 ταῖς
903 4686 1175 4759 κοτύλαις,
1213 4685 1328 4745 ἐπεὶ
1356 4688 1412 4744 οὗ
1457 4684 1673 4768 πλήρεις
1714 4686 1875 4757 αὖτάς

309 4807 399 4861 μοι
430 4783 659 4859 δίδωσιν,
693 4779 729 4853 ἢ
754 4777 889 4858 μετὰ
916 4776 1101 4843 ὕδατος
1130 4772 1422 4854 μιγνύουσα
1451 4773 1649 4833 δίδωσι.
1677 4774 1872 4849 κοτύλη

225 4898 280 4942 ω
307 4873 363 4931 δὲ
392 4876 451 4933 οὗ
491 4868 647 4951 μόνον
675 4866 736 4927 τὸ
763 4868 936 4927 κοῖλον
959 4869 1054 4937 τῆς
1079 4872 1281 4944 χεῖρος,
1318 4859 1457 4922 ἀλλὰ
1493 4861 1585 4921 καὶ
1614 4853 1747 4930 εἶδος
1775 4862 1876 4942 μέ-

307 4984 457 5043 τρου,
486 4958 515 5019 8
540 4959 692 5039 ἡμεῖς
722 4954 997 5033 ἧμίξεστον
1025 4951 1268 5031 λέγομεν.
1299 4948 1510 5029 λέγεται
1535 4949 1628 5010 καὶ
1654 4951 1745 5011 ἐπὶ
1771 4955 1875 5012 τῶν

305 5049 478 5111 ποδῶν
505 5052 597 5107 τοῦ
621 5041 916 5110 πολύποδος
943 5039 1034 5101 καὶ
1058 5037 1121 5099 τὸ
1150 5037 1320 5118 ἰσχίον
1342 5044 1436 5098 τοῦ
1466 5062 1579 5120 μηρ
1594 5046 1678 5102 οὔ.

1981 733 2085 788 τῶν
2111 730 2313 807 δεινῶν,
2342 728 2378 801 ἢ
2405 734 2476 798 ὡς
2501 736 2747 812 πατρῷον
2775 731 2909 793 θεόν.
2942 768 3019 808 ‘7'
3049 734 3452 815 παρεπιγραφή·
3477 734 3564 794 ὅτι
3590 763 3622 803 ⁸

1980 817 2351 965 ἓέίεφίιδινὲζοςι,
2345 816 2556 901 ἔφευγεν
2581 819 2812 888 ἀκούσας
2843 819 2925 879 ὅτι
2943 825 2980 892 ἡ
3016 821 3171 881 πενία
3196 823 3338 881 ἐστίν
3366 836 3424 883 θ.
3455 834 3562 886 Dv.

2059 1012 2161 1054 439.
2202 993 2257 1052 τί
2290 996 2417 1076 δρᾷς
2445 1013 2461 1055 :
2501 994 2915 1078 Παρεπιγραφή.
2960 1000 3059 1077 δρᾶΙ
3085 994 3189 1078 γὰρ
3219 1002 3402 1057 τοῦτον
3424 997 3563 1075 φεύ-

1979 1102 2162 1160 γοντα.
2190 1091 2253 1138 Ρ.

2059 1167 2234 1248 θηρίον
2264 1188 2279 1228 :
2306 1168 2618 1229 Δειλότατον
2646 1170 2743 1247 μὲν
2769 1169 2925 1230 αὐτὸν
2948 1169 3091 1249 λέγει
3115 1170 3199 1230 διὰ
3221 1169 3317 1242 τὴν
3339 1178 3560 1253 παροῧ-
3594 1193 3647 1232 ισ

1981 1277 2077 1314 σαν
2106 1261 2290 1336 φυγήν·
2319 1256 2495 1337 θηρίον
2526 1256 2582 1316 δὲ
2611 1256 2698 1316 διὰ
2725 1258 2786 1316 τὸ
2813 1260 3082 1340 θηριωδῶς
3111 1259 3241 1340 πρὸς
3274 1259 3560 1341 Χρεμύλον

1977 1341 2161 1425 πρώην
2185 1346 2483 1418 διατεθῆναι
2506 1345 2597 1406 καὶ
2625 1343 2860 1425 ἐλέγχειν
2888 1346 3065 1408 αὐτόν.
3091 1359 3152 1406 Ρ.

2056 1451 2152 1492 440.
2198 1431 2417 1511 [ἥκιστα
2445 1433 2658 1492 πάντων
2691 1453 2706 1493 t
2736 1433 2949 1515 “Ὠσπερ
2970 1432 3143 1515 φαμὲν
3164 1433 3398 1511 μάλιστα
3425 1434 3563 1493 πάν-

1976 1540 2099 1591 των,
2140 1519 2232 1577 καὶ
2259 1518 2371 1578 ἔστι
2402 1519 2463 1578 τὸ
2492 1519 2725 1598 μάλιστα
2762 1520 3003 1588 ἐπίτασις
3037 1519 3378 1600 ὑπερθετικὴ,
3416 1520 3561 1580 οὕτω

1974 1604 2069 1664 καὶ
2094 1605 2288 1678 ἥκιστα
2317 1607 2554 1685 πάντων,
2585 1607 2678 1665 καί
2712 1610 2853 1668 ἐστιν
2892 1608 3246 1690 ἀπαγόρευσις
3275 1611 3554 1690 ὑπερθετι-
3591 1625 3649 1666 ῐε

1975 1691 2097 1774 κή.]
2117 1728 2196 1740 —-
2218 1696 2479 1772 οὐδαμῶς.
2515 1697 2591 1773 (R.
2616 1695 2703 1774 Θ.)
2827 1696 3004 1778 ἀργόν.
3036 1707 3099 1753 Ρ.

2052 1801 2151 1844 442.
2195 1781 2378 1863 πόνηρ’
2431 1802 2447 1844 :
2486 1781 2712 1865 Γεωργέ.
2761 1796 2860 1844 Dv.
2893 1783 3223 1865 ταλαίπωρε.
3258 1785 3496 1862 οὐδαμοῦ
3537 1806 3554 1846 t

1973 1863 2079 1930 Ἔν
2100 1893 2201 1929 τινι
2220 1869 2422 1952 τρόπῳ.
2449 1883 2509 1930 Ρ.

2052 1978 2151 2020 443.
2195 1957 2534 2039 ἐξωλέστερον
2561 1980 2576 2020 t
2606 1957 2916 2019 Ἇπολέσθαι
2943 1961 3166 2040 ὀφεῖλον,
3192 1957 3228 2030 ἢ
3258 1958 3562 2038 ἐξολοθρευ-

1972 2044 2270 2128 τικώτερον,
2292 2045 2328 2118 ἢ
2356 2048 2558 2123 μᾶλλον
2583 2045 2817 2115 ἐξολέσαι
2840 2045 3145 2125 δυνάμενον.
3172 2046 3559 2115 -ἐξωλέστε-
3585 2061 3648 2100 2⁰

1975 2154 2061 2212 ρον
2090 2153 2103 2193 :
2134 2132 2561 2215 Ὀλεθριώτερον.
2610 2146 2672 2195 θ.
2726 2146 2822 2195 Dv.
2870 2135 3305 2219 φθαρτικώτερον,
3350 2136 3559 2213 μᾶλλον

1974 2217 2211 2287 ἐξολέσαι
2239 2220 2548 2298 δυνάμενον.
2580 2232 2644 2279 P.
3282 2277 3288 2282 .

2050 2327 2148 2369 444.
2182 2303 2453 2368 ’ἀντιὸολῶ
2494 2328 2508 2370 :
2535 2310 2869 2389 Παρακαλῶ.
3012 2306 3115 2387 ἐγὼ
3143 2310 3239 2388 μὲν
3267 2308 3328 2368 οὔ
3362 2309 3555 2382 εΣτή-

1972 2417 2152 2473 σομαι.
2179 2408 2243 2454 Ρ.

2049 2502 2148 2544 445.
2191 2482 2340 2564 παρὰ
2357 2482 2493 2542 πολὺ
2518 2503 2533 2544 :
2557 2481 2716 2544 Κατὰ
2739 2480 2901 2555 πολὺ,
2918 2481 3136 2565 σφόδρα·
3161 2485 3232 2551 ὥς
3247 2481 3397 2563 παρὰ
3415 2485 3558 2546 Θου-
3583 2505 3648 2544 ab

1970 2570 2154 2650 κυδίδῃ
2185 2573 2240 2630 ἐν
2270 2570 2466 2653 πρώτῳ
2491 2578 2555 2643 [ο.
2570 2579 2644 2644 2⁹]
2676 2599 2702 2623 ιι
2724 2570 2815 2630 καὶ
2837 2569 3082 2643 ἐνίκησαν
3102 2572 3419 2653 Κερκυραῖοι
3442 2595 3552 2630 πα-

1972 2657 2191 2738 ραπολύ.
2220 2686 2245 2711 υ
2274 2694 2352 2704 -
2372 2657 2520 2741 παρὰ
2546 2656 2716 2719 πολὺτ
2741 2656 2917 2719 Κατά.
2938 2669 3037 2718 Do.
3059 2658 3379 2741 παραπολὺε
3408 2659 3552 2720 ’Au-1

1967 2751 2059 2805 τοῦ
2086 2745 2225 2810 πάνυ
2260 2745 2416 2808 πολύ.
2460 2745 2552 2806 καὶ
2584 2744 2912 2818 Θουκυδίδης
2949 2773 2973 2797 α
3008 2744 3087 2804 ὅτι
3125 2745 3372 2818 ἐνίκησαν
3406 2748 3550 2827 Κορ-

1969 2836 2173 2916 κυραῖοι
2199 2833 2347 2915 παρὰ
2374 2833 2530 2896 πολύ.
2557 2864 2582 2888 υ
2612 2839 2671 2888 R·

2048 2942 2145 2984 440.
2186 2921 2275 2982 τὸν
2304 2922 2418 2982 θεόν
2448 2943 2463 2983 t
2500 2922 2610 2984 Τὸν
2646 2921 2887 2984 Πλοῦτόν
2910 2944 3057 3003 φησι.
3084 2933 3148 2980 V.
3480 2970 3524 2991 „
3582 2944 3647 2985 ao

2048 3031 2147 3073 447.
2191 3011 2385 3092 ἔρημον
2412 3008 2689 3092 εἜρημος
2709 3008 2899 3091 κυρίως
2915 3014 2948 3080 ἡ
2974 3013 3269 3085 μονωθεῖσα
3292 3014 3397 3070 τῶν
3418 3013 3556 3071 ἐνοι-

1969 3098 2198 3158 κούντων
2227 3103 2327 3176 γῆ,
2357 3097 2505 3178 παρὰ
2530 3098 2592 3157 τὸ
2616 3099 2739 3179 ἔραν
2765 3095 2929 3176 μόνην
2956 3095 3118 3176 ἔχειν.
3554 3094 3567 3102 ’

2050 3185 2396 3268 [ἀπολιπόντε
2420 3209 2512 3246 ποι
2541 3205 2556 3246 :
2582 3186 2663 3247 Τὸ
2686 3208 2777 3245 ποι
2806 3187 3026 3244 ἐνταῦθα
3052 3187 3151 3245 οὐκ
3178 3183 3320 3244 ἔστιν
3347 3187 3553 3267 ἐρωτη-

1971 3273 2215 3350 ματικὸν,
2243 3274 2360 3333 ἀλλ’
2383 3275 2644 3356 ἀόριστον·
2674 3272 2761 3332 ἐπὶ
2787 3271 2882 3351 μὲν
2907 3272 3009 3355 γὰρ
3033 3273 3290 3344 κινήσεως
3311 3274 3470 3351 μόνον
3489 3274 3556 3333 τὸ

1971 3363 2064 3421 ποῖ
2083 3361 2170 3422 διὰ
2200 3366 2294 3432 τῆς
2317 3385 2346 3421 ο
2368 3361 2461 3421 καὶ
2491 3385 2509 3419 ι
2546 3360 2823 3444 διφθόγγου
2861 3359 3141 3442 γράφεται.
3182 3359 3271 3419 διὰ
3307 3359 3364 3420 δὲ
3394 3367 3484 3420 τοῦ
3513 3387 3551 3433 η
3581 3378 3640 3419 ³5

1967 3447 2297 3530 γραφόμενον
2318 3448 2410 3508 καὶ
2433 3447 2521 3507 ἐπὶ
2543 3447 2780 3515 στάσεως
2812 3448 2904 3507 καὶ
2937 3448 3190 3520 κινήσεως
3211 3450 3430 3510 τίθεται·
3456 3452 3555 3511 καὶ

1968 3539 2122 3609 δῆλον
2143 3540 2203 3596 ἐκ
2219 3542 2340 3610 τοῦ,
2372 3565 2396 3589 α
2415 3545 2495 3594 πᾶ
2518 3540 2621 3616 βῶ;
2640 3545 2718 3595 πᾶ
2738 3540 2874 3609 στῶ;
2908 3563 2934 3589 ι»
2957 3539 3084 3618 παρ’
3113 3537 3377 3619 Εὐριπίδῃ
3399 3539 3553 3617 [Hec-

1970 3634 2114 3698 10571.
2137 3628 2183 3684 εἷ
2198 3622 2265 3684 ’δέ
2288 3649 2391 3685 που
2413 3626 2504 3684 καὶ
2524 3623 2612 3684 διὰ
2627 3624 2903 3707 διφθόγγου
2928 3624 3145 3707 εὕρηται
3174 3626 3263 3685 ἐπὶ
3283 3634 3551 3699 στάσεως,

1965 3712 2105 3772 κατὰ
2129 3712 2468 3794 παράχρησίν
2495 3711 2686 3794 ἐστιν]
2704 3747 2782 3758 -
2798 3735 2900 3773 που
2929 3712 3256 3794 φευξούμεθα
3282 3711 3420 3774 εἜν
3441 3737 3549 3773 τινι

1965 3800 2113 3882 τόπῳ
2139 3801 2527 3880 ἀποδράσομεν.
2556 3812 2618 3859 Ρ.
3578 3829 3636 3871 40

2042 3916 2138 3957 448.
2179 3896 2328 3969 τηνδὶ
2354 3916 2370 3957 2
2395 3895 2512 3968 Τὴν
2535 3896 2862 3974 πενίαν.’(ν.)
2884 3895 3291 3976 διαμαχούμεθα
3313 3915 3327 3957 :
3355 3895 3552 3956 Ἐναν-

1961 3988 2249 4062 τιωθῶμεν.
2276 3998 2372 4044 Dv.
2418 3982 2780 4063 μαχεσόμεθα.
2824 3993 2930 4042 LB.
2979 3980 3055 4061 μὴ
3092 3982 3383 4062 θελήσομεν
3410 4006 3551 4065 προ-

1963 4072 2319 4153 μαχέσασθαι.
2342 4082 2405 4130 V.
2430 4071 2547 4144 ἤτοι
2572 4070 2648 4149 μὴ
2669 4069 2959 4148 θελήσομεν
2982 4068 3445 4151 προμαχίσασθαι.
3479 4087 3545 4135 Ρ,

2039 4181 2140 4222 440.
2186 4158 2479 4240 μαχούμεθ’
2508 4161 2661 4239 αὐτῇ·
2691 4161 2925 4224 ἀσθενεῖς
2950 4156 3054 4237 γάρ
3084 4160 3244 4236 ἐσμεν
3272 4157 3403 4240 πρὸς
3431 4158 3549 4235 μά·

1959 4272 2063 4330 χην
2086 4248 2189 4308 ὕπὸ
2210 4253 2306 4321 τῆς
2328 4245 2539 4314 ἐνδείας.
2563 4251 2622 4306 Θ.
2642 4260 2737 4308 DV·
2764 4244 2943 4325 ἢποίᾳ
2964 4244 3185 4324 δυνάμει
3206 4251 3543 4327 θαρροῦντες.
3576 4266 3636 4308 45

1962 4348 2143 4397 Paris.

2038 4443 2137 4484 ⁴50.
2182 4419 2396 4501 θώρακα
2434 4420 2707 4482 εὈπλον.
2753 4433 2849 4480 Dv.
2884 4420 3153 4503 λουρίκην.
3184 4432 3248 4480 Ρ.
3287 4420 3491 4481 ἀσπίδα
3521 4436 3540 4481 2

1961 4510 2303 4590 Σκουτάριον.
2335 4522 2432 4571 Dv.
2474 4508 2765 4569 σουσάνιον.
2796 4515 2873 4566 Gl.
2904 4530 2992 4580 ap.
3022 4520 3257 4580 Ducena.
3298 4518 3458 4568 Gloss.
3476 4532 3542 4584 p.

1960 4620 2085 4663 1418·

2037 4706 2134 4747 451.
2176 4686 2272 4745 οὐκ
2294 4683 2535 4764 ἐνέχυρον
2558 4704 2573 4743 t
2609 4684 2801 4761 (Δῆλον
2817 4685 2889 4749 ὡς
2919 4684 2979 4742 οὗ
3005 4681 3161 4759 μόνον
3187 4680 3409 4763 ἐνέχυρά
3435 4708 3538 4766 φα-
3572 4710 3634 4752 ω

1957 4798 2059 4847 σιν,
2088 4770 2227 4833 ἀλλὰ
2253 4772 2344 4831 καὶ
2365 4768 2628 4852 ἐνέχυρον.
2650 4769 2889 4853 φαίνεται
2908 4768 2963 4829 δὲ
2987 4770 3080 4828 καὶ
3106 4773 3211 4829 τῶν
3236 4772 3533 4851 ἀπηγορευ-

1959 4860 2130 4941 μένων
2159 4851 2294 4919 εἶναι
2323 4857 2399 4938 μὴ
2428 4861 2592 4916 θεῖναι
2617 4854 2686 4915 τὸ
2715 4857 2855 4916 ὅπλα
2882 4854 3122 4937 ἐνέχυρα.
3157 4854 3300 4934 λέγει
3333 4847 3422 4915 οὖν
3450 4856 3536 4919 ὅτι

1957 4950 2094 5022 αὕτη
2124 4953 2190 5027 τῇ
2216 4950 2406 5017 ἑαυτῆς
2437 4944 2527 5027 βία
2557 4946 2839 5025 ἀναγκάζει
2860 4945 2953 5004 καὶ
2979 4943 3099 5011 τοὺς
3129 4942 3323 5024 νόμους
3349 4968 3536 5026 παρα-

1851 5076 1854 5081 ·
1959 5038 2158 5099 ὅαίνειν
2199 5034 2320 5103 τοὺς
2350 5032 2698 5100 θεσπίσαντας
2726 5031 2865 5092 ὅπλα
2907 5030 3130 5112 ἐνέχυρα
3172 5030 3248 5110 μὴ
3290 5030 3536 5114 τιθέναι.)
