3859 5725
566 204 3260 260 Q

911 451 1704 558 EXPLICATIO
1777 453 2889 567 COMPENDIORUM.

1777 738 2051 762 *a

651 1051 690 1155 (
745 1050 783 1151 )
829 1049 978 1128 His
1026 1046 1593 1155 parentheseos
1662 1050 1901 1156 signis
1977 1078 2155 1158 quae
2227 1046 2526 1130 inclusa
2597 1051 2973 1158 leguntur
3009 1115 3028 1153 ,
3101 1052 3240 1135 ab·

946 1198 1128 1259 sunt
1161 1208 1206 1258 a
1244 1176 1521 1259 codice
1560 1180 2037 1261 Ravennate.
2105 1176 2771 1290 Iisdem'quando
2807 1185 3242 1292 cinguntur

945 1312 1261 1389 numeri
1301 1294 1716 1410 vFr'suum,
1759 1310 2056 1391 indicio
2096 1331 2210 1392 est
2250 1312 2601 1393 codicem
2639 1315 2936 1394 scholia
2985 1319 3068 1397 in
3106 1345 3241 1399 eos

939 1470 1211 1521 versus
1253 1472 1422 1521 non
1465 1442 1800 1540 habere,
1855 1444 2007 1522 nisi
2044 1472 2222 1552 quae
2253 1445 2457 1523 forte
2495 1442 3091 1552 subJ‘unguntur
3125 1477 3241 1527 se-

941 1592 1222 1680 parata
1264 1603 1309 1652 a
1345 1574 1625 1653 ceteris
1662 1586 1742 1652 et
1780 1572 2009 1652 litera
2044 1574 2138 1653 R.
2183 1592 2475 1654 notata.
2517 1576 2823 1654 Desunt
2860 1595 3236 1682 praeterea

939 1704 1241 1783 scholia
1259 1706 1654 1812 Equitum
1682 1734 1725 1783 a
1757 1734 1830 1785 v.
1876 1708 2028 1785 216
2070 1735 2323 1815 usque
2358 1706 2457 1786 ad
2485 1708 2722 1787 finem
2744 1769 2764 1806 ‚
2805 1709 3047 1788 Pacis
3082 1737 3125 1786 a
3162 1738 3235 1787 v,

945 1834 1142 1942 1039
1179 1863 1439 1943 usque
1467 1834 1568 1914 ad
1601 1835 1866 1935 finem,
1899 1838 2195 1915 Avium
2233 1836 2385 1945 239
2415 1893 2511 1906 -
2541 1838 2694 1946 394
2714 1900 2733 1938 ,
2765 1838 3237 1938 Lysistratae

945 1966 1102 2071 376
1131 2020 1230 2032 -
1257 1969 1445 2061 404.

621 2097 662 2210 [
733 2097 777 2207 ]
830 2098 987 2176 His
1037 2100 1264 2176 uncis
1331 2125 1511 2205 quae
1569 2097 2168 2177 concluduntur
2204 2158 2227 2197 ,
2289 2096 2581 2178 absunt
2649 2126 2694 2179 a
2763 2100 3036 2180 codice
3078 2102 3166 2178 V
3157 2130 3236 2179 e-

944 2245 1123 2305 neto
1158 2257 1195 2321 ,·
1231 2229 1448 2333 ‚item
1521 2228 1819 2308 scholia
1885 2257 2259 2308 versuum
2328 2257 2677 2337 quorum
2750 2234 3062 2310 numeri
3112 2233 3238 2312 iis-

934 2356 1122 2435 dem
1173 2334 1631 2464 cinguntur.
1679 2359 2372 2454 Acharnensium,
2436 2362 3225 2458 Ecclesiazusarum,

939 2491 1022 2567 T
1013 2490 1956 2598 hesmoplzoriazusarum
2049 2507 2127 2569 et
2191 2490 2663 2594 Lyszktratae
2716 2492 3013 2572 scholia
3070 2522 3231 2572 non

932 2621 1202 2701 habet.

604 2749 642 2831 ἶ
711 2745 754 2828 ]
823 2745 982 2823 His
1056 2749 1281 2823 uncis
1358 2743 1788 2852 duplicatis
1860 2772 2040 2852 quae
2121 2742 2845 2841 circumdedimuS,
2942 2745 3235 2825 absunt

923 2877 1030 2956 ab
1082 2896 1434 2984 utroque
1480 2876 1797 2973 codice,
1849 2878 2301 2955 Rauennate
2348 2905 2572 2985 aeque
2627 2905 2717 2954 ac
2769 2876 3089 2954 Veneto.
3132 2878 3235 2956 Iis

922 3009 1167 3113 signis
1229 3037 1400 3088 non
1452 3026 1624 3087 erat
1699 3035 1906 3114 opus
1975 3008 2116 3085 ubi
2171 3008 2701 3087 subscribitur
2775 3006 3023 3085 codex
3090 3010 3235 3118 qui

922 3140 1303 3247 praebuit.

595 3279 720 3356 R.
795 3270 1087 3350 Codex
1127 3271 1573 3348 Ravennas.

594 3413 722 3486 V.
794 3401 1087 3482 Codex
1118 3404 1476 3480 Venetus
1510 3410 1539 3496 (
1554 3399 2003 3477 Marcianus
2039 3401 2196 3503 [474
2214 3401 2266 3502 ).

591 3543 724 3620 G.
797 3532 1092 3613 Codex
1115 3529 1476 3640 ejusdem
1505 3529 2015 3608 bibliothecae
2047 3529 2463 3608 Marcianae
2489 3531 2669 3634 475.
2694 3531 2766 3608 Is
2803 3530 3224 3637 plerasque

914 3666 1210 3773 glossas
1255 3664 1542 3742 breves
1577 3690 1744 3740 non
1784 3662 2063 3760 habet,
2116 3662 2202 3739 in
2252 3661 2568 3740 scholiis
2611 3680 2871 3741 autem
2898 3662 3000 3741 ita
3032 3691 3222 3740 con-

910 3798 1152 3876 sentit
1206 3824 1394 3874 cum
1445 3794 1747 3871 Veneto
1782 3853 1809 3886 ,
1875 3810 1968 3871 ut
2019 3790 2459 3898 prudenter
2507 3791 2940 3872 dissensum
2977 3791 3220 3871 modo

913 3929 1323 4008 notaverit
1383 3921 1876 4004 Dindorfius.

586 4079 724 4158 Θ.
795 4060 1092 4143 Codex
1136 4058 1659 4137 Florentinus
1710 4054 2290 4132 Laurentianus
2322 4082 2552 4160 2779.

611 4203 714 4283 Γ.
784 4191 1084 4274 Codex
1103 4187 1480 4298 'ejusdem
1521 4183 2031 4263 bibliothecae
2072 4184 2326 4289 plutei
2361 4182 2621 4280 31,15.

583 4334 724 4414 M.
792 4322 1090 4405 Codex
1137 4316 1760 4399 Mediolanensis
1797 4314 2365 4392 Ambrosianus
2400 4315 2492 4412 L,
2526 4313 2654 4419 39.

583 4469 708 4545 L.
774 4454 1073 4538 Codex
1111 4449 1527 4530 Leidensis
1561 4448 1991 4525 Vossianus
2025 4447 2489 4551 Lysistratae.

437 4608 704 4688 Bar.
771 4586 1069 4671 Codex
1116 4582 1649 4662 Baroccianus
1681 4579 1781 4655 38
1805 4638 1826 4674 ,
1869 4576 2219 4684 ejusdem
2268 4576 2730 4680 Lysistratae.

579 4736 712 4813 A.
780 4717 1076 4802 Codex
1108 4714 1520 4794 Parisinus
1563 4710 1799 4813 regiae
1837 4707 2345 4786 bibliothecae
2388 4706 2720 4786 membr.
2747 4733 2840 4802 27
2863 4733 2980 4783 12.

565 4866 690 4946 Β.
755 4848 1056 4935 Codex
1093 4844 1456 4956 ejusdem
1509 4838 2019 4918 bibliothecae
2054 4838 2303 4917 chart.
2348 4841 2580 4943 27¹5·

575 4994 708 5077 C.
773 4981 1070 5065 Codex
1107 4975 1470 5088 ejusdem
1511 4971 2018 5051 bibliothecae
2057 4972 2303 5049 chart.
2346 4995 2562 5066 27¹7·
