3859 5725
1715 306 1991 371 AVIUM.

325 433 461 509 759,
498 441 534 502 [ι
566 434 617 492 οἱ
641 431 699 492 δὲ
727 434 973 516 πλῆκτρα
1000 435 1206 494 Suidas
1237 455 1283 493 5.
1317 425 1449 516 Αἶρε
1474 436 1764 518 πλῆκτρον.

254 556 309 571 --
334 521 364 579 5
392 519 598 598 ἕμὸολα
627 519 696 581 τὰ
725 544 785 602 χ.
821 527 892 581 V.
925 519 993 581 τὰ
1019 520 1222 601 ἔμὸολα
1254 545 1309 603 χ.
1335 527 1408 582 R.

324 609 468 681 762,
515 630 555 686 9
592 608 888 689 Σπίνθαρος
915 615 1155 690 xmp-R.
1186 615 1259 671 V.
1300 646 1365 661 -
1393 632 1413 667 ι
1437 631 1455 668 ι
1484 612 1675 691 pergit
1701 616 1772 671 R.

252 695 331 755 nal
366 695 510 778 Κάρ.
549 697 866 778 προείπομεν
903 694 1317 777 ὅτι-πολλαχοῦ
1354 696 1590 757 καὶ-δτι
1628 699 1767 781 Κάρ.

253 789 314 842 V.
336 796 524 843 autem
547 787 617 851 ὣς
644 783 797 866 Φρὺξ
819 781 875 843 δὲ
905 784 996 843 καὶ
1029 786 1170 862 (haec
1207 805 1323 843 om.
1351 784 1449 862 G.)
1473 788 1502 843 ὁ
1530 787 1579 862 (ὁ
1600 783 1657 843 δὲ
1679 788 1773 866 G.)

250 870 503 950 Φιλήμων
538 873 890 954 κωμῳδεῖται.
930 875 1002 938 ὡς
1033 871 1176 955 Κάρ.
1214 870 1344 954 πρὸς
1382 870 1411 931 ὃ
1444 871 1660 950 εἴπομεν
1692 872 1771 933 ὅτι

248 956 373 1027 ξένος
411 952 557 1028 οὗτος
593 963 868 1041 πολλαχοῦ
907 959 998 1019 καὶ
1036 959 1184 1042 παρὰ
1227 970 1335 1029 τοῖς
1375 962 1516 1041 (τοῖς
1541 981 1653 1021 om.
1679 963 1772 1043 G.)

246 1083 304 1096 —
326 1045 402 1106 ὅτι
439 1047 529 1106 καὶ
565 1049 706 1129 Κάρ.

320 1138 429 1207 764
451 1180 468 1209 ,
506 1156 574 1193 12
617 1135 922 1194 delendum
943 1135 1187 1197 fortasse
1216 1138 1510 1216 πολλαχοῦ,
1540 1160 1612 1199 ex
1638 1160 1771 1200 ver-

246 1222 329 1282 bis
348 1225 626 1301 proximis
644 1225 918 1303 πολλαχοῧ
944 1223 1002 1284 δὲ
1024 1224 1146 1300 καὶ,
1171 1238 1239 1285 ut
1260 1225 1507 1304 videtur,
1530 1230 1765 1289 illatum.

243 1313 551 1372 Scholiasta
579 1314 628 1371 si
660 1314 774 1372 hoc
806 1314 999 1373 dicere
1038 1316 1349 1388 voluisset,
1386 1317 1640 1385 πολλάκις
1666 1340 1772 1398 po-

245 1401 351 1459 tius
374 1401 614 1461 dixisset
630 1447 647 1477 ,
669 1402 740 1461 de
761 1422 879 1480 quo
903 1404 1104 1462 confer
1126 1405 1390 1482 exempla
1412 1405 1487 1464 ad
1506 1408 1770 1467 scholion

241 1489 582 1568 Thesmoph.
643 1490 760 1558 840
813 1490 1123 1549 afferenda.
1182 1489 1516 1572 Προείπομεν
1576 1510 1768 1554 autem

242 1579 599 1638 referendum
627 1580 699 1638 ad
728 1580 909 1639 schol.
937 1601 990 1637 v.
1022 1601 1045 1638 1
1064 1601 1108 1638 1.
1150 1585 1330 1640 Dum.

315 1669 423 1740 765
442 1711 460 1741 ,
496 1690 564 1742 17
597 1667 845 1735 πάππους
873 1674 947 1727 R.
978 1669 1049 1727 V.
1083 1668 1435 1729 ἐπιδεικνύναι
1462 1672 1595 1731 Ald.
1616 1711 1678 1722 —
1699 1694 1769 1750 19

236 1754 294 1815 ἔκ
315 1779 371 1814 τε
400 1755 655 1837 φρατρίας
681 1761 748 1815 R.
785 1755 913 1814 Ald.
944 1793 1007 1805 —
1033 1775 1111 1813 2ο
1139 1757 1428 1840 ἀναγράφει
1454 1761 1767 1819 BentleiuS.

236 1844 552 1922 Legebatur
587 1841 891 1925 ἀναγράφω.
937 1844 1165 1903 Deinde
1194 1844 1411 1912 πάππος
1441 1848 1563 1906 avis
1602 1848 1769 1907 intel·

236 1936 442 2012 ligitur.
469 1953 622 1991 -2ι
654 1953 739 2011 sq.
782 1933 844 1991 in
886 1936 957 1991 V.
1001 1953 1176 2011 supra
1219 1947 1351 2012 post
1392 1934 1472 1994 ὅτι
1511 1935 1603 1996 καὶ
1647 1936 1769 2019 Κάρ

235 2022 498 2102 leguntur
529 2023 612 2081 sic
640 2022 887 2100 scripta,
915 2019 1068 2102 τρίτη
1098 2029 1257 2102 μοῖρα
1282 2022 1334 2080 δὲ
1364 2020 1464 2083 εἶσὶ
1507 2023 1687 2106 (τρίτη
1714 2025 1769 2084 δὲ

234 2117 389 2189 μοῖρα
430 2108 543 2168 ἰστὶ
582 2110 674 2187 G.)
717 2112 812 2180 τῆς
845 2111 1011 2189 φυλῆς
1050 2108 1250 2192 (φιλίας
1289 2112 1383 2188 G.)
1433 2116 1468 2183 ἡ
1513 2113 1770 2196 φρατορία

231 2194 468 2264 οὕστινας
484 2195 690 2278 τριτοὺς
715 2195 877 2274 λέγει.
897 2215 1046 2254 -22
1077 2196 1254 2280 τριτὺν
1277 2197 1407 2256 Ald.

310 2290 454 2362 766,
500 2290 573 2347 23
619 2287 980 2347 scribebatur
1016 2288 1113 2347 hic
1149 2300 1207 2348 et
1252 2289 1402 2348 infra
1439 2304 1769 2352 constanter

230 2379 421 2438 Πισ-.
442 2418 523 2430 --
548 2385 623 2444 24
648 2376 1013 2436 scribebatur
1034 2376 1154 2436 οὔτε
1175 2376 1331 2458 περὶ,
1359 2379 1519 2455 quod
1544 2393 1768 2440 rectum

229 2478 315 2523 cst
346 2466 395 2524 si
422 2464 711 2523 scribatur
732 2464 849 2524 οὔτε
873 2463 952 2532 τίς
973 2469 1003 2524 ὁ
1021 2465 1257 2527 Πεισίου.
1282 2504 1348 2516 -
1370 2467 1444 2524 25
1464 2467 1769 2528 scribeba-

232 2566 324 2612 tur
354 2553 603 2634 Χείροσι,
640 2553 921 2621 Πυλαίαις.
948 2598 1011 2610 -
1041 2554 1114 2612 28
1143 2555 1353 2636 θανάτῳ
1382 2556 1514 2614 Ald.
1564 2579 1622 2616 τε
1647 2579 1764 2617 om.

229 2647 321 2718 V.,
342 2662 414 2700 ex
435 2662 555 2720 quo
582 2662 657 2719 29
676 2644 913 2701 accessit
930 2642 1022 2703 καὶ
1046 2642 1309 2721 ἐδημεύθη
1333 2644 1500 2722 (adde
1517 2648 1553 2716 ἠ
1573 2646 1765 2726 οὐσία).

225 2771 304 2784 ....
330 2733 401 2792 33
428 2729 688 2791 Φαίνεται
714 2722 850 2790 εἶναι
896 2732 1041 2812 (haec
1094 2752 1210 2791 om.
1251 2732 1349 2810 G.)
1398 2731 1608 2811 λέγεται
1635 2725 1767 2794 εἶναι

225 2814 323 2896 V.‚
348 2821 494 2880 etin
518 2841 699 2901 marg.
728 2840 764 2880 a
785 2841 860 2881 m.
891 2841 1009 2881 sec.
1039 2844 1121 2903 γρ.
1150 2819 1410 2901 βούλεται.
1440 2860 1503 2873 -
1529 2825 1601 2892 34
1628 2826 1768 2884 scri-

224 2910 472 2968 bebatur
502 2908 736 2990 Χείροσι.
775 2947 838 2959 -
877 2910 951 2969 35
985 2913 1195 2991 πρῶτον
1222 2917 1530 2970 Porsonus.
1573 2917 1764 2992 Lege·-

225 2997 399 3054 batur
437 3000 647 3077 πρῶτα.
695 2998 1015 3056 Meinekius
1063 3001 1250 3078 πρῶτα
1298 2996 1394 3077 μὲν
1433 2990 1541 3060 οὗν.
1576 3035 1657 3047 -
1690 3004 1763 3060 36

224 3082 766 3166 Πεισίαν-Διιτρέφη
814 3084 1216 3163 (scribebatur
1264 3088 1517 3169 Διιτρεφῆ
1534 3088 1573 3166 ).
1626 3093 1765 3149 Haec

222 3174 458 3233 nomina
481 3175 674 3232 locum
697 3193 817 3232 non
840 3174 1058 3233 habent
1086 3176 1147 3233 in
1173 3188 1360 3235 metro
1393 3178 1761 3255 anapaestico.

226 3262 470 3321 Videtur
528 3262 816 3321 addidisse
869 3264 1173 3321 scholiasta
1198 3308 1217 3338 ,
1277 3264 1765 3342 quemadmodum

221 3349 530 3428 Eupolidis
577 3350 845 3409 versibus
871 3351 931 3409 in
959 3350 1182 3410 scholio
1206 3350 1359 3410 Nub.
1389 3373 1503 3429 997
1535 3354 1766 3431 Hippo—

219 3440 397 3499 cratis
437 3439 691 3499 filiorum
735 3440 969 3497 nomina
997 3452 1129 3498 sunt
1163 3440 1473 3519 adscripta.
1519 3440 1761 3501 Suidas:

221 3526 423 3587 Πισίαν
455 3550 469 3585 :
500 3525 622 3608 τρία
648 3524 896 3586 κνώδαλά
927 3548 1085 3606 φησιν
1110 3525 1515 3608 Ἀριστοφάνης,
1544 3526 1763 3603 Πισίαν,

219 3614 536 3698 Ὀσιρρύωνα
561 3614 828 3699 (ὀσφύωνα
843 3618 1017 3675 Paris.
1038 3619 1082 3673 B
1104 3626 1163 3674 et
1175 3616 1471 3693 Bruxell.),
1494 3620 1762 3698 Διιτρεφῆ.

216 3707 408 3763 Duru.
444 3708 590 3775 Quae
617 3704 870 3765 Hanovii
897 3723 1132 3783 quoque
1160 3716 1220 3762 et
1243 3704 1515 3763 Meinekii
1542 3717 1763 3763 senten-

216 3793 403 3852 tentia
442 3803 531 3851 est
569 3797 729 3852 Com.
767 3798 830 3867 1,
880 3812 939 3870 p.
996 3793 1125 3850 153.
1165 3792 1407 3871 Bergkio
1437 3795 1757 3851 comment.

216 3901 277 3959 p.
326 3889 442 3949 242
504 3880 685 3956 ipsius
729 3900 852 3938 esse
891 3880 1109 3939 Cratini
1145 3880 1324 3939 verba
1373 3880 1662 3953 videntur,
1705 3895 1765 3940 et

217 3987 426 4029 versus
466 3966 777 4045 glyconeus
818 3969 1116 4044 praemisso
1147 3970 1405 4027 cretico:
1440 3969 1599 4046 quod
1637 3988 1763 4028 me-

216 4069 379 4116 trum
423 4074 556 4113 cum
598 4067 929 4113 tetrametro
974 4057 1323 4133 anapaestico
1368 4057 1763 4117 consociatum

213 4142 698 4224 deprehendebat
733 4143 792 4200 in
823 4142 1143 4220 fragmento
1179 4143 1400 4204 Comici
1427 4144 1640 4203 veteris
1665 4165 1760 4223 ap.

210 4236 371 4294 Plut.
398 4240 550 4293 Mor.
578 4254 637 4312 p.
668 4254 763 4307 27,
794 4237 855 4292 C.
886 4234 1051 4292 Conf.
1079 4235 1323 4293 Meinek.
1348 4235 1433 4293 ib.
1462 4256 1522 4316 p.
1550 4237 1681 4293 161.

304 4325 446 4396 767,
485 4325 563 4401 39
591 4322 687 4388 Εἰς
710 4318 839 4380 αὗτό
860 4325 924 4379 V.
962 4341 1075 4399 pro
1103 4318 1324 4390 Ἄλλως.
1368 4322 1532 4380 Idem
1574 4322 1765 4399 pergit

210 4413 243 4469 ὁ
278 4406 468 4491 πέρδιξ
513 4408 804 4489 πανουργίᾳ
845 4406 1079 4490 ἐξαπατᾷ
1116 4405 1238 4477 τοὺς
1279 4406 1548 4490 θηρευτάς.
1584 4408 1629 4467 εἷ
1674 4398 1763 4467 οὖν

211 4497 311 4558 καὶ
341 4503 373 4558 ὁ
400 4496 510 4565 υἱὸς
533 4496 688 4557 αὖτοῦ
715 4495 960 4577 βούλεται
982 4494 1158 4573 ὅμοιος
1181 4496 1323 4579 αὐτῷ
1343 4494 1603 4575 γενέσθαι.

303 4587 453 4661 768,
482 4593 557 4654 44
594 4605 679 4663 sq.
716 4582 1249 4663 καταλαμβανόμενοι
1283 4583 1386 4643 ὑπὸ
1422 4587 1528 4643 τῶν
1555 4582 1761 4665 ἀνθρώ-

209 4697 340 4734 πων
372 4676 719 4753 μηχανῶνται
745 4670 881 4732 οὕτω
906 4670 1003 4743 τὴν
1033 4669 1297 4752 σωτηρίαν
1321 4677 1411 4744 R„
1439 4674 1542 4750 qui
1568 4672 1642 4741 46
1664 4670 1766 4753 γὰρ

211 4783 347 4822 om.
393 4799 460 4813 -
490 4769 567 4839 49
593 4783 806 4839 κατεγν.
848 4759 935 4821 ἐπὶ
968 4763 1141 4843 φυγῇ,
1190 4760 1265 4818 52
1302 4768 1480 4843 φυγεῖν
1516 4765 1582 4819 V.
1627 4796 1688 4809 —
1737 4781 1758 4819 1

210 4848 593 4912 scribebatur
611 4852 843 4908 τιθεῖσιν.
863 4886 929 4898 -
952 4848 988 4907 6
1008 4843 1410 4926 ἑπισπωμένως,
1434 4847 1470 4904 8
1491 4846 1766 4929 διαδρᾶσαι

211 4944 295 4998 V.
327 4934 686 5018 διαδιδράσκει
714 4940 788 4995 G.

309 5027 436 5103 769
456 5026 519 5084 in
534 5031 609 5084 V.
632 5025 985 5103 adscriptum
1010 5028 1045 5097 ἡ
1066 5020 1274 5106 ἀντῳδὴ
1295 5022 1415 5096 ἤτοι
1430 5020 1768 5105 ἅντιστροφή.

312 5134 462 5193 772,
492 5123 559 5185 xl.
592 5112 860 5197 πτερύγων
894 5113 1026 5175 Ald.
1060 5112 1150 5173 τὸν
1176 5111 1324 5187 ἥλιον
1352 5117 1426 5174 R.

3277 331 3394 387 487

1945 450 2092 512 774,
2137 443 2208 500 16
2251 443 2472 526 Θρᾴκης
2520 445 2957 528 ποταμὸς-ἔχων
3001 456 3071 510 V.
3114 487 3179 502 -
3230 454 3299 511 18
3346 453 3395 511 οἱ

1859 521 2055 607 ὄρνιθες
2083 529 2301 589 Victor.
2641 540 2660 557 '

1880 649 1889 660 ·
1947 616 2090 690 782,
2124 617 2198 674 25
2223 617 2313 678 τὸν
2337 617 2483 702 ἱερέα
2509 626 2574 681 V.

1943 706 2081 778 787,
2116 707 2184 764 31
2212 710 2414 789 μικρῶν
2444 714 2516 769 R.

1945 814 2090 870 790,
2123 794 2196 852 35
2226 815 2316 873 sq.
2348 794 2537 875 λόγιος.
2572 796 2873 857 διεὸάλλετο
2902 797 2958 855 δὲ
2991 800 3062 866 ὣς
3095 796 3400 877 καταχέσας

1859 876 1928 938 τὰ
1956 880 2248 961 στρώματα
2271 885 2449 946 αὐτοῦ.
2497 883 2681 953 ἕξετίλ.
2707 888 2777 947 R.
2805 884 2977 951 ἄλλως
2999 884 3056 958 δὲ
3072 893 3139 947 V.
3156 900 3214 945 et
3237 886 3398 949 Suid.

1860 988 1903 1025 s.
1934 970 2220 1041 Χεζητιῶν.
2250 971 2307 1030 δὲ
2331 991 2446 1031 om.
2471 974 2602 1031 Ald.
2625 1012 2687 1022 —
2708 975 2783 1033 36
2806 972 2898 1032 καὶ
2922 973 3109 1042 οὐέσας
3125 980 3199 1032 V.

1942 1059 2088 1133 793,
2119 1059 2192 1116 38
2217 1061 2365 1138 ὑμῶν
2392 1060 2454 1119 ἂν
2480 1058 2622 1127 ὅστις
2644 1067 2713 1125 R.

1941 1156 2053 1220 794
2072 1191 2087 1219 ,
2133 1156 2202 1216 lu
2252 1150 2554 1227 βουλευταῖς
2599 1148 2927 1228 βουλευτικὸς
2967 1154 3036 1208 R.
3068 1152 3137 1208 V.
3183 1146 3400 1229 ἔφήὸοις

1858 1233 2080 1317 ἔφηὸίης
2096 1242 2165 1294 V.
2190 1274 2253 1286 —
2277 1247 2352 1307 42
2373 1235 2428 1298 δὲ
2451 1257 2564 1296 om.
2591 1244 2663 1297 R.
2695 1235 2803 1296 ἀπὸ
2824 1235 2939 1295 ἀντὶ
2964 1239 3015 1294 θ.
3040 1241 3106 1295 V.
3131 1234 3258 1294 Ald.
3282 1234 3399 1293 ἀντὶ

1857 1327 1950 1383 τοῦ
1975 1322 2082 1383 ἀπὸ
2106 1329 2151 1382 θ.
2181 1330 2484 1385 Kusterus.

1939 1415 2084 1488 798,
2127 1414 2199 1482 43
2233 1416 2312 1493 τῷ
2350 1432 2464 1471 om.
2499 1417 2566 1471 V.
2603 1449 2664 1461 -
2703 1421 2777 1481 44
2816 1409 3106 1490 ἱμαντάρια
3131 1409 3334 1469 Suidas
3355 1429 3398 1470 8.

1857 1498 2153 1581 Διιτρέφης.
2201 1500 2533 1579 Legebatur
2575 1498 2924 1580 αἱμαντάρια.
2961 1536 3024 1550 ·-
3064 1508 3138 1574 49
3176 1496 3270 1556 καὶ
3295 1495 3403 1557 ἀπὸ

1861 1585 1982 1663 (ὑπὸ
2006 1587 2106 1667 V.)
2148 1591 2241 1660 τῆς
2281 1593 2588 1671 Διιτρειροῧς
2623 1594 2690 1648 V.
2732 1588 2861 1649 Ald.
2891 1625 2956 1639 --
2988 1589 3055 1646 51
3102 1587 3194 1646 καὶ
3226 1588 3398 1645 πολυ-

1854 1672 2118 1754 πράγμων
2150 1676 2413 1735 additum
2434 1697 2504 1736 ex
2523 1681 2598 1735 R.
2630 1714 2693 1726 --
2721 1677 2793 1734 52
2822 1676 2913 1736 καὶ
2939 1673 3080 1745 ξένον
3109 1694 3402 1753 gramma-

1858 1762 1992 1834 tici,
2038 1783 2156 1822 nou
2200 1765 2408 1823 comici
2456 1784 2579 1823 esse
2625 1764 2873 1822 videtur.
2927 1764 3100 1837 Quod
3129 1783 3201 1821 ex
3228 1760 3402 1824 Suida

1856 1852 2186 1911 confirmari
2218 1865 2413 1912 monet
2453 1853 2700 1911 Meinek.
2747 1858 2911 1910 Com.
2950 1858 3007 1926 1,
3052 1872 3110 1930 p.
3141 1851 3275 1908 626.
3311 1847 3400 1908 τὸν

1858 2005 2009 2083 μόσις
2034 2014 2098 2069 V.
2125 2009 2215 2069 τὸν
2241 1965 2345 2086 μού
2364 2014 2436 2069 G.
2461 2047 2526 2061 -·
2549 2030 2573 2067 1
2604 2009 2847 2081 Ἀττικῆς
2869 2015 2938 2069 G.
2968 2007 3155 2067 θάλινα
3169 2053 3187 2083 ,
3214 2031 3246 2068 2
3270 2012 3396 2069 ἱππ.

1855 2095 1947 2154 καὶ
1980 2099 2098 2157 aa).
2127 2104 2199 2158 V.
2235 2099 2352 2171 Qui
2388 2099 2451 2157 in
2480 2100 2592 2157 fine
2620 2098 2780 2158 addit
2806 2090 2953 2165 οἶτος
2979 2097 3400 2179 πολυπράγμων.

1940 2216 2055 2271 799
2075 2239 2092 2269 ,
2123 2195 2157 2254 5
2190 2216 2274 2274 sq.
2303 2194 2496 2254 Verba
2513 2192 3006 2278 Παρὰ-Αἰσχύλου
3053 2207 3312 2272 spectant
3334 2194 3406 2253 ad

1855 2284 2187 2362 proximum
2209 2281 2383 2350 ξουθὸς
2398 2279 2827 2362 ἱππαλεκτρυών,
2851 2281 2924 2340 de
2944 2301 3063 2360 quo
3084 2281 3202 2340 vid.
3220 2282 3401 2340 schol.

1855 2378 1987 2432 Pac.
2028 2392 2047 2429 ι
2066 2391 2195 2444 177.
2227 2375 2412 2429 Dum.
2438 2366 2806 2450 Μυρμηδόνων
2826 2373 2897 2427 V.
2924 2390 3015 2446 γε.
3040 2412 3054 2427 .
3081 2412 3095 2427 .
3125 2363 3184 2426 δὲ
3208 2367 3403 2450 ἀρτίως

1857 2459 1979 2537 (ἤδη
1998 2459 2146 2538 Ald.)
2172 2457 2289 2536 μέγ.
2313 2464 2383 2517 R.
2410 2458 2536 2516 sine
2558 2454 2658 2515 ὅτι.

1936 2549 2084 2627 800,
2109 2569 2147 2625 9
2170 2545 2496 2627 ἐντιμότερος
2519 2551 2591 2605 R.
2621 2539 2932 2624 τιμιώτερος
2954 2542 3088 2601 Ald.

1937 2638 2076 2711 θοι,
2110 2638 2176 2694 ι3
2207 2655 2334 2714 sqq.
2368 2632 2580 2705 ἐξῆλθον
2615 2631 2706 2691 καὶ
2745 2628 2825 2710 (δὲ
2847 2631 3002 2709 Ald.)
3039 2632 3089 2689 oi
3117 2628 3209 2690 δύο
3237 2632 3401 2692 ἐπτε-

1857 2723 2082 2808 ρωμένοι
2110 2723 2203 2783 καὶ
2238 2723 2390 2782 ἄλλοι
2415 2718 2590 2789 καθὼς
2618 2718 2832 2797 εἴπομεν
2860 2718 3038 2777 habet
3060 2724 3134 2776 G.

1937 2816 2086 2888 806,
2124 2834 2194 2891 19
2228 2807 2646 2890 ἅποκεκομμίνῳ
2671 2808 2802 2868 Ald.
2830 2845 2893 2856 —
2921 2827 2991 2866 2ι
3032 2808 3108 2888 τῷ
3135 2807 3341 2888 ἐχθρῷ,
3369 2808 3398 2865 ὁ

1855 2902 1910 2962 δὲ
1940 2927 1990 2963 κ.
2015 2906 2094 2985 τῷ
2116 2898 2457 2986 προμετώπῳ
2474 2895 2868 2977 κεκοσμημένος
2885 2902 2958 2957 V.

1936 3002 2073 3073 807,
2102 3000 2177 3057 25
2220 3018 2345 3076 sqq.
2375 2996 2633 3073 AEschyli
2670 3014 2873 3055 versus
2908 2992 3079 3051 affert
3110 2990 3318 3051 suidas
3346 3010 3394 3049 ε.

1853 3089 1978 3168 Οὗχ
2007 3087 2095 3145 ὑπ’
2125 3085 2301 3145 ἄλλων
2342 3084 2468 3163 (ubi
2507 3085 2759 3163 primum
2798 3100 3032 3144 versum
3073 3077 3306 3159 omisit)
3339 3092 3400 3137 et

1853 3176 2028 3237 Ταυτὶ
2056 3174 2171 3253 μέν.
2199 3212 2265 3225 -
2289 3177 2364 3233 25
2392 3171 2469 3233 ὅδ’
2495 3172 2716 3233 Suidas.
2747 3169 3077 3248 Legebatur
3100 3170 3172 3235 ὣς
3194 3165 3269 3225 δὲ.
3299 3157 3400 3225 ὧδ’

1852 3263 1963 3323 ἐστὶ
2015 3261 2191 3342 μύθων
2236 3264 2343 3321 τῶν
2379 3259 2627 3321 Λιὸυκῶν
2681 3258 2745 3317 τὸ
2784 3257 2936 3325 κλέος
2981 3257 3289 3316 scholiasta
3318 3261 3402 3315 A·

1852 3351 2122 3430 phthonii
2150 3350 2210 3408 in
2237 3349 2444 3409 Walzii
2469 3349 2668 3407 Rhett.
2698 3347 2815 3405 vol.
2844 3365 2911 3420 2,
2939 3365 2999 3425 p.
3035 3365 3123 3405 ι2.
3154 3347 3313 3421 μῦθος
3330 3349 3403 3406 V.

1849 3479 1910 3490 -
1929 3441 2003 3498 28
2028 3440 2199 3497 αὐτῶν
2222 3437 2358 3498 ΑΙά.
2379 3440 2553 3504 αὐτοῖς
2571 3441 2640 3495 V.
2660 3471 2725 3487 -
2748 3454 2823 3512 29
2844 3432 3204 3512 ἁλισκόμεσθα
3223 3431 3387 3495 Suid.

1852 3528 2045 3589 Ceteri
2081 3525 2422 3605 ἇλισκόμεθα.
2451 3525 2599 3584 Vide
2633 3530 2878 3584 Porson.
2916 3520 2990 3580 ad
3029 3521 3231 3600 Eurip.
3261 3524 3390 3579 Me-

1851 3618 2017 3677 deam
2049 3620 2191 3693 139,
2213 3618 2396 3688 VIII,
2434 3613 2535 3691 qui
2574 3612 2820 3671 aliorum
2856 3609 3207 3690 scriptorum
3233 3609 3391 3667 locos

1853 3704 2132 3785 quosdam
2155 3701 2438 3761 indicavit
2451 3744 2468 3773 ,
2491 3699 2703 3778 quibus
2722 3697 3003 3760 Galenum
3026 3696 3176 3757 adde
3192 3695 3307 3756 vol.
3334 3694 3389 3771 5,

1854 3813 1909 3872 p.
1941 3802 2049 3862 144
2075 3792 2166 3853 ed.
2196 3791 2452 3852 Charter.
2479 3812 2492 3847 :
2516 3787 2607 3848 καὶ
2633 3785 2761 3867 τάχ’
2787 3787 2889 3866 οὐχ
2913 3784 3002 3844 ὑπ’
3028 3783 3221 3858 ἄλλων,
3251 3782 3389 3843 ἀλλὰ

1851 3888 1957 3948 τοῖς
1988 3882 2160 3939 αὑτῶν
2189 3885 2397 3959 πτεροῖς
2423 3875 2765 3954 ἇλισκόμεθα.
2794 3878 2978 3932 Dum.
3015 3909 3078 3921 -
3108 3872 3183 3929 30
3214 3865 3386 3928 αἰετὸν

1852 3974 1917 4026 V.
1982 3963 2338 4049 τρωννύμενον
2378 3963 2470 4022 καὶ
2521 3960 2744 4041 λέγοντα
2765 3965 2835 4019 V.
2863 3957 2996 4019 Ald.
3028 3993 3089 4008 —
3120 3959 3187 4017 31
3220 3961 3389 4015 ταῦτα

1852 4076 1967 4114 om.
2000 4062 2067 4113 R.

1930 4145 2045 4218 809
2062 4185 2080 4213 ,
2105 4142 2180 4201 38
2201 4138 2302 4200 Ἔν
2317 4160 2454 4198 τισιν
2475 4159 2591 4198 om.
2615 4140 2689 4197 V.
2712 4170 2774 4186 -·-
2795 4136 2871 4212 39
2892 4138 3046 4193 τοῦτο
3065 4130 3147 4192 ἔπ.
3169 4133 3238 4193 V.
3256 4130 3385 4191 Ald.

1930 4231 2078 4303 816,
2110 4237 2182 4299 44
2216 4248 2302 4306 sq.
2333 4225 2633 4305 legebatur
2659 4223 2766 4283 οὐδ’
2809 4222 3179 4301 ἄσπαρτον.-
3199 4228 3274 4295 49
3299 4240 3391 4297 μοι

1855 4317 2009 4377 αὐτὸν
2046 4324 2107 4376 R.
2131 4318 2201 4375 V.
2225 4346 2310 4367 -·
2338 4316 2412 4374 50
2434 4320 2469 4388 ἡ
2499 4312 2668 4395 κειρία
2693 4310 2749 4370 δὲ
2777 4316 2849 4370 V.
2878 4315 3187 4390 παρεοικυῖα
3212 4312 3286 4367 R.

1933 4407 2046 4464 822
2067 4449 2084 4479 ,
2109 4408 2141 4464 3
2169 4402 2493 4485 Προείρηκεν
2512 4406 2587 4459 V.
2612 4398 2739 4458 Ald.
2765 4435 2828 4447 —
2850 4399 2882 4457 5
2906 4386 2978 4463 εἷς
2998 4393 3094 4473 μὲν
3110 4437 3127 4468 ,
3163 4394 3385 4472 Rhegi-

1852 4512 1963 4551 nus
1981 4536 2000 4568 ,
2028 4492 2099 4551 de
2121 4512 2241 4569 quo
2264 4489 2399 4549 vide
2424 4493 2658 4548 Kuster.
2681 4484 2754 4546 ad
2773 4484 3010 4546 Suidam
3029 4501 3073 4540 s.
3096 4478 3386 4557 Θεαγένης.

1854 4582 1964 4641 Hic
2002 4593 2060 4639 et
2102 4583 2137 4639 6
2182 4582 2211 4637 ὁ
2251 4596 2367 4638 om.
2393 4582 2468 4637 V.
2505 4612 2571 4627 -
2596 4594 2629 4649 7
2657 4566 2929 4657 περαΐτης,
2963 4591 3088 4630 voc.
3119 4568 3386 4646 dubium,

1852 4668 2071 4730 omittit
2095 4668 2318 4728 suidas.

1937 4757 2050 4815 823
2070 4799 2087 4829 ,
2121 4757 2189 4814 13
2213 4753 2274 4813 τὸ
2301 4772 2418 4811 om.
2440 4754 2508 4811 V.
2536 4747 2594 4809 δὲ
2623 4769 2734 4808 om.
2760 4754 2830 4809 R.

1935 4844 2083 4918 825,
2114 4862 2189 4901 22
2216 4844 2381 4900 εἰπεῖν
2406 4852 2466 4899 et
2495 4839 2567 4896 23
2593 4839 2766 4897 αὐτῶν
2790 4856 2906 4896 om.
2927 4838 2999 4895 V.
3034 4832 3165 4893 Ald.
3199 4834 3388 4912 {mape-

1853 4931 2109 4994 ὅάλλοντο
2120 4935 2190 4992 V.
2212 4928 2535 5012 δπερέδαλον
2559 4927 2687 4986 Ald.
3123 4966 3128 4971 .

1935 5020 2072 5095 827,
2100 5021 2174 5077 26
2193 5016 2377 5100 ἔφερον
2395 5020 2468 5075 R.
2486 5050 2553 5066 -
2569 5032 2644 5087 27
2663 5008 3050 5088 Παναθηναίων
3071 5006 3388 5087 Berglems.

1858 5107 2187 5189 Legebatur
2208 5101 2513 5181 Ἀθηναίων.
