3859 5725
1368 172 1376 185 ’
1481 209 1869 271 scflomA
1919 210 2011 270 ιΝ
2064 176 2383 275 ΡΑοΕΜ.
3431 226 3543 291 1⁸9

327 341 449 406 λως.
486 337 761 421 μετόρχιόν
789 341 903 399 ἐστι
929 339 989 400 τὸ
1017 317 1211 418 μεταξῦ
1239 328 1343 399 τῶν
1371 341 1653 423 συμφύτων
1687 341 1886 414 πεδίον,

2059 342 2261 424 φιλτάθ’
2287 363 2302 405 t
2331 345 2410 406 Τὸ
2435 344 2630 405 τέλειον
2655 347 2910 430 φιλτάτη,
2938 357 3179 435 σκληρῶς
3204 361 3295 415 τοῦ
3322 382 3358 430 η
3383 381 3544 418 συνα-

327 431 384 489 ἐν
404 418 449 510 ᾧ
476 426 511 500 ἢ
539 429 676 496 σῖτος
699 426 734 499 ἢ
763 426 893 487 ἄλλο
915 453 968 488 τι
991 427 1268 510 ἔσπαρται.
1295 428 1496 497 παίζων
1526 424 1613 490 οὗν
1640 425 1781 493 εἶπεν
1812 430 1892 490 ὅτι
1979 430 2284 511 λειφθέντος.
2311 444 2369 493 R.
2399 446 2463 491 V.

328 515 556 587 ἠδύνατό
574 540 650 583 τις
668 515 945 596 διασχίσας
962 514 1148 583 αὐτοὺς
1167 520 1385 588 ποιῆσαι
1400 515 1692 599 μετόρχιον,
1712 516 1891 588 ἐπειδὴ

328 604 516 665 πολλοὶ
543 604 645 663 εἰσὶ
673 601 894 682 μεταξὺ,
917 602 1004 662 ἵνα
1038 603 1186 662 αὐτοὶ
1215 604 1331 662 ἀντὶ
1365 610 1471 664 τῶν
1499 611 1675 688 φυτῶν
1702 609 1896 687 γένων-

276 712 306 752 5
327 716 436 752 ται.
557 690 776 758 Ἄλλως.
800 690 935 758 τινὲς
961 690 1024 750 τὸ
1053 690 1228 772 ὅρχιον
1252 691 1311 750 τὸ
1338 692 1532 769 μεταξὺ
1565 698 1670 753 τῶν
1700 698 1890 775 φυτῶν.

327 778 547 847 Ἄλλως.
581 777 854 860 μετόρχιον
877 777 938 837 τὸ
971 778 1165 855 μεταξὺ
1202 783 1307 838 τῶν
1329 780 1555 861 χωρίων,
1588 779 1717 863 ὅπερ
1745 780 1894 861 λέγε-

326 892 418 927 ται
445 867 616 948 ὄρχος.
647 870 819 934 καλῶς
847 865 910 926 ἄν
947 890 1049 939 τις,
1078 867 1234 947 φησὶ,
1273 868 1620 946 μεταστήσειε
1656 867 1724 928 τὰ
1757 868 1894 951 φυτὰ

329 956 435 1015 ἀπὸ
456 960 561 1015 τῶν
585 958 818 1036 ἀρουρῶν
837 959 938 1013 τῶν
964 954 1338 1036 σπειρομένων.

410 1064 506 1105 570.
551 1042 637 1102 διὰ
670 1041 861 1124 χρόνου
896 1041 1074 1119 γήδιον
1117 1065 1131 1103 z
1165 1041 1608 1124 Ὑποκοριστικῶς
1648 1042 1763 1102 ἀντὶ
1801 1049 1892 1102 τοῦ

248 1144 304 1186 1⁰
329 1131 427 1204 τὴν
454 1136 573 1210 γῆν.
615 1136 875 1212 τριαινοῦν
913 1129 966 1189 δὲ
994 1128 1169 1211 ἠρέμα
1209 1130 1462 1189 σκάπτειν
1499 1131 1592 1191 καὶ
1632 1131 1894 1213 ἐπισύρειν

329 1219 424 1286 τὰς
453 1218 649 1298 βώλους
672 1217 803 1299 ὑπὲρ
824 1224 916 1278 τοῦ
940 1217 1327 1299 κατακρύπτειν
1347 1216 1415 1277 τὰ
1435 1218 1732 1302 σπέρματα.

411 1328 512 1369 571.
560 1308 701 1387 (ἀλλ’
737 1304 1150 1385 ἀναμνησθέντες
1182 1327 1196 1368 :
1229 1309 1405 1379 Διπλῆ
1438 1308 1528 1366 καὶ
1557 1306 1710 1385 μέλος
1738 1308 1891 1383 ἀμοι·

333 1394 501 1455 ὅαῗον.
526 1394 587 1453 τὸ
611 1394 725 1473 μὲν,
747 1400 837 1453 τοῦ
868 1397 1179 1474 ὑποκριτοῦ,
1215 1394 1499 1475 δεκακώλῳ
1527 1398 1810 1475 τροχαϊκῷ.
1833 1384 1893 1454 οὗ

334 1484 390 1541 ἐν
413 1481 632 1543 εἰσθέσει
660 1480 807 1540 ἐννέα
839 1482 1214 1554 ἀκατάληκτα,
1254 1481 1473 1563 δίμετρα
1501 1480 1567 1541 τὰ
1602 1480 1766 1555 ὀκτὼ,
1798 1504 1895 1559 μο-

253 1586 309 1626 15
334 1569 582 1652 νόμετρον
618 1567 674 1629 δὲ
712 1568 774 1628 τὸ
814 1567 1218 1649 παρατέλευτον.
1260 1569 1352 1628 καὶ
1387 1572 1438 1628 ἐν
1482 1566 1682 1629 ἐκθέσει
1722 1566 1894 1648 στίχοι

332 1657 607 1737 τροχαϊκοὶ
636 1654 977 1736 τετράμετροι
997 1654 1414 1734 καταληκτικοί.)
1445 1652 1692 1736 [Ἄλλως.
1733 1659 1767 1726 ἡ
1803 1652 1891 1712 ἔκ-

332 1749 470 1811 θεσις
498 1742 633 1815 αὕτη
662 1748 755 1814 τῆς
780 1744 967 1815 διπλῆς
989 1743 1173 1803 κώλων
1203 1743 1342 1802 ἐστὶν
1375 1741 1566 1820 ὁμοίων
1597 1744 1893 1822 τροχαῖκῶν

337 1831 428 1892 ια’.
451 1822 524 1890 ῶν
551 1829 612 1889 τὸ
634 1830 685 1902 η’
713 1829 1047 1911 μονόμετρον,
1074 1828 1142 1889 τὰ
1174 1827 1229 1888 δὲ
1250 1827 1412 1889 λοιπὰ
1439 1827 1657 1910 δίμετρα
1686 1826 1892 1887 ἀκατά-

336 1919 524 1991 ληκτα.
548 1917 609 1977 τὸ
633 1920 929 1977 τελευταῖον
952 1917 1317 1999 ἑφθημιμερές.
1344 1916 1427 1998 ὑφ’
1454 1915 1484 1975 ὃ
1504 1920 1559 1975 αἱ
1588 1915 1895 1998 ἀμφοτέρα)-

250 2022 309 2061 20
337 2010 421 2066 θεν
439 2006 537 2075 ἔξω
560 2005 792 2086 διπλαῖ]

416 2114 515 2155 574.
550 2092 828 2153 παλασίων
865 2113 879 2153 :
910 2095 1032 2152 Τῶν
1069 2090 1453 2168 πεπατημένων
1482 2092 1734 2172 ἰσχάδων.
1762 2087 1896 2157 τινὲς

338 2180 393 2240 δὲ
410 2184 515 2240 τῶν
533 2179 783 2239 παλάθων
796 2204 809 2218 ·
833 2179 1048 2252 παλάθη
1068 2178 1122 2239 δὲ
1141 2170 1274 2247 εἶδος
1296 2177 1534 2259 βοτάνης.

417 2289 512 2330 576.
557 2268 674 2327 ἀντὶ
699 2274 794 2328 τοῦ
816 2266 932 2327 νέου
955 2267 1111 2327 οἴνου.
1133 2273 1193 2320 R·

417 2377 513 2418 577.
555 2362 647 2428 τῆς
684 2359 860 2422 ἰωνιᾶς
894 2374 909 2414 :
945 2353 1121 2415 Ἰωνιόι
1148 2352 1355 2431 λέγεται
1382 2356 1418 2424 ἡ
1444 2349 1626 2434 φυτεία
1652 2355 1756 2410 τῶν
1781 2350 1893 2425 ἴων,

254 2463 309 2501 25
337 2449 411 2513 ὡς
435 2444 527 2505 καὶ
561 2449 597 2517 ἡ
621 2448 726 2503 τῶν
764 2443 923 2525 ῥόδων
961 2440 1206 2524 ῥοδωνιὰ,
1244 2440 1374 2500 ὅπου
1413 2439 1482 2499 τὰ
1522 2438 1647 2521 ῥόδα
1689 2438 1892 2522 φύεται.

336 2531 558 2600 Ἄλλως.
597 2532 745 2599 ἄνθος
782 2529 892 2589 ἐστὶ
926 2529 987 2589 τὸ
1024 2529 1121 2604 ἴον,
1163 2529 1404 2611 διάφορον
1442 2526 1647 2609 μορφὴν
1683 2526 1831 2607 ἔχον·
1859 2527 1895 2586 ἃ

339 2619 436 2698 μὲν
455 2618 558 2702 γὰρ
580 2622 749 2679 αὐτῶν
774 2622 885 2678 ἐστι
906 2626 1146 2699 πορφυρᾶ
1159 2663 1176 2696 ,
1201 2617 1236 2675 ἃ
1255 2615 1310 2676 δὲ
1327 2614 1517 2689 λευκὰ,
1539 2615 1574 2674 ἃ
1595 2614 1651 2674 δὲ
1672 2614 1892 2695 μέλανα.

336 2708 427 2766 καὶ
453 2709 508 2765 ἐν
535 2705 705 2787 τούτῳ
729 2709 832 2764 τῶν
860 2703 952 2763 ἴων
975 2704 1035 2763 τὸ
1067 2702 1366 2781 θαυμαστόν
1394 2706 1553 2773 ἐστιν,
1581 2700 1661 2760 ὅτι
1687 2706 1754 2782 τῇ
1778 2725 1896 2762 ποι-

337 2794 483 2875 κιλίᾳ
504 2798 599 2866 τῆς
616 2792 780 2875 ὄψεως
799 2791 932 2851 αὐτὰ
951 2792 1068 2851 καθ’
1092 2789 1254 2850 ἑαυτὰ
1273 2790 1488 2849 δύναται
1507 2791 1740 2867 λειμῶνα
1758 2791 1897 2863 πλη-

255 2902 313 2942 30
396 2887 481 2941 “ν.
1331 2889 1336 2896 ’

341 2904 513 3029 ραδῚε.
554 2972 657 3027 τῶν
679 2966 729 3025 τ’
761 2968 928 3026 ἐλαῶν
963 2987 980 3027 ·.
1015 2963 1429 3047 Παρατηρητέον
1462 2961 1542 3023 ὅτι
1581 2965 1684 3021 τῶν
1721 2962 1896 3021 ἄλλων

336 3060 557 3138 καρπῶν
578 3055 669 3114 καὶ
691 3058 864 3137 φυτῶν
889 3055 1067 3120 ἁπλῶς
1088 3050 1474 3130 μνημονεύσας,
1495 3051 1702 3110 ἐπὶτῶν
1727 3053 1895 3109 ἐλαῶν

336 3144 573 3224 ἐπήγαγε
608 3144 670 3203 τὸ
709 3135 783 3202 ὧν
821 3147 1097 3217 ποθοῦμεν.
1134 3138 1223 3199 καὶ
1250 3139 1377 3206 ἴσως
1401 3138 1436 3209 ἢ
1467 3138 1580 3196 ἐπεὶ
1615 3140 1777 3219 δῶρον
1803 3141 1897 3210 τῆς

337 3224 581 3296 Ἀθηνᾶς,
609 3222 644 3293 ἢ
673 3221 753 3280 ὅτι
790 3219 1003 3302 εὔφορός
1036 3222 1172 3278 ἐστιν
1209 3224 1245 3290 ὴ
1276 3215 1483 3288 Ἀττικὴ
1521 3216 1792 3297 ἐξαιρέτως
1826 3220 1897 3284 εἰς

259 3344 310 3382 35
335 3309 430 3369 τὸν
450 3315 546 3381 τῆς
566 3307 742 3376 ἐλαίας
763 3305 985 3388 καρπόν.

419 3417 517 3457 582.
560 3404 743 3477 χαῖρε,
760 3396 903 3475 χαῖρ’
924 3384 969 3453 ὦ
991 3392 1207 3474 φίλτατε
1233 3412 1247 3452 :
1280 3390 1544 3506 [³5⁰9ka
1566 3388 1657 3449 καὶ
1682 3391 1898 3460 εἴσθεσις

336 3490 503 3565 χοροῦ
531 3481 911 3564 μονοστροφικὴ
940 3480 1124 3540 κώλων
1153 3480 1259 3539 κα’.
1287 3504 1358 3538 ων
1385 3478 1454 3537 τὰ
1480 3478 1551 3551 α’,
1585 3478 1653 3556 ζ’,
1689 3478 1747 3537 ιε’
1779 3503 1889 3560 τρο-

336 3570 506 3651 χαῖκὰ
530 3574 879 3652 ἑφθημιμερῆ.
902 3567 970 3627 τὰ
996 3568 1066 3649 β’,
1091 3569 1159 3639 ς’,
1187 3569 1249 3626 ιδ’
1284 3566 1504 3646 δίμετρα
1533 3566 1895 3637 ἀκατάληκτα.

337 3658 408 3718 τὰ
425 3661 496 3739 γ’,
516 3660 566 3731 η’
586 3658 743 3735 ὅμοια
759 3704 776 3735 ,
802 3657 1014 3718 Ἰωνικὰ
1040 3659 1216 3734 μέντοι
1240 3654 1347 3714 ἀπὸ
1376 3653 1624 3731 μείζονος.
1648 3653 1716 3713 τὰ
1742 3655 1807 3726 δ’,
1834 3655 1898 3728 θ’,

256 3777 313 3816 40
341 3749 411 3819 ιη’
443 3745 730 3806 δακτυλικὰ
750 3747 1129 3823 πενθημιμερῆ.
1150 3742 1218 3801 τὰ
1238 3743 1301 3814 ε’,
1328 3741 1416 3814 ια’,
1447 3741 1535 3814 ιδ’,
1561 3741 1653 3818 ις’,
1681 3741 1743 3810 ιζ’
1772 3765 1898 3800 παι-

338 3833 504 3894 ωνικὰ
550 3834 769 3915 δίμετρα
816 3831 1180 3903 ἀκατάληκτα.
1222 3830 1283 3889 τὸ
1326 3831 1359 3888 ι’
1403 3828 1602 3907 ὅμοιον,
1651 3828 1898 3907 ἰαμὸικὸν

341 3921 536 4000 μέντοι.
559 3921 620 3980 τὸ
645 3923 710 4000 ιγ’
728 3918 1010 3979 παιωνικὸν
1032 3915 1395 4000 ἐφθημιμερές.
1420 3916 1480 3975 τὸ
1506 3917 1567 3974 ιθ’
1592 3920 1898 3976 ἀναπαιστι-

338 4009 432 4069 κὸν
461 4010 700 4089 δίμετρον
727 4008 1113 4080 ἀκατάληκτον.
1139 4010 1168 4065 6
1193 4005 1264 4078 κ’,
1289 4005 1397 4066 κα’.
1424 4007 1482 4063 ἐν
1504 4003 1703 4064 ἐκθέσει
1725 4003 1899 4084 στίχοι

339 4097 444 4156 εἰσὶ
475 4096 746 4177 τροχαῖκοὶ
783 4094 1126 4176 τετράμετροι
1167 4091 1544 4164 καταληκτικοί
1584 4090 1754 4169 ὅμοιοι
1794 4101 1899 4158 τοῖς

254 4211 312 4250 45
340 4186 396 4243 ἐν
417 4190 484 4264 τῇ
512 4184 731 4245 εἰσθέσει
757 4187 849 4253 τῆς
872 4183 1058 4253 διπλῆς
1080 4179 1364 4257 ἀμοιὸαίας
1393 4178 1501 4256 μη’.
1537 4177 1626 4236 ἐπὶ
1660 4181 1734 4259 τῷ
1760 4177 1899 4237 τέλει

336 4276 445 4331 τῶν
469 4272 566 4349 μὲν
591 4277 680 4331 τοῦ
702 4276 861 4351 χοροῦ
882 4269 1124 4349 κορωνὶς,
1142 4271 1237 4338 ἰῆς
1252 4266 1309 4326 δὲ
1336 4269 1521 4338 διπλῆς
1539 4270 1575 4336 ἡ
1599 4264 1696 4334 ἔξω
1716 4266 1893 4338 διπλῆ.

340 4360 430 4419 ἐπὶ
469 4360 647 4438 μέντοι
686 4367 800 4427 ταῖς
836 4356 1142 4417 ἀποθέσεσιν
1178 4359 1213 4427 ἡ
1250 4354 1471 4425 συνήθης
1505 4352 1897 4435 παράγραφος]

341 4450 502 4520 διπλῆ
527 4448 616 4507 καὶ
643 4453 732 4507 τοῦ
754 4450 915 4527 χοροῦ
933 4446 1081 4503 κῶλα
1104 4444 1154 4522 γ’
1173 4441 1453 4524 τροχαῖκά.
1479 4441 1589 4500 ἔστι
1617 4441 1671 4499 δὲ
1698 4439 1758 4499 τὸ
1779 4438 1897 4499 ὅλον

337 4535 620 4617 τροχαῖκὸν
661 4534 961 4615 ἑξάμετρον.
999 4531 1132 4599 τινὲς
1170 4531 1455 4613 γράφουσιν
1492 4527 1764 4606 ἐδάμημεν
1808 4527 1900 4587 καί

253 4646 311 4685 50
339 4644 472 4706 φασι
484 4622 551 4682 τὰ
567 4621 661 4700 μὲν
683 4624 732 4702 β’
747 4618 1006 4703 τροχαῖκὰ
1024 4617 1392 4690 ἀκατάληκτα,
1406 4616 1468 4676 τὸ
1487 4614 1541 4675 δὲ
1555 4615 1604 4695 γ’
1616 4616 1897 4696 τροχαῖκὸν

339 4709 746 4782 καταληκτικόν.
783 4700 879 4768 εἶτ’
920 4710 973 4767 ἐν
1012 4706 1212 4766 ἐκθέσει
1238 4704 1521 4771 παιωνικὸς
1555 4702 1900 4786 τετράμετρος

341 4797 726 4869 καταληκτικὸς
743 4796 834 4855 καὶ
855 4800 908 4855 ἐν
931 4794 1131 4853 ἐκθέσει
1147 4792 1493 4874 τετράμετρος
1514 4790 1899 4861 καταληκτικὸς

341 4885 634 4966 τροχαῖκός.
662 4878 775 4944 εἶτα
801 4887 854 4943 ἐν
878 4881 1073 4943 ἐκθέσει
1097 4882 1141 4940 δ’
1174 4882 1349 4954 κῶλα,
1372 4872 1445 4939 ὧν
1467 4877 1535 4938 τὰ
1561 4878 1611 4955 γ’
1635 4876 1900 4936 παιωνικὰ

341 4972 715 5066 δίρρυθμα,ῄτὸ
744 4971 799 5033 δὲ
831 4969 1217 5054 παρατέλευτον
1253 4967 1501 5047 ἰαμὸικὸν
1542 4965 1799 5046 δι’μετρον.

2059 538 2156 579 583.
2200 517 2280 579 ὅτι
2305 520 2410 579 ἀπὸ
2430 521 2658 595 πλήθους
2680 528 2751 592 εἰς
2773 525 2938 585 ἑνικὸν
2963 519 3137 600 ἦλθεν.
3161 540 3225 589 V.

2060 625 2157 689 584.
2200 608 2504 685 δαιμονίως,
2536 613 2787 694 σφοδρῶς.
2817 625 2941 671 ΒΝ.

2060 713 2158 755 585.
2205 695 2512 774 (ἀνερπύσαι
2538 719 2554 759 :
2580 698 2865 762 Ἀπελθεῒν.
2909 701 3049 771 ἰδίως
3079 703 3136 763 δὲ
3170 703 3345 787 ἕρπειν
3385 705 3448 767 τὸ
3478 708 3545 780 τῆ
3573 728 3599 768 5

1978 782 2167 863 γαστρὶ
2194 785 2474 860 εἰλεῖσθαι,
2504 783 2618 843 ὅθεν
2645 785 2737 844 καί
2760 787 3017 867 ἑρπετόν.)
3520 772 3531 787 ’

2060 890 2158 930 586.
2200 862 2337 940 ἦσθα
2361 869 2463 950 γὰρ
2500 870 2562 930 τὸ
2586 871 2833 951 μέγιστον
2870 895 2885 936 :
2923 874 3078 936 Ἐπεὶ
3104 880 3139 947 ἡ
3176 877 3354 959 εἰρήνη
3381 879 3549 939 πλείω

1979 955 2191 1016 πάντων
2212 967 2316 1024 τοῖς
2338 959 2585 1040 γεωργοῖς
2603 959 2873 1042 συμφέρει.
3484 964 3495 970 ’

2059 1064 2154 1103 593.
2196 1043 2477 1103 κάδάπανα
2514 1045 2605 1104 καὶ
2633 1045 2758 1128 φίλα
2793 1069 2808 1108 :
2842 1049 2943 1108 Ἐκ
2970 1053 3073 1108 τῶν
3110 1053 3283 1132 ἀγρῶν
3318 1050 3420 1133 γὰρ
3455 1045 3549 1112 οὗ-

1978 1155 2059 1190 τοι
2094 1131 2268 1190 πάντα
2300 1123 2441 1212 εἶχον
2471 1133 2764 1211 αὐτόματα.
2793 1139 2846 1195 ἐν
2876 1135 2931 1195 δὲ
2964 1140 3039 1217 τῷ
3074 1138 3293 1220 πολέμῳ
3324 1142 3548 1201 ὠνοῦντο
3576 1166 3631 1208 10

1980 1219 2071 1278 καὶ
2099 1218 2389 1311 ἐδαπάνων.
2424 1220 2575 1297 (τινὲς
2612 1221 2668 1280 δὲ
2704 1222 2960 1304 γράφουσι
2997 1225 3133 1302 μετὰ
3167 1232 3258 1285 τοῦ
3296 1251 3344 1300 ι,
3376 1226 3464 1286 ἵνα
3490 1228 3552 1288 τὸ

1978 1306 2254 1384 νοούμενον
2289 1313 2354 1386 ᾐ,
2390 1306 2597 1388 δαπάνῃ
2636 1331 2694 1366 τε
2735 1314 3030 1391 τρυφῶμεν.
3074 1311 3274 1393 βέλτιον
3312 1313 3367 1372 δὲ
3391 1317 3553 1396 χωρὶς

1979 1398 2069 1451 τοῦ
2110 1417 2126 1450 ι
2154 1393 2548 1470 ἀναγινώσκειν,
2583 1394 2650 1452 ἵν’
2683 1387 2719 1474 ᾗ
2751 1395 2919 1474 λέγων
2956 1398 3118 1475 μηδὲν
3160 1399 3550 1476 ἀναλίσκοντες,

1981 1478 2067 1537 διὰ
2092 1479 2154 1538 τὸ
2182 1480 2321 1560 ἔχειν
2355 1479 2530 1539 πάντα
2560 1482 2619 1539 ἐκ
2646 1470 2749 1541 τῶν
2787 1485 2981 1565 ἀγρῶν,
3016 1484 3049 1556 ἢ
3082 1485 3163 1547 ὅτι
3198 1490 3251 1545 ἐν
3276 1492 3343 1568 τῇ
3371 1489 3549 1571 εἰρήνῃ

1978 1565 2151 1626 πολλὰ
2175 1567 2312 1626 πάνυ
2342 1568 2432 1626 καὶ
2457 1572 2614 1645 τιμῆς
2641 1568 2921 1649 ἐλαχίστης
2953 1571 3285 1653 εὑρίσκεται.)
3583 1608 3631 1648 15

2060 1676 2159 1715 595.
2202 1654 2360 1736 χίδρα
2425 1675 2440 1716 :
2498 1653 2694 1737 Χίδρον
2755 1656 2815 1715 τὸ
2870 1658 2979 1718 ἀπὸ
3035 1659 3229 1740 ἐλύμου
3282 1661 3549 1742 γινόμενον

1981 1739 2217 1823 ὄσπριον,
2264 1742 2462 1820 ἔδεσμα
2501 1742 2624 1824 περὶ
2668 1743 2894 1825 Καρίαν,
2928 1744 3046 1818 ἤτοι
3081 1747 3143 1807 τὸ
3184 1748 3290 1808 ἀπὸ
3328 1752 3550 1832 χλωρῶν

1982 1832 2189 1909 κριθῶν,
2228 1832 2276 1888 οἱ
2309 1829 2365 1888 δὲ
2402 1820 2537 1897 εἶδος
2576 1826 2814 1909 βοτάνης.
2860 1833 2920 1891 ἐκ
2961 1833 3017 1893 δὲ
3042 1834 3227 1896 τούτου
3272 1837 3424 1909 δηλοῖ
3453 1836 3551 1911 τὴν

1984 1915 2275 1998 εὐετηρίαν.
2402 1913 2638 1995 (Ἄλλως.
2680 1917 2893 1999 ἐρεικτᾶί
2928 1921 2989 1980 ἐκ
3026 1926 3206 2003 κριθῆς
3245 1921 3365 1991 νέας
3403 1924 3552 2004 γινό-

1984 2005 2156 2080 μενα.)
2182 2038 2264 2048 —
2340 2002 2558 2071 Ἄλλως.
2601 2009 2690 2062 νῦν
2734 2004 2915 2073 ἅπλῶς
2957 2008 3233 2089 εὖκαρπία.
3275 2009 3411 2068 οὕτω
3455 2012 3548 2071 καὶ
3579 2047 3634 2087 20

1982 2091 2202 2148 καλοῦσι
2232 2088 2294 2149 τὸ
2338 2092 2398 2149 ἐκ
2436 2094 2615 2171 πυρῶν
2644 2090 3016 2171 ἀληλεσμένων
3049 2098 3239 2176 βρῶμα
3273 2096 3364 2155 καὶ
3396 2096 3465 2156 τὰ
3494 2101 3554 2157 ἐκ

1983 2180 2182 2257 νεαρῶν
2206 2180 2397 2258 κριθῶν
2422 2176 2642 2259 ἄλευρα.
2665 2189 2728 2236 V.

2065 2284 2167 2325 603.
2210 2262 2358 2342 τάμὰ
2397 2264 2461 2336 δὴ
2504 2263 2696 2333 ξυνίετε
2728 2285 2743 2325 :
2773 2265 2920 2347 Πρὸς
2954 2271 3124 2326 ταῦτα
3164 2268 3255 2329 καί
3298 2273 3556 2352 Κρατῖνος

1982 2353 2037 2409 ἐν
2066 2350 2270 2431 Πυτίνῃ
2306 2351 2590 2422 πεποίηκεν
2623 2354 2667 2430 (ιι
2707 2343 2751 2412 ὦ
2788 2356 3092 2433 λιπερνῆτες
3127 2358 3370 2428 πολῖται,
3401 2358 3551 2436 τάμᾶι

1984 2436 2047 2509 δὴ
2083 2436 2291 2506 ξυνίετε.
2318 2466 2341 2492 υ
2371 2437 2483 2497 ἔστι
2510 2437 2565 2498 δὲ
2586 2438 2713 2520 πρὸς
2750 2439 2818 2498 τὰ
2852 2440 3159 2521 Ἀρχιλόχου
3186 2470 3213 2495 ι
3241 2434 3285 2503 ὦ
3308 2447 3551 2526 λιπερνῆ·
3579 2479 3633 2518 25

1981 2548 2065 2592 τες
2089 2527 2327 2598 πολῖται,
2363 2524 2509 2602 τάμὰ
2545 2523 2609 2597 δὴ
2648 2525 2842 2595 ξυνίετε
2879 2525 3110 2608 ῥήματα.
3148 2556 3171 2581 »ο
3199 2533 3228 2588 6
3261 2530 3466 2612 Ἑρμῆς
3496 2533 3556 2592 δέ

1984 2614 2126 2671 ἐστιν
2152 2618 2182 2693 6
2208 2611 2375 2693 λέγων
2402 2613 2532 2693 πρὸς
2560 2613 2622 2672 τὸ
2644 2612 2899 2695 ἐρωτηθὲν
2923 2614 3024 2672 ὑπὸ
3059 2623 3149 2675 τοῦ
3177 2625 3365 2698 χοροῦ,
3394 2621 3459 2678 δι’
3484 2619 3551 2690 ἢν

1984 2700 2156 2758 αἰτίαν
2183 2706 2425 2760 τοσοῦτον
2454 2699 2657 2773 ἀπέστη
2684 2703 2856 2759 αὐτῶν
2883 2704 2918 2772 ἡ
2944 2700 3055 2769 θεὸς
3076 2701 3282 2781 χρόνον.
3308 2705 3399 2781 καὶ
3425 2703 3554 2789 φησὶ

1983 2791 2189 2871 πρῶτον
2212 2790 2373 2847 αἴτιον
2397 2786 2662 2868 γεγονέναι
2685 2787 2948 2867 Φειδίαν.)

2061 2897 2158 2936 605.
2201 2876 2424 2944 Φειδίας
2469 2898 2484 2937 :
2529 2876 2825 2959 Φιλόχορος
2858 2876 2945 2935 ἐπὶ
2986 2876 3265 2961 Θεοδώρου
3304 2880 3551 2962 ἄρχοντος
3578 2916 3632 2956 30

1983 2962 2150 3022 ταῦτά
2187 2986 2331 3044 φησι.
2368 2962 2460 3022 καὶ
2498 2963 2560 3022 τὸ
2600 2963 2816 3041 ἄγαλμα
2852 2962 2914 3021 τὸ
2949 2969 3175 3045 χρυσοῦν
3209 2969 3304 3036 τῆς
3338 2966 3552 3039 Ἀθηνᾶς

1984 3049 2176 3121 ἐστάθη
2205 3053 2276 3118 εἰς
2309 3048 2398 3108 τὸν
2429 3047 2558 3108 νεὼν
2584 3048 2673 3108 τὸν
2702 3048 2889 3129 μέγαν,
2924 3048 3044 3129 ἔχον
3069 3050 3286 3131 χρυσίου
3321 3053 3552 3131 σταθμὸν

1983 3135 2253 3196 ταλάντων
2291 3138 2402 3214 μδ’,
2438 3135 2755 3218 Περικλέους
2790 3139 3211 3210 ἐπιστατοῦντος,
3251 3139 3468 3198 Φειδίου
3497 3139 3553 3200 δὲ
3620 3187 3629 3192 .

1984 3225 2313 3297 ποιήσαντος.
2350 3223 2440 3282 καὶ
2475 3222 2699 3290 Φειδίας
2725 3225 2754 3280 6
2782 3222 3033 3299 ποιήσας,
3073 3223 3220 3292 δόξας
3255 3228 3552 3306 παραλογί-

1985 3315 2161 3381 ζεσθαι
2191 3311 2279 3370 τὸν
2312 3310 2566 3392 ἐλέφαντα
2603 3309 2692 3368 τὸν
2723 3312 2794 3377 εἷς
2828 3308 2921 3377 τὰς
2949 3311 3192 3391 φολίδας,
3228 3312 3424 3392 ἐκρίθη.
3460 3315 3550 3373 καὶ
3578 3347 3631 3388 35

1986 3398 2160 3482 φυγὼν
2193 3402 2263 3465 εἰς
2289 3389 2449 3459 Ἦλιν
2479 3396 2833 3479 ἐργολαὸῆσαι
2858 3396 2918 3456 τὸ
2948 3396 3165 3476 ἄγαλμα
3195 3404 3284 3458 τοῦ
3312 3400 3434 3468 Διὸς
3460 3409 3548 3462 τοῦ

1986 3489 2039 3545 ἐν
2067 3485 2342 3567 Ὀλυμπίᾳ
2368 3483 2603 3564 λέγεται,
2640 3490 2792 3544 τοῦτο
2826 3482 2882 3543 δὲ
2909 3483 3317 3564 ἐξεργασάμενος
3346 3490 3552 3548 ἀποθα-

1986 3580 2088 3632 νεῖν
2125 3571 2225 3631 ὖπὸ
2255 3570 2477 3632 Ἠλείων
2518 3571 2606 3629 ἐπὶ
2648 3570 2990 3651 Πυθοδώρου,
3032 3572 3087 3638 ὃς
3114 3574 3252 3631 ἐστιν
3296 3573 3402 3632 ἀπὸ
3427 3573 3551 3634 τού·
3601 3583 3609 3590 '

1984 3683 2075 3719 του
2100 3659 2342 3737 ἔὸδομος,
2364 3657 2486 3739 περὶ
2508 3656 2798 3737 Μεγαρέων
2833 3656 3014 3736 εἰπὼν,
3042 3657 3123 3717 ὅτι
3150 3659 3241 3718 καὶ
3274 3661 3421 3721 αὐτοὶ
3452 3686 3551 3721 κα·

1952 3751 1963 3768 ’
1984 3745 2179 3806 τεὸόων
2204 3745 2485 3817 Ἀθηναίων
2507 3743 2653 3825 παρὰ
2674 3743 3136 3822 Λακεδαιμονίοις,
3161 3744 3352 3814 ἀδίκως
3374 3746 3549 3827 λέγον·
3575 3780 3630 3820 ⁴0

1984 3857 2066 3900 τες
2094 3831 2355 3913 εἴργεσθαι
2382 3833 2573 3912 ἀγορᾶς
2602 3830 2693 3890 καὶ
2716 3829 2940 3908 λιμένων
2964 3834 3068 3889 τῶν
3091 3832 3217 3911 παρ’
3246 3832 3547 3905 Ἀθηναίοις.

1986 3923 2033 3979 οἱ
2052 3919 2154 4001 γὰρ
2170 3920 2427 3991 Ἀθηναῖοι
2443 3924 2610 3977 ταῦτα
2625 3917 2947 3999 ἐψηφίσαντο
2966 3917 3279 3999 Περικλέους
3298 3921 3550 3995 εἰπόντος,

1984 4006 2080 4078 τὴν
2111 4011 2211 4087 γῆν
2252 4005 2435 4072 αὐτοὺς
2462 4004 2762 4083 αἰτιώμενοι
2787 4004 2884 4077 τὴν
2915 4003 3060 4085 ἱερὰν
3086 4010 3194 4072 τοῖς
3219 4011 3349 4074 θεοῖς
3389 4011 3550 4090 ἀπερ-

1984 4095 2249 4174 γάζεσθαι.
2278 4092 2485 4170 λέγουσι
2518 4091 2577 4151 δέ
2606 4115 2737 4160 τινες
2764 4095 2835 4160 ὡς
2862 4091 3080 4152 Φειδίου
3116 4098 3207 4150 τοῦ
3237 4095 3547 4171 ἀγαλματο-

1986 4187 2137 4241 ποιοῦ
2165 4179 2401 4248 δόξαντος
2426 4179 2869 4260 παραλογίζεσθαι
2898 4177 2995 4250 τὴν
3014 4178 3165 4238 πόλιν
3189 4178 3280 4238 καὶ
3303 4185 3551 4262 φυγαδευ-
3575 4221 3628 4262 4⁶

1985 4268 2184 4340 θέντος,
2226 4270 2255 4325 6
2296 4266 2559 4346 Περικλῆς
2596 4265 2836 4348 φοὸηθεὶς
2880 4264 2966 4326 διὰ
3003 4266 3063 4324 τὸ
3096 4268 3443 4339 ἐπιστατῆσαι
3480 4277 3548 4345 τῆ

1985 4356 2285 4433 κατασκευῇ
2308 4357 2399 4410 τοῦ
2428 4350 2728 4430 ἀγάλματος
2750 4350 2841 4410 καὶ
2863 4351 3239 4429 συνεγνωκέναι
3260 4358 3326 4433 τῇ
3344 4339 3548 4433 >tlon-31⁶⁶,

1985 4440 2180 4524 ἔγραψε
2214 4440 2276 4500 τὸ
2306 4437 2443 4498 κατὰ
2478 4437 2766 4518 Μεγαρέων
2797 4438 3036 4498 πινάκιον
3075 4437 3166 4497 καὶ
3196 4439 3285 4498 τὸν
3319 4425 3548 4516 πόλεμον

1986 4519 2288 4604 ἐπήνεγκεν,
2312 4525 2416 4603 (ἵνα
2437 4523 2890 4605 ἀπησχολημένοις
2910 4525 3195 4597 Ἀθηναίοις
3211 4529 3283 4593 εἰς
3299 4526 3388 4586 τὸν
3401 4525 3552 4587 πόλε·

1988 4638 2084 4694 μον
2113 4613 2187 4693 μὴ
2214 4614 2287 4694 δῷ
2314 4611 2408 4679 τὰς
2431 4611 2666 4685 εὐθύνας,
2691 4610 2976 4690 ἐγκαλέσας
3000 4616 3328 4693 Μεγαρεῦσιν
3351 4619 3422 4683 ὡς
3452 4614 3546 4686 τὴν
3573 4654 3628 4695 50

1984 4701 2128 4784 ἱερὰν
2148 4700 2345 4781 ὀργάδα
2365 4709 2482 4759 ταῖν
2505 4701 2645 4759 θεαῖν
2674 4698 3061 4780 ἐργασαμένοις.
3090 4700 3275 4780 ἄλογος
3296 4701 3351 4761 δὲ
3369 4701 3549 4784 φαίνε-

1983 4813 2073 4849 ται
2098 4793 2132 4860 ἡ
2163 4786 2302 4847 κατὰ
2336 4785 2651 4869 Περικλέους
2683 4785 2923 4857 ὑπόνοια,
2961 4783 3097 4845 ἑπτὰ
3129 4786 3267 4846 ἔτεσι
3298 4787 3549 4870 πρότερον

1984 4882 2078 4948 τῆς
2115 4881 2207 4934 τοῦ
2241 4874 2474 4953 πολέμου
2500 4878 2666 4955 ἀρχῆς
2689 4876 2792 4932 τῶν
2827 4873 2948 4953 περὶ
2982 4873 3205 4933 Φειδίαν
3227 4877 3535 4954 γενομένων.

1986 4967 2015 5022 6
2042 4962 2295 5037 Φειδίας,
2316 4965 2386 5031 ὡς
2410 4961 2705 5044 Φιλόχορος
2735 4960 2913 5042 φησὶν,
2942 4960 3028 5021 ἐπὶ
3049 4959 3325 5043 Θεοδώρου
3355 4961 3547 5044 ἄρχον·
