3859 5725
313 283 424 336 160

390 420 509 462 1088.
553 395 901 480 (κεντούμενοί
923 417 938 458 2
967 397 1140 457 Τοῦτο
1165 392 1293 476 πρὸς
1318 389 1416 465 τὴν
1448 394 1734 472 ὁμοιότητα
1761 396 1864 452 τῶν

309 490 680 656 σἭΥ.)(άρα
709 571 871 640 δεινός
894 591 908 632 :
936 569 1007 631 ‘11
1032 567 1236 651 ἀντῳδὴ
1257 567 1351 627 καὶ
1374 565 1687 649 ἀντιστροφὴ
1711 567 1866 646 ὁμοία

1446 262 1821 326 SCHOLIA
1875 264 1964 326 IN
2013 263 2356 326 VESPAS.

2029 412 2180 539 {¹¹⁹2
2198 390 2541 558 (φλύκταιναν
2570 412 2587 454 :
2612 392 2841 455 Φύσκαν
2866 396 2919 453 ἐν
2949 397 3015 477 τῇ
3040 394 3181 479 χειρὶ
3204 397 3265 455 ἐκ
3289 400 3383 456 τοῦ
3405 420 3518 457 κω-

1949 503 2026 551 πη
2064 504 2221 539 ατειν.

2035 588 2157 629 1120.
2182 566 2460 649 ἔμὸραχυτ
2483 567 2767 642 Καθάπαξ,
2783 565 2820 640 ἢ
2838 567 3147 628 παντάπασι
3167 569 3229 631 τὸ
3249 569 3521 652 ἔμὸραχυ,

308 664 421 725 ἐστὶ
443 668 509 744 τῇ
534 664 665 744 ᾠδῇ.
691 660 783 721 καὶ
811 658 944 731 αὕτη
968 656 1070 738 γὰρ
1097 657 1281 717 κώλων
1305 655 1417 715 ἐστὶ
1440 654 1531 714 καὶ
1560 655 1752 735 στίχων
1778 655 1868 728 ια’,
1953 653 2161 728 Ἀττικὴ
2192 655 2469 729 συνήθεια,
2504 654 2669 733 (οὐδὲν
2698 657 2856 716 πλέον
2890 657 3121 729 δηλοῦσα
3152 656 3188 728 ἢ
3217 657 3279 717 τὸ
3314 659 3521 741 βραχὺ,

252 776 280 817 5
307 753 399 814 καὶ
424 751 492 811 τὰ
519 750 614 829 μὲν
639 747 902 830 τροχαῖκὰ
917 793 932 821 ,
959 746 1025 805 τὰ
1055 748 1099 805 δ’
1130 744 1241 826 ἔχει
1269 741 1521 823 ἰαμὸικὰ,
1550 743 1688 814 πλὴν
1710 745 1765 801 ἐν
1792 747 1868 824 τῷ

309 840 353 909 ζ’
385 837 541 919 κώλῳ
567 836 655 896 τὸν
683 835 854 917 τρίτον
880 833 990 914 ἔχει
1016 833 1153 893 πόδα
1175 833 1400 912 χορεῖον.
1437 830 1524 890 ἐπὶ
1552 833 1627 910 τῷ
1645 829 1785 889 τέλει
1813 832 1867 888 αἱ

310 926 546 998 συνήθεις
568 925 659 983 δύο
679 924 878 982 διπλαῖ.
901 921 961 981 τὸ
984 921 1039 979 δὲ
1062 913 1097 993 ἧ
1121 923 1387 979 κάνταῦθα
1411 918 1516 977 ἀπὸ
1537 923 1626 977 τοῦ
1647 916 1709 976 ἔα
1732 916 1871 976 κατὰ

311 1023 500 1096 κρᾶσιν
526 1005 560 1085 ἦ
589 1010 704 1071 ἀντὶ
730 1015 821 1070 τοῦ
850 1013 1087 1089 ὑπῆρχον
1116 1006 1260 1086 ἐγώ.)

395 1120 518 1162 1094.
567 1101 646 1180 (οὗ
677 1097 780 1180 γὰρ
816 1090 880 1171 ἦν
909 1102 1038 1175 ἡμῖν
1069 1115 1086 1157 :
1115 1095 1197 1157 Τὸ
1229 1093 1432 1176 φροντὶς
1463 1095 1683 1153 ἐνταῦθα
1713 1089 1869 1151 συνά-

237 1211 289 1251 10
313 1212 517 1250 πτεται.

395 1191 539 1337 1096.)
559 1276 729 1357 (ῥῆσιν
763 1265 821 1331 εὖ
840 1270 1003 1340 λέξειν
1028 1290 1042 1332 :
1075 1270 1177 1337 Ὦς
1199 1270 1247 1329 οἳ
1269 1271 1357 1327 νῦν
1383 1268 1602 1326 ἀσκοῦσι
1630 1263 1787 1344 μόνον
1812 1260 1874 1322 τὸ

314 1356 371 1424 εὗ
398 1362 588 1442 λέγειν,
612 1364 671 1422 οὗ
692 1360 761 1421 τὰ
787 1357 1094 1437 πολεμικά.)

396 1472 517 1511 1098.
564 1447 780 1528 (πολλὰς
807 1446 984 1514 πόλεις
1009 1465 1025 1507 :
1055 1443 1209 1511 Ἴσως
1230 1442 1331 1503 ὑπὸ
1359 1441 1572 1515 Μήδους
1597 1437 1876 1521 γενομένας

314 1536 636 1614 Ἀθηναίων.)

239 1654 288 1694 15
397 1645 518 1684 1101.
562 1623 860 1703 [πολλαχοῦ
898 1642 913 1681 :
945 1620 1027 1682 Τὸ
1054 1617 1417 1700 ἀντεπίρρημα
1445 1615 1624 1695 ὅμοιόν
1656 1617 1770 1675 ἐστι
1800 1619 1876 1695 τῷ

313 1711 633 1793 ἐπιρρήματι
648 1754 664 1782 ,
684 1707 774 1768 καὶ
797 1713 948 1767 τοῦτο
969 1710 1028 1767 ἐκ
1048 1711 1152 1767 τῶν
1176 1706 1428 1766 εἰωθότων
1453 1704 1646 1785 στίχων
1669 1712 1879 1785 τροχαῖ-

314 1803 440 1874 κῶν,
458 1798 542 1879 ὑφ’
567 1797 596 1857 ὃ
619 1798 777 1868 διπλῆ
806 1795 903 1864 ἔξω
929 1793 1244 1875 νενευκυῖα]

398 1912 517 1952 1108.
559 1892 608 1949 οἱ
636 1889 692 1948 δὲ
720 1887 869 1969 παρὰ
895 1886 1015 1955 τοὺς
1043 1885 1226 1945 ἕνδεκα
1265 1905 1280 1946 2
1314 1882 1592 1964 (Ἐτήρουν
1618 1879 1726 1941 οἵδε
1760 1879 1879 1949 τοὺς

316 1977 633 2057 δεδεμένους.
689 1966 829 2034 οὗτοι
878 1971 931 2033 δὲ
984 1979 1074 2033 νῦν
1129 1971 1521 2053 θεσμοφύλακες
1575 1970 1878 2027 καλοῦνται.

236 2088 291 2127 2ο
315 2063 556 2142 Ἄλλως.)
588 2068 622 2134 ἡ
665 2065 771 2121 τῶν
809 2059 992 2119 ἕνδεκα
1030 2058 1170 2142 ἀρχὴ
1205 2058 1324 2125 τοὺς
1364 2057 1460 2136 μὲν
1503 2057 1880 2134 ὁμολογοῦντας

316 2152 409 2212 καὶ
441 2148 857 2230 ἀνδραποδιστὰς
895 2148 988 2207 καὶ
1027 2146 1333 2213 λωποδύτας
1369 2144 1578 2224 θανάτῳ
1615 2141 1880 2222 ἐκόλαζον,

315 2238 436 2306 τοὺς
465 2235 519 2297 δὲ
550 2234 893 2318 ἀρνουμένους
920 2237 990 2301 εἰς
1026 2232 1358 2313 δικαστήριον
1391 2234 1620 2309 εἰσῆγον.
1655 2231 1881 2307 (εἰσῆγον

317 2325 375 2385 δὲ
402 2325 493 2384 καὶ
522 2324 616 2392 τὰς
639 2322 910 2400 ἐνδείξεις.)
938 2320 1146 2389 ἔνδειξις
1172 2320 1230 2380 δέ
1252 2324 1363 2379 ἐστι
1391 2318 1539 2391 δίκη,
1563 2316 1634 2386 ὥς
1664 2339 1821 2399 φησιν
1853 2321 1882 2377 ὃ

319 2412 686 2491 Παλαμήδης,
710 2408 850 2469 κατὰ
878 2412 983 2467 τῶν
1010 2406 1081 2467 τὰ
1103 2406 1330 2483 δημόσια
1348 2405 1681 2466 πωλούντων.

240 2520 295 2560 25
405 2518 525 2558 1109.
570 2499 636 2577 (οἱ
664 2498 709 2556 δ’
744 2499 797 2556 ἐν
821 2495 989 2579 ᾠδείῳ
1025 2515 1040 2556 :
1070 2493 1230 2555 Ἔστι
1266 2491 1420 2561 τόπος
1447 2489 1800 2573 θεατροειδὴς,
1829 2493 1882 2550 ἐν

320 2577 365 2667 ᾧ
401 2584 612 2645 εἰώθασι
638 2583 708 2644 τὰ
732 2582 1007 2662 ποιήματα
1037 2578 1408 2660 ἀπαγγέλλειν,
1443 2579 1567 2660 πρὶν
1598 2582 1692 2650 τῆς
1720 2580 1791 2645 εἰς
1823 2577 1885 2636 τὸ

321 2672 532 2754 θέατρον
546 2670 889 2750 ἀπαγγελίας.
910 2675 1066 2730 τοῦτο
1085 2666 1144 2727 δέ
1157 2690 1287 2750 φησι
1308 2664 1505 2734 δεικνὺς
1521 2664 1602 2725 ὅτι
1620 2668 1692 2733 εἰς
1708 2663 1883 2725 πάντα

319 2758 476 2819 τόπον
505 2756 713 2842 εὑρήσει
735 2781 812 2825 τις
836 2754 1087 2823 δικαστὰς
1121 2757 1174 2813 ἐν
1213 2758 1279 2835 τῇ
1313 2753 1545 2833 Ἀττικῇ.
1670 2750 1883 2820 Ἄλλως.

319 2852 472 2908 τοῦτο
498 2849 557 2906 οὗ
581 2844 711 2929 πρὸς
744 2844 1011 2918 ἀλήθειαν,
1045 2840 1184 2903 ἀλλὰ
1215 2843 1346 2924 πρὸς
1370 2841 1428 2901 τὸ
1453 2843 1650 2914 πλῆθος
1670 2843 1774 2900 τῶν
1808 2842 1885 2901 δι-

243 2953 296 2994 ³0
323 2939 450 2996 κῶν.
478 2935 622 3015 τάχα
647 2932 703 2993 δὲ
724 2931 818 2993 καὶ
839 2931 933 2999 τὰς
955 2931 1155 2998 διαίτας
1184 2931 1367 3009 δηλοῖ.)

409 3042 531 3082 1110.
578 3018 1019 3099 (συμὸεὸυσμένοι
1063 3037 1079 3079 :
1121 3016 1506 3084 Πυκνώσαντες
1541 3014 1756 3084 ἑαυτοὺς
1794 3016 1886 3075 καὶ

322 3108 625 3188 κάμψαντες
649 3107 736 3167 διὰ
760 3107 820 3166 τὸ
842 3111 1024 3188 γῆρας.
1142 3103 1361 3172 Ἄλλως.
1386 3103 1447 3163 τὸ
1462 3103 1658 3164 πυκνὸν
1677 3102 1806 3185 πρὸς
1827 3103 1886 3162 τὸ

322 3193 758 3274 ξυμὸεὸυσμένοι.
782 3192 1025 3260 παίοντες
1052 3191 1108 3251 δὲ
1135 3190 1285 3270 μόλις
1306 3196 1372 3272 τῇ
1407 3190 1697 3273 βακτηρία,
1724 3194 1793 3258 ὣς
1823 3188 1885 3248 ἂν
1969 3194 1974 3199 ”

322 3282 577 3366 γέροντες.
610 3282 647 3353 ἢ
681 3279 782 3339 ὑπὸ
812 3285 903 3338 τοῦ
932 3282 1431 3357 συμπεπυκνῶσθαι.
1458 3278 1684 3339 ἐδίδοντο
1711 3278 1765 3337 δὲ
1793 3277 1885 3337 καὶ

246 3386 300 3426 85
327 3368 611 3451 βακτηρίαι
641 3371 748 3435 τοῖς
780 3368 1050 3434 δικασταῖς
1085 3366 1333 3446 δμόχροοι
1367 3371 1474 3434 τοῖς
1506 3364 1885 3447 δικαστηρίοις,

325 3458 456 3518 ὅπου
483 3455 732 3523 ἑκάστους
761 3453 1084 3521 εἰσελθόντας
1112 3453 1338 3522 δικάζειν
1365 3452 1499 3526 ἔδει,
1530 3450 1618 3512 ἵνα
1645 3459 1735 3512 τὸν
1772 3454 1887 3512 δια-

327 3544 661 3627 μαρτάνοντα
689 3539 946 3621 ἄπελέγξῃ
975 3541 1038 3600 τὸ
1057 3543 1291 3621 χρῶμα.)

408 3652 531 3692 1111.
576 3629 776 3711 (ὥσπερ
803 3631 851 3687 οἱ
878 3626 1147 3699 σκώληκες
1177 3628 1233 3683 ἐν
1260 3627 1368 3694 τοῖς
1394 3624 1665 3706 κυττάροις
1697 3644 1713 3685 :
1742 3628 1887 3686 Του-

326 3718 498 3778 τέστιν
521 3715 729 3796 ἠρέμα,
750 3719 820 3782 ὣς
846 3719 893 3774 οἱ
920 3713 1214 3786 σκώληκες,
1239 3712 1325 3770 διὰ
1347 3712 1410 3771 τὸ
1434 3717 1617 3792 γῆρας.
1642 3710 1888 3792 κύτταροι

248 3817 303 3858 40
330 3805 386 3865 δὲ
414 3808 470 3865 αἱ
495 3808 599 3864 τῶν
628 3802 824 3881 κηρίων
851 3800 1167 3873 κοιλότητες.
1197 3797 1307 3858 ἔστι
1331 3798 1386 3858 δὲ
1414 3803 1448 3870 ἡ
1472 3798 1653 3866 πυελὶς
1678 3804 1712 3870 ἡ
1740 3822 1890 3880 περι-

328 3891 542 3969 κειμένη
564 3891 680 3958 ταῖς
705 3888 967 3970 βάλάνοις.
1090 3885 1306 3953 Ἄλλως.
1332 3886 1424 3946 καὶ
1447 3889 1552 3944 τῶν
1582 3891 1799 3968 σφηκῶν
1820 3885 1888 3945 τὰ

330 3974 484 4041 κοῖλα
505 3976 596 4039 καὶ
617 3975 684 4036 τὰ
703 3981 796 4049 τῆς
816 3974 1014 4048 πεύκης
1034 3974 1124 4033 καὶ
1142 3972 1207 4033 τὰ
1225 3979 1319 4046 τῆς
1336 3974 1513 4042 πίτυος
1534 3978 1889 4055 προανθοῦντα

332 4065 631 4150 στροὸίλια,
653 4062 745 4124 καὶ
768 4067 798 4122 ὁ
820 4060 1051 4140 πυθμὴν,
1084 4061 1175 4119 καὶ
1208 4064 1243 4132 ἡ
1276 4059 1611 4141 κατάτρησις.
1638 4064 1684 4119 οἱ
1713 4059 1769 4118 δὲ
1799 4060 1890 4119 καὶ

330 4152 401 4213 τὰ
427 4156 481 4213 ἐν
506 4156 614 4220 τοῖς
634 4154 813 4228 κηροῖς
833 4149 1081 4231 τρήματα
1096 4194 1115 4227 ,
1142 4146 1178 4220 ἢ
1202 4145 1269 4207 τὰ
1292 4149 1444 4207 κοῖλα
1468 4146 1637 4227 ἄγγη,
1665 4146 1757 4206 καὶ
1783 4151 1888 4206 τῶν

252 4265 307 4306 ⁴5
334 4239 542 4299 αἰδοίων
564 4236 684 4304 τοὺς
710 4236 1006 4317 βαλάνους.)

416 4347 539 4388 1114.
585 4324 740 4404 (ἀλλὰ
777 4322 878 4405 γὰρ
915 4327 1143 4404 κηφῆνες
1183 4341 1199 4384 2
1233 4320 1370 4390 Τοὺς
1404 4321 1491 4382 ἐπὶ
1525 4328 1616 4382 τοῦ
1657 4321 1893 4403 βήματος

332 4416 475 4495 λέγει
501 4413 739 4494 ῥήτορας.
770 4416 996 4493 κηφῆνες
1023 4408 1081 4469 δέ
1107 4412 1240 4469 εἰσιν
1266 4412 1315 4469 οἱ
1345 4409 1555 4492 ἄρσενες
1581 4413 1684 4468 τῶν
1709 4410 1891 4487 μελισ·

337 4507 459 4576 σῶν,
490 4499 673 4568 οἵτινες
699 4500 817 4559 οὔτε
849 4498 1037 4580 κέντρα
1065 4497 1290 4579 ἔχουσιν,
1314 4496 1432 4557 οὔτε
1462 4496 1622 4577 κηρία
1650 4497 1891 4578 ἐργάζον-

335 4611 454 4661 ται,
485 4585 623 4647 ἀλλὰ
653 4585 722 4646 τὰ
755 4589 858 4645 τῶν
891 4588 1151 4664 μελισσῶν
1189 4583 1317 4666 ἔργα
1350 4583 1624 4647 ἐσθίουσιν.
1655 4583 1896 4651 Ἡσίοδος

259 4697 315 4739 ιο
341 4681 454 4750 [Op.
478 4681 580 4748 ³02]

523 4813 779 4878 κηφήνεσσι
800 4813 1036 4878 κοθούροις
1051 4798 1208 4870 imo<
1230 4812 1395 4876 ὁρμὴν,

463 4883 845 5014 οιὶἷεορτελὲςιφσάων
862 4884 1073 4947 κάματον
1092 4882 1340 4947 τρύχουσιν
1364 4880 1520 4944 ἀεργοὶ

427 5044 547 5085 1116.
590 5022 781 5083 ὡσανεὶ
807 5021 904 5103 ἔφη
922 5022 1011 5083 τὸν
1032 5020 1182 5101 γόνον
1201 5023 1305 5082 τῶν
1334 5021 1614 5100 μελισσῶν.
1642 5031 1699 5080 R.

1953 746 2022 809 ὣς
2046 743 2297 823 ἐμφαγεῖν
2319 743 2378 802 τὸ
2402 746 2606 825 φαγεῖν.
2636 743 2725 803 καὶ
2747 744 2874 824 παρ’
2906 744 3169 826 Εὐριπίδῃ
3196 754 3390 818 [Phoen.
3411 753 3520 820 739]
3551 763 3581 804 ⁵

1953 830 2015 888 τὸ
2040 831 2420 910 ἐνδυστυχῆσαι
2445 832 2560 890 ἀντὶ
2592 837 2682 890 τοῦ
2714 832 3079 911 δυστυχῆσαι).

2037 938 2160 978 1122.
2204 917 2345 977 οὔτοι
2372 918 2500 978 ποτὲ
2524 922 2623 988 ζῶν
2651 939 2666 979 t
2697 919 3004 996 (Καυνάκην
3045 918 3308 1000 ἀμφιάσαι
3338 919 3530 998 βούλε-

1954 1028 2044 1063 ται
2066 1005 2154 1064 τὸν
2169 1004 2374 1087 πατέρα
2393 1010 2420 1065 ὁ
2447 1006 2572 1079 υἱὸς,
2596 1006 2911 1088 ἀφελόμενος
2932 1006 2991 1066 τὸ
3016 1005 3332 1088 τριὸώνιον.)
3364 1009 3525 1089 φησὶν

1956 1081 2044 1150 οῦν
2085 1090 2165 1151 ὅτι
2187 1092 2274 1152 τὸν
2312 1092 2541 1173 τρίὸωνα
2580 1096 2672 1153 οὐκ
2724 1095 2932 1175 ἀφαιρῶ
2977 1097 3250 1172 (ἐμαυτοῦ.
3295 1094 3383 1155 τὸν
3419 1095 3528 1176 γὰρ

1955 1177 2187 1260 τρίὸωνα
2219 1179 2553 1260 περισπάσας
2598 1179 2734 1240 θέλει
2770 1180 2927 1240 αὐτὸν
2976 1180 3245 1254 καυνάκην
3292 1185 3525 1245 ἐνδῦσαι.
3563 1209 3619 1250 ιο

1957 1266 2226 1337 καυνάκης
2254 1269 2307 1326 δὲ
2329 1269 2522 1347 χλαῖνα
2548 1265 2785 1350 Περσικὴ
2817 1268 3054 1342 ἀλεεινὴ,
3085 1267 3234 1350 παρὰ
3256 1270 3317 1329 τὸ
3344 1270 3531 1329 ἀλεαί-

1959 1360 2155 1414 νεσθαι.
2183 1359 2212 1412 ὁ
2240 1353 2296 1414 δὲ
2325 1355 2659 1433 Παλαμήδης
2683 1355 2860 1437 φησίν·
2890 1355 3156 1431 καυνάκης
3185 1357 3298 1417 ἐστὶ
3327 1362 3529 1440 Περσι-

1960 1441 2052 1500 κὸν
2092 1440 2320 1519 ἱμάτιον,
2365 1441 2487 1522 ἔχον
2528 1445 2589 1501 ἐκ
2642 1450 2734 1503 τοῦ
2788 1442 2963 1523 ἑτέρου
3015 1443 3201 1525 μέρους
3256 1442 3526 1523 μαλλούς.)

1964 1528 2207 1610 [Ἄλλως.
2245 1529 2508 1601 καυνάκης
2544 1521 2675 1598 εἶδος
2712 1532 2954 1609 ἱματίου,
3001 1530 3129 1612 ὅπερ
3183 1532 3274 1591 καὶ
3307 1532 3533 1613 περσίδα

1962 1618 2229 1676 καλοῦσιν.
2258 1620 2306 1675 οἱ
2335 1616 2389 1675 δὲ
2422 1614 2638 1698 σισύραν
2667 1618 3001 1695 Θυμαιτίδα,
3034 1619 3162 1700 ὅπερ
3189 1618 3324 1678 ἔοικε
3349 1619 3533 1700 Μορύ·
3567 1646 3621 1686 15

1961 1727 2061 1784 χου
2086 1703 2338 1783 σάγματι.
2360 1703 2542 1782 σάγμα
2579 1702 2634 1763 δὲ
2666 1709 2701 1775 ἦ
2740 1705 2875 1777 θήκη
2909 1711 2999 1764 τοῦ
3029 1705 3221 1780 ὅπλου,
3255 1711 3325 1774 ὣς
3347 1709 3401 1767 ἐν
3424 1716 3538 1775 τοῖς

1964 1790 2095 1863 ἑξῆς.
2122 1790 2572 1870 ἐπεστρατεύσατο
2591 1789 2665 1864 δὲ,
2683 1794 2917 1873 σφοδρῶς
2932 1796 3125 1865 ἐπῆλθε
3138 1794 3245 1861 τοῖς
3259 1793 3536 1873 ἡμετέροις

1965 1877 2326 1957 μαχεσόμενος
2366 1875 2629 1957 σώμασι]
2679 1878 2884 1956 μήποτε
2929 1878 3018 1939 τὸν
3063 1879 3363 1938 πνεύσαντά
3404 1903 3537 1962 φησι

1967 1964 2154 2047 βορέαν
2189 1965 2276 2024 ἐπὶ
2314 1968 2389 2046 τῷ
2419 1965 2724 2046 Ἀρτεμισίῳ
2769 1966 2860 2024 καὶ
2891 1966 3260 2048 διαφθείραντα
3295 1967 3383 2026 τὸν
3427 1971 3536 2027 τῶν

1968 2051 2249 2133 βαρὸάρων
2267 2051 2468 2112 στόλον.
2488 2055 2664 2120 καλῶς
2681 2051 2737 2112 δὲ
2757 2053 3227 2135 ἐπεστρατεύσατο.
3247 2053 3411 2123 πολὺς
3427 2054 3533 2135 γὰρ
3566 2078 3629 2120 2⁰

1966 2137 2195 2199 ἐπελθὼν
2236 2138 2516 2200 κατέδυσεν
2553 2142 2725 2200 αὐτῶν
2764 2140 2835 2199 τὰ
2870 2140 3078 2223 σκάφη,
3118 2143 3342 2221 (βοηθῶν
3381 2141 3538 2215 Ἀθη-

1966 2226 2180 2307 ναίοις).

2049 2335 2168 2375 112ο.
2211 2316 2453 2393 οὐδαμῶς
2493 2339 2582 2394 μοι
2619 2314 2878 2398 ξύμφορον
2926 2336 2941 2377 :
2988 2319 3071 2378 Οὔ
3113 2319 3376 2377 λυσιτελεῖ
3421 2341 3539 2394 μοι,

1968 2403 2124 2484 φησὶ,
2148 2405 2411 2476 πολυτελῆ
2438 2404 2834 2486 ἀμφιέννυσθαι.
2862 2404 3096 2488 (καὶγὰρ
3118 2404 3303 2487 πρώην
3328 2405 3538 2485 ἰχθύδια

1966 2490 2149 2550 ἐσθίων
2187 2488 2351 2566 ὀπτὰ,
2395 2491 2818 2561 καταστάξαντος
2863 2496 3037 2571 ζωμοῦ
3079 2494 3167 2553 ἐπὶ
3209 2492 3270 2552 τὸ
3304 2492 3535 2571 ἱμάτιον,
3567 2512 3630 2554 2⁸

1967 2577 2248 2660 τριώὸολον
2278 2577 2449 2638 ἔδωκα
2476 2583 2553 2662 τῷ
2576 2580 2763 2661 γναφεῖ
2796 2580 2999 2658 μισθὸν,
3035 2579 3274 2640 τουτέστι
3308 2583 3386 2660 τῷ
3411 2579 3542 2640 πλύ-

1968 2686 2108 2722 νοντι
2129 2662 2196 2723 τὰ
2219 2665 2448 2745 ἱμάτια.)

2051 2770 2172 2813 1128.
2217 2752 2305 2811 ἐπὶ
2324 2752 2383 2812 τὸ
2402 2752 2631 2829 ἱμάτιον.
2660 2767 2719 2814 Β.

2051 2859 2171 2901 1132.
2219 2840 2554 2921 (τριὸωνικῶς
2600 2859 2615 2903 :
2660 2838 2791 2903 Ἐὰν
2837 2839 2933 2919 μὲν
2976 2841 3322 2923 τριὸωνικῶς,
3359 2838 3541 2924 ὥπερ

1968 2928 2239 3010 τριὸώνιον
2261 2927 2591 3009 τετριμμένῳ
2613 2929 2705 2987 καὶ
2727 2929 3093 3002 ἀσθενήσαντι.
3120 2929 3209 2989 ἐὰν
3234 2928 3290 2989 δὲ
3311 2953 3538 3012 γεροντι·
3569 2956 3633 2999 ao

1969 3017 2119 3092 κῶς,)
2151 3018 2224 3083 ὡς
2247 3014 2436 3095 πρέπει
2463 3014 2682 3095 γέροντι.

2053 3121 2173 3161 1133.
2219 3100 2473 3184 (φυτεύειν
2504 3123 2518 3163 :
2545 3103 2783 3182 Γεννᾶν.)

2052 3208 2176 3251 1134.
2219 3187 2500 3257 ἀποπνῖξαι
2531 3208 2547 3249 :
2578 3188 2702 3267 (Διὰ
2722 3188 2783 3248 τὸ
2806 3194 2989 3268 καῦμα
3019 3187 3081 3248 τὸ
3108 3189 3214 3249 ἀπὸ
3239 3194 3335 3263 τῆς
3352 3190 3545 3250 καυνά-

1969 3278 2106 3355 κης.)
2142 3315 2208 3325 -
2237 3276 2340 3335 ὑπὸ
2362 3275 2547 3357 κρύους
2574 3276 2812 3349 δηλονότι
2837 3276 2985 3357 παρὰ
3010 3275 3106 3350 τὴν
3131 3277 3396 3341 ὑπόνοιαν.
3420 3302 3544 3338 και-

1970 3364 2054 3424 νὸν
2080 3363 2134 3424 δὲ
2152 3363 2414 3441 λαμὸάνει
2434 3364 2662 3442 ἱμάτιον.
2690 3376 2751 3423 Β.
2947 3378 2954 3385 “
3566 3390 3630 3432 86

2053 3472 2175 3513 1136.
2221 3451 2383 3527 (τουτὶ
2410 3452 2471 3511 τὸ
2505 3452 2668 3511 κακόν
2707 3473 2723 3512 :
2774 3451 2856 3513 Τὸ
2887 3450 3066 3511 καινὸν
3104 3452 3230 3535 παρ’
3271 3451 3538 3516 ὑπόνοιαν.

1972 3539 2086 3598 ἐπεὶ
2109 3539 2283 3599 καινὸν
2308 3538 2720 3621 παραλαμὸάνει
2742 3538 2991 3618 ἱμάτιον.)

2010 3647 2174 3771 ό1137.
2220 3628 2286 3704 (οἱ
2313 3625 2367 3685 δὲ
2394 3627 2662 3700 καυνάκην
2690 3648 2706 3688 :
2731 3624 2916 3688 Ἔοικε
2951 3626 3012 3687 τὸ
3046 3627 3365 3712 βαρὸαρικὸν
3405 3619 3540 3691 εἶναι

1972 3736 2008 3793 φ
2042 3715 2222 3794 θην-ω)

2056 3819 2175 3861 1138.
2220 3797 2324 3879 ἐγὼ
2349 3797 2403 3860 δὲ
2439 3801 2659 3880 σισύραν
2685 3821 2701 3862 :
2733 3801 2860 3862 Ἀπὸ
2890 3801 3076 3880 δήμου.
3114 3802 3353 3884 φαίνεται
3378 3804 3473 3865 καὶ
3497 3809 3533 3877 ἡ
3567 3836 3632 3878 ω

1972 3886 2160 3969 σισύρα
2179 3888 2372 3966 βαπτή.
2389 3899 2447 3946 Β.
2468 3887 2705 3968 (σισύραν
2726 3880 2840 3948 εἶπε
2853 3892 2910 3949 οὗ
2930 3889 2989 3949 τὸ
3003 3891 3279 3968 μαλλωτὸν
3289 3895 3538 3972 στρῶμα,

1974 3975 2110 4034 ἀλλὰ
2143 3974 2349 4055 βαίταν.
2385 3973 2496 4034 ἔστι
2530 3973 2586 4034 δὲ
2611 3980 2645 4046 ἡ
2683 3975 2790 4035 ἀπὸ
2825 3976 3098 4057 δερμάτων
3136 3978 3539 4060 συρραπτομίνη

1972 4062 2173 4142 χλανίς.
2203 4061 2508 4141 Θυμαιτίδα
2530 4060 2584 4120 δὲ
2608 4053 2750 4121 εἶπεν
2780 4062 2886 4123 ἀπὸ
2913 4063 3082 4143 δήμου
3104 4069 3198 4138 τῆς
3219 4065 3539 4126 Ἱπποθοων·

1973 4149 2109 4217 τίδος
2135 4151 2326 4230 φυλῆς,
2355 4152 2427 4217 ὡς
2463 4150 2573 4208 ἐκεῖ
2595 4154 2699 4209 τῶν
2735 4154 2930 4231 βαιτῶν
2951 4151 3255 4231 γινομένων,
3289 4153 3397 4212 ἀπὸ
3433 4156 3543 4216 Θυ-

1976 4236 2158 4315 μοίτου
2179 4236 2365 4318 ἥρωος.
2391 4235 2595 4314 μήποτε
2625 4237 2678 4296 δὲ
2705 4238 2961 4320 γραπτέον
2986 4240 3320 4318 Θυμοιτίδα.)
3566 4273 3631 4314 ⁴⁸

2057 4345 2177 4385 113⁹.
2226 4326 2317 4402 (εἰς
2360 4325 2580 4405 Σάρδεις
2609 4345 2623 4385 :
2654 4329 2749 4392 Εἷς
2788 4325 3010 4407 Σάρδεις
3043 4327 3143 4407 γὰρ
3185 4329 3436 4389 ἐπωλεῖτο
3470 4328 3539 4388 τὰ

1975 4411 2217 4492 Περσικὰ
2234 4410 2439 4489 ἱμάτια.
2462 4411 2684 4492 Σάρδεις
2703 4412 2757 4471 δὲ
2778 4412 2925 4480 πόλις
2941 4414 3135 4482 Λυδίας
3158 4414 3259 4473 ὑπὸ
3280 4413 3541 4496 Πέρσαις,

1977 4497 2272 4578 ἀναγκαίως
2299 4489 2389 4557 οῦν
2418 4498 2657 4579 Περσικὰ
2688 4498 2941 4580 ἐφόρουν.)

2059 4606 2177 4646 1141.
2225 4588 2302 4664 (οὗ
2333 4585 2499 4645 τοίνυν
2525 4586 2600 4665 γ’,
2633 4586 2767 4667 ἀτάρ
2797 4607 2812 4648 :
2843 4590 2962 4648 Οὐκ
2988 4578 3143 4660 ἦλθον
3176 4592 3247 4657 εἰς
3275 4586 3540 4671 Σάρδεις.)

2059 4694 2177 4733 1142.
2224 4672 2496 4755 (Μορύχου
2523 4672 2756 4751 σάγματι
2787 4692 2803 4734 :
2829 4673 3071 4754 Μόρυχος
3097 4676 3284 4757 ὠχρός.
3306 4676 3540 4755 σάγματι
3565 4722 3629 4766 5⁰

1979 4759 2033 4820 δὲ
2060 4764 2137 4843 τῷ
2172 4762 2435 4841 μαλλοπῷ
2463 4759 2640 4841 σάγῳ,
2664 4751 2709 4841 ᾧ
2737 4762 2931 4842 ἐχρῆτο
2964 4765 3033 4829 ὡς
3067 4762 3314 4844 τρυφερὸς
3340 4762 3542 4822 πλείονι

1978 4848 2164 4908 θάλπει
2184 4846 2469 4928 χρώμενος.
2591 4847 2807 4917 Ἄλλως.
2836 4853 2940 4908 τῶν
2966 4850 3088 4928 περὶ
3120 4874 3184 4933 τρ
3289 4875 3317 4908 ν
3350 4853 3542 4908 ἐσπου-

1979 4934 2213 4995 δακότων
2239 4939 2267 4993 ὃ
2295 4933 2557 5015 Μόρυχος.
2584 4936 2816 5014 σάγματι
2845 4934 2928 5010 δὲ,
2952 4933 3066 4995 ἐπεὶ
3093 4958 3212 5015 παχ
3278 4982 3292 4997 .
3317 4936 3441 5003 ἴσως
3467 4939 3541 5003 ὣς

1981 5022 2178 5084 ἐκείνου
2206 5027 2377 5105 παχεῖ
2397 5022 2629 5102 σάγματι
2656 5022 2947 5105 χρωμένου.
2977 5020 3280 5085 Ἐκὸάτανα
3302 5023 3357 5083 δὲ
3387 5024 3542 5094 πόλις
