3859 5725
444 227 566 281 5¹³1
1577 217 2037 280 ADNOTATIO
2077 221 2160 283 IN
2197 220 2465 286 SCHOL.

447 346 623 431 ἕτερόν
646 373 698 409 τι
737 349 984 432 αἰσχρὸν,
1014 350 1455 416 ἀποσκάπτοντας
1479 353 1571 408 τοῦ
1598 352 1818 419 ποιητοῦ
1856 346 1975 408 τού-
2056 347 2330 438 σΰὸυρτίου
2364 355 2490 434 (sie)
2512 359 2582 413 R.
2613 353 2860 435 σόυρτίου
2883 361 2955 413 V.
2993 357 3274 437 συραντίας
3299 359 3370 418 Θ.
3406 383 3614 441 σιρυν-

444 460 537 497 του
562 435 754 497 ἕνεκεν.

528 527 603 584 25
636 525 774 588 Ἀντὶ
798 532 889 585 τοῦ
918 547 1035 583 om.
1069 531 1139 584 R.
1175 524 1405 606 βαστάζῃ
1435 531 1508 586 V.

531 616 625 689 28,
656 617 729 672 28
756 613 816 674 τὸ
842 614 916 690 μὰ
939 619 1004 672 V.
1034 615 1107 673 Θ.

526 704 617 773 32,
651 704 715 759 31
750 724 833 780 sq.
861 700 1200 761 Ἀντὶ-κατά
1225 724 1277 758 τι
1301 698 1455 781 μέρος
1472 746 1486 774 ,
1512 699 1548 772 ἢ
1577 722 1693 760 om.
1725 705 1790 758 V.
1810 733 1874 750 --
1898 703 1970 759 32

445 788 725 867 βάσταξον.
752 796 826 851 V.
865 789 1140 867 βαστάζων
1175 794 1227 846 G

527 879 621 950 33,
647 879 720 936 35
750 876 1069 956 Ἀντιγένους
1096 877 1335 937 Petitus.
1361 876 1619 936 Ἀντινόου
1640 882 1709 934 V.
1736 875 1972 937 Ἀντίνου

443 964 513 1023 Θ.
546 968 626 1021 Μ.
659 964 786 1022 Ald.
816 960 903 1022 ὅτε
934 961 1054 1044 περὶ
1092 963 1223 1022 Ald.
1263 961 1348 1021 ὅτε
1381 983 1497 1021 om.
1531 969 1599 1024 V.
1642 961 1974 1044 Ἀργινούσας

440 1050 648 1108 suidas
677 1072 720 1109 S.
751 1050 933 1129 Οίμοι.
960 1082 1037 1094 -
1059 1051 1132 1108 36
1158 1049 1339 1108 ἐνίκων
1373 1046 1428 1108 δὲ
1470 1056 1531 1109 V.
1572 1049 1871 1130 ναυμαχίαν
1895 1052 1969 1111 Θ.

443 1143 517 1197 Μ.
540 1137 823 1222 συμμαχίᾳ
853 1140 960 1197 τῶν
999 1137 1195 1198 δούλων
1226 1139 1453 1200 suidas,
1479 1180 1558 1193 --
1582 1139 1655 1197 38
1684 1137 1827 1218 λέγει
1856 1160 1970 1198 om.

439 1231 506 1283 V.
535 1249 663 1307 φησι
690 1249 814 1309 χαρ.
842 1225 1633 1307 8υἰ(133.-39ἐναυμαχήκειν
1663 1232 1731 1302 V.
1752 1241 1811 1285 et
1834 1230 1971 1286 Sui-

439 1315 556 1373 da5.
594 1347 669 1359 -—
709 1324 781 1383 4ο
815 1313 1154 1396 Ἀρχίννουσα
1197 1320 1281 1376 Μ.
1322 1317 1390 1372 In
1426 1315 1631 1373 eodem
1673 1315 1747 1393 gl.
1790 1328 1877 1373 est
1914 1317 1968 1373 ἐν

442 1401 824 1484 Ἀργιννούσαις
856 1400 1112 1473 δηλονότι.
1135 1434 1210 1447 -—
1237 1420 1301 1470 41
1350 1400 1563 1483 ἀντικρὺ
1606 1404 1680 1464 Θ.
1728 1401 1971 1483 ἀντικρὺς

438 1491 630 1548 ceteri.
662 1490 871 1556 Μαλίας
899 1495 979 1547 Μ.
1005 1489 1193 1548 Ceteri
1238 1487 1442 1554 Μανίας
1481 1490 1607 1547 ΑΙά.
1645 1490 1963 1548 Tzschuck.

436 1579 508 1636 ad
535 1577 803 1635 strabon.
832 1577 949 1637 vol.
984 1575 1038 1648 5,
1070 1598 1125 1656 p.
1159 1578 1271 1650 376
1298 1578 1437 1634 citat
1462 1577 1730 1636 Dindorf.

524 1667 619 1738 35,
658 1667 730 1733 46
759 1664 1098 1747 βλασφημίας
1125 1669 1192 1725 V.
1221 1667 1292 1726 Θ.
1318 1678 1376 1724 et
1404 1665 1605 1724 Suidas
1634 1687 1679 1724 s.
1716 1667 1965 1746 Πανοῧρ-

435 1777 542 1833 γος.
568 1753 781 1831 ἀτιμίας
806 1755 931 1814 Ald.

520 1844 613 1913 38,
643 1841 825 1914 47-51
858 1840 1223 1921 Πρῶτον-τίς
1241 1840 1322 1913 εἴη
1340 1861 1458 1899 om.
1482 1841 1654 1900 etiam
1678 1848 1778 1912 M„
1804 1843 1970 1902 scho-

435 1931 514 1989 lio
536 1932 804 2009 proximo
824 1933 1129 2011 postponit
1155 1938 1225 1990 V.
1247 1961 1324 1977 --
1346 1940 1416 2003 47
1439 1928 1702 2013 Πρότερον
1725 1937 1790 1991 V.
1807 1970 1872 1984 —·
1891 1936 1966 2003 48

433 2022 509 2099 τῷ
528 2019 660 2079 add.
687 2020 758 2079 Θ.
782 2024 811 2078 ὁ
838 2040 952 2077 om.
984 2025 1076 2090 V.,
1104 2020 1203 2096 qui
1228 2016 1367 2085 ὅστις
1393 2009 1605 2077 eil-53
1646 2020 1782 2086 τινὲς
1810 2019 1866 2079 δὲ
1892 2025 1964 2079 R.

434 2110 689 2192 γράφεται
712 2110 844 2168 Ald.
875 2109 1133 2191 γράφεται
1162 2110 1218 2168 δὲ
1258 2115 1329 2171 V.
1359 2112 1430 2171 Θ.
1464 2116 1542 2169 Μ.
1586 2111 1635 2169 οῖ
1669 2108 1724 2169 δὲ
1761 2113 1966 2171 Suidas

433 2217 480 2255 S.
516 2200 900 2279 Κενταυρικῶς.
923 2234 985 2245 --
1025 2218 1050 2255 1
1087 2194 1334 2279 τρυφερός
1369 2197 1500 2259 Ald.
1537 2197 1772 2257 Addunt
1807 2202 1877 2261 Θ.
1908 2213 1967 2260 et

433 2289 575 2361 Reg.
604 2286 997 2344 narrationem
1026 2284 1099 2342 de
1136 2287 1436 2344 Centauris
1457 2331 1472 2357 ,
1502 2288 1548 2343 οῖ
1594 2284 1867 2369 κένταυροι
1909 2286 1966 2346 δὲ

434 2371 575 2431 κατὰ
610 2372 699 2431 τὸν
743 2377 903 2450 μῦθον
948 2370 1126 2454 ἄνδρες
1171 2363 1307 2443 ἦσαν
1349 2373 1542 2453 διφυεῖς
1580 2371 1632 2441 ἐξ
1667 2372 1846 2434 ἵππων
1871 2375 1964 2434 καὶ

434 2458 720 2542 ἀνθρώπων
733 2459 1083 2539 συγκείμενοι,
1104 2461 1151 2518 οἱ
1168 2457 1322 2518 ἵπποι
1347 2458 1441 2537 μὲν
1463 2459 1629 2538 (ὄντες
1643 2462 1773 2520 add.
1790 2465 1961 2542 Reg.)

434 2546 502 2606 τὰ
529 2547 711 2622 κάτω,
737 2545 1001 2629 ἄνθρωποι
1037 2545 1092 2604 δὲ
1119 2545 1186 2605 τὰ
1231 2546 1338 2607 ἅνω
1361 2571 1374 2584 ·
1412 2545 1549 2607 ὥστε
1591 2549 1683 2608 καί
1721 2573 1800 2617 τις
1840 2549 1964 2610 ἰδὼν

435 2634 621 2703 αὖτοὺς
641 2633 737 2707 τὴν
771 2633 941 2716 ἀρχὴν
970 2631 1088 2714 ἔφη,
1107 2633 1265 2701 ἵππος
1293 2635 1637 2718 ἀπερεύγεται
1669 2635 1962 2718 ἄνθρωπον,

432 2722 523 2782 καὶ
554 2723 821 2805 ἅνθρωπος
852 2720 1202 2804 ἀποπέρδεται
1237 2721 1418 2782 ἵππον.
1443 2723 1750 2802 μυθεύονται
1779 2723 1835 2784 δὲ
1873 2725 1965 2785 καὶ

433 2817 620 2887 τοῦτο,
656 2814 726 2879 ὡς
771 2810 875 2871 ἀπὸ
905 2814 1000 2883 τῆς
1045 2809 1262 2893 νεφέλης
1310 2808 1575 2890 ἐγένοντο,
1613 2812 1679 2885 ἣν
1728 2813 1860 2881 Ζεὺς
1894 2818 1962 2894 τῇ

431 2900 579 2983 Ἥρα
609 2899 887 2980 παρῄκασε
924 2897 1087 2958 θέλων
1112 2898 1209 2971 τὴν
1250 2899 1379 2981 πρὸς
1416 2899 1579 2973 αὐτὴν
1623 2906 1716 2961 τοῦ
1761 2900 1964 2970 Ἰξίονος

433 2993 617 3066 μαθεῖν
647 2988 835 3068 ἔρωτα.
860 2986 951 3047 καὶ
980 2982 1081 3068 γὰρ
1123 2989 1193 3054 ὡς
1231 2979 1366 3047 οἶδεν
1407 2978 1570 3061 (εἶδεν
1600 2994 1740 3067 Reg.
1774 3000 1965 3067 recte)

430 3075 597 3145 Ἰξίων
622 3073 718 3148 τὴν
747 3078 1075 3135 εἰκασθεῖσαν
1113 3077 1180 3154 τῇ
1201 3070 1350 3157 Ἥρᾳ
1386 3073 1607 3157 νεφέλην
1632 3122 1649 3150 ,
1680 3074 1857 3157 Ἦραν
1887 3082 1964 3160 τῷ

429 3164 543 3224 ὄντι
561 3162 757 3236 ταύτην
777 3153 910 3222 εἶναι
924 3160 1459 3241 νομίσας,συνεγένετο
1481 3161 1648 3243 ταύτῃ
1669 3163 1759 3222 καὶ
1775 3163 1961 3243 ἔγημε.

429 3250 844 3331 ἱπποκένταυρον
868 3241 970 3309 ὦδε
999 3250 1180 3328 (neg.
1210 3263 1365 3307 recte
1402 3248 1492 3308 καὶ
1531 3248 1706 3309 ἔτεκεν
1737 3250 1863 3309 ἱππ.
1896 3243 1962 3323 ἦν

430 3337 487 3396 δὲ
517 3338 607 3415 τὸ)
636 3336 742 3396 ἀπὸ
769 3337 953 3397 τούτου
980 3334 1127 3417 γένος
1152 3335 1270 3396 λίαν
1296 3336 1557 3417 μάχιμον.

511 3436 606 3498 4ο,
629 3428 663 3484 6
695 3427 836 3506 αύτῷ
860 3430 931 3484 R.
955 3462 1016 3474 -
1035 3425 1069 3482 8
1094 3423 1260 3483 δειλὸν
1280 3422 1371 3482 καὶ
1391 3424 1696 3505 σχηματίαν
1723 3425 1794 3487 Θ.
1822 3449 1962 3484 καυ-

430 3523 701 3594 χηματιᾶν
738 3520 809 3573 V.

511 3608 606 3671 41,
639 3621 709 3660 ι2
743 3604 864 3682 Ἧρ.
895 3599 1032 3660 ἀλλὰ
1055 3598 1131 3679 μὴ
1161 3607 1231 3660 R.
1254 3599 1290 3672 ἢ
1315 3599 1478 3667 οὕτως
1499 3599 1574 3679 μὴ
1608 3603 1678 3660 Θ.
1711 3601 1838 3660 Ald.

510 3689 620 3759 46,
650 3697 714 3757 14
740 3686 855 3769 φόρ.
881 3686 1151 3769 κροκωτὴν
1177 3687 1451 3746 ΑΙά.-ι5
1482 3685 1539 3746 δὲ
1561 3707 1677 3746 om.
1707 3693 1777 3748 R.
1804 3687 1964 3770 φοὸε-

433 3772 516 3854 ρὸς
543 3774 766 3833 addidit
787 3775 1116 3833 Dindorflus
1147 3795 1218 3833 ex
1244 3773 1616 3851 sequentibus
1646 3789 1960 3853 sumptum.

430 3860 736 3943 Ἡρακλέως
762 3859 864 3943 γὰρ
898 3867 971 3920 R.
1014 3867 1151 3920 Post
1187 3862 1371 3932 λεοντῆ
1399 3861 1533 3921 libri
1568 3861 1791 3920 addunt
1835 3886 1963 3943 κρο-

430 3946 606 4018 κωτὴν
639 3947 935 4029 (κροκωτὸς
975 3953 1045 4007 R.
1076 3949 1170 4025 V.)
1209 3944 1294 4020 δὲ,
1337 3947 1424 4007 ἵνα
1471 3938 1508 4028 ἦ
1536 3948 1771 4031 φοὸερός.
1808 3949 1896 4009 lb.
1927 3948 1961 4022 ἢ

430 4039 681 4117 κροκωτῷ
708 4037 835 4095 ΑΙᾶ.
858 4056 1017 4122 -‚¹7
1057 4034 1284 4114 μετοίξης
1309 4038 1634 4117 κροκοειδοῢς
1675 4042 1818 4115 Reg.
1856 4060 1963 4115 μα-

427 4123 585 4194 τάξης
610 4129 677 4184 Ε.

513 4220 607 4285 47,
637 4231 703 4267 2ι
750 4210 1005 4291 Κόθορνος
1029 4209 1083 4270 δὲ
1111 4209 1192 4270 ὅτι
1210 4213 1278 4271 V.
1306 4209 1442 4271 Ὅτι
1466 4214 1496 4270 δ
1530 4208 1603 4271 Θ.
1632 4216 1712 4270 Μ.
1743 4212 1873 4272 Ald.
1900 4248 1966 4262 -—

431 4316 505 4354 22
537 4299 585 4356 οἱ
615 4296 982 4381 δὲ-ἇρμόττει
1005 4297 1254 4380 (ἁρμόζει
1280 4297 1390 4374 Θ.)
1429 4310 1562 4376 post
1599 4296 1818 4356 δύναται
1849 4319 1964 4377 po-

429 4397 575 4442 nunt
602 4391 672 4443 V.
703 4388 776 4444 Θ.
803 4390 883 4444 Μ.
910 4385 1033 4445 Ald.
1054 4422 1117 4436 —
1145 4389 1217 4445 23
1255 4384 1465 4467 λέγεται
1496 4388 1569 4447 Θ.
1605 4390 1688 4443 Μ.
1723 4384 1780 4444 δὲ
1806 4385 1962 4463 λέγε-

427 4495 518 4531 ται
540 4477 607 4531 V.
627 4512 690 4523 -
719 4475 794 4532 25
824 4473 978 4532 αὖτὸν
1008 4472 1253 4554 ἁρμόζειν
1297 4475 1398 4544 Θ.,
1433 4475 1534 4551 qui
1563 4492 1676 4531 om.
1719 4475 1796 4530 26
1826 4493 1957 4551 sqq.

426 4559 1063 4644 ἐκπλήττεται-ἀνδρῷα.
1103 4562 1316 4639 Regius
1362 4582 1375 4618 :
1409 4561 1663 4642 Κόθορνος
1687 4558 1878 4641 κυρίως
1904 4558 1964 4619 τὸ

429 4648 859 4731 ἀμφοτεροδέξιον
896 4649 1146 4727 ὑπόδημα
1168 4673 1182 4688 ·
1237 4651 1461 4708 ἐνταῦθα
1501 4649 1555 4707 δὲ
1600 4670 1963 4730 καταχρηστι-

428 4739 533 4802 κῶς
572 4736 633 4795 τὸ
663 4745 983 4814 γυναικεῖον,
1032 4734 1066 4794 ὅ
1109 4758 1268 4818 φασιν
1307 4737 1583 4802 ἰδιωτικῶς
1626 4735 1962 4817 φελλοκάλη-

427 4845 545 4899 γον·
582 4821 908 4902 γυναικώδης
933 4822 1036 4905 γὰρ
1068 4819 1141 4883 ὢν
1177 4822 1423 4889 Διόνυσος
1447 4822 1539 4881 καὶ
1579 4820 1833 4899 ἐνδύμασι
1868 4823 1959 4882 καὶ

430 4910 732 4988 ὑποδήμασι
759 4910 1072 4988 γυναικείοις
1093 4913 1304 4993 ἐχρῆτο.
1330 4948 1392 4963 -
1413 4912 1444 4969 3
1459 4931 1478 4968 1
1493 4955 1508 4984 ,
1537 4919 1611 4986 49
1633 4909 1755 4983 νηὸς
1775 4914 1845 4971 V.
1877 4915 1957 4969 M.

2043 440 2168 499 Ίι·ίου
2215 450 2294 502 Μ.
2336 440 2664 524 ·συμ6υρτίου
2710 443 2839 505 Ald.
2862 482 2926 494 -
2975 443 3045 517 37
3096 445 3194 504 ἀπ.
3217 489 3234 519 ,
3279 447 3610 507 Κλεισθένει

2052 527 2259 590 Suidas
2291 551 2338 589 s.
2365 530 2497 591 Ποῖ.

2133 618 2204 676 51
2225 661 2243 690 ,
2276 620 2351 686 43
2377 615 2521 697 λέγει
2550 637 2665 676 om.
2697 619 2790 688 Θ.,
2827 631 2960 696 post
2998 617 3270 701 Ἡρακλῆς
3307 622 3479 699 ponit
3515 628 3601 682 R.

2051 702 2111 763 τὸ
2135 704 2251 787 σφώ
2278 703 2533 764 additum
2554 725 2624 763 ex
2654 710 2722 764 R.
2749 710 2822 762 V.
2856 705 2929 765 Θ.
2967 708 3147 778 M.‚in
3174 705 3389 785 quibus
3419 721 3511 767 est
3535 708 3610 768 τὸ

2052 794 2214 874 σφῶε.
2238 794 2517 871 Pergitv.
2540 792 2631 852 καὶ
2653 790 2755 874 γὰρ
2778 790 2869 851 δύο
2897 792 3156 862 στίζουσιν
3185 796 3260 864 εἰς
3285 794 3374 854 τὸν
3397 795 3611 855 Ἀπόλ-

2051 881 2195 940 λωνα
2233 878 2326 938 καὶ
2373 881 2449 946 εἷς
2489 877 2550 937 τὸ
2591 877 2768 962 ἐξηγρ.
2817 879 2909 938 lb.
2939 880 3030 940 δύο
3065 903 3185 941 om.
3209 883 3280 944 Θ.
3304 889 3389 942 Μ.
3412 920 3479 934 -
3510 893 3603 957 47

2051 967 2179 1049 φασὶ
2206 967 2350 1027 Διόν.
2375 973 2447 1027 R.
2473 973 2540 1028 V.
2565 968 2725 1049 φασὶν
2748 971 2817 1035 ὥς
2837 966 3087 1029 Διόνυσον
3112 968 3282 1050 λέγειν
3311 976 3484 1031 ταῦτα
3503 979 3605 1032 Μ.

2049 1092 2112 1104 -
2135 1064 2211 1133 49
2234 1054 2529 1128 δηλούντων
2551 1055 2752 1114 Suidas
2781 1076 2825 1115 s.
2849 1047 2981 1138 Κᾷτ’
3011 1056 3196 1136 ἔγωγε.

2137 1142 2209 1202 53
2230 1188 2248 1217 ,
2291 1152 2324 1211 4
2359 1140 2415 1201 δὲ
2448 1163 2564 1201 om.
2612 1147 2768 1202 R.-
2793 1145 2828 1202 5
2869 1142 3209 1226 Ὑψιπύλην,
3252 1147 3560 1216 Φοινίσσας
3584 1196 3606 1223 ,

2051 1228 2328 1302 Ἀντιόπην
2356 1237 2425 1290 R.
2449 1235 2589 1290 V.—
2609 1232 2645 1288 6
2674 1235 3012 1312 προεισῆλθεν
3039 1235 3390 1295 Dindorfius.
3412 1259 3604 1320 προσ·

2050 1318 2207 1391 ῆλθεν
2257 1323 2327 1376 R.
2373 1320 2674 1400 προσῆκται
2709 1324 2774 1376 V.
2801 1321 2872 1380 Θ.
2916 1344 2942 1370 t
2967 1323 3123 1380 Fort.
3154 1325 3503 1404 προεισῆκται
3520 1372 3541 1385 .
3573 1351 3605 1376 ¹·

2051 1409 2230 1464 Dum.
2253 1443 2316 1456 -
2346 1427 2377 1477 7
2409 1404 2709 1483 legebatur
2734 1407 3132 1489 συκοφαντητέα
3165 1408 3232 1468 τὰ
3254 1432 3303 1468 τ.
3331 1414 3403 1468 R.
3423 1431 3608 1470 συκο-

2052 1502 2323 1575 φαντεῖται
2350 1491 2444 1565 δὴν
2462 1493 2532 1551 τὰ
2558 1516 2608 1551 τ.
2633 1493 2708 1554 Θ.
2739 1493 3136 1575 συκοφαντητέα
3153 1486 3218 1567 ἦν
3245 1501 3432 1555 ταῦτα.

2133 1582 2229 1653 55,
2262 1602 2299 1657 9
2322 1579 2510 1641 ἔστιδὲ
2541 1582 2697 1642 9.-
2729 1583 2796 1640 ι3
2826 1581 2936 1642 νυνὶ
2977 1583 3239 1642 additum
3273 1604 3347 1642 ex
3374 1589 3450 1644 R.
3491 1588 3601 1642 νῦν

2047 1666 2294 1748 λέγεσθαι
2332 1675 2402 1727 V.
2444 1669 2622 1728 Addit
2665 1669 2797 1729 ΑΜ.
2838 1690 2968 1748 quae
2997 1670 3072 1729 ab
3109 1676 3354 1730 Musuro
3389 1672 3601 1730 aliove

2047 1758 2258 1817 infimae
2281 1760 2461 1816 aetatis
2481 1758 2856 1836 grammatico
2871 1758 3095 1836 adjecta
3113 1778 3240 1817 esse
3266 1759 3459 1837 ipsum
3486 1779 3604 1817 ex·

2043 1847 2275 1906 ordinm
2307 1845 2495 1919 docet,
2520 1843 2743 1912 Ἄλλως.
2764 1844 3019 1928 γράφεται
3034 1843 3252 1928 μακρός.
3276 1843 3365 1905 ἵνα
3381 1851 3410 1906 ὅ
3435 1848 3602 1928 Κρο-

2046 1933 2306 2007 τωνιάτης
2349 1937 2576 2008 νοῆται,
2621 1931 2756 2015 ἀνὴρ
2794 1934 3013 2015 μεγάλῳ
3050 1931 3261 2012 σώματι
3308 1931 3457 2015 παρὰ
3482 1937 3596 2005 τῆς

2047 2021 2246 2101 φύσεως
2270 2018 2680 2099 κεκοσμημένος,
2702 2024 2773 2087 ὥς
2789 2029 2896 2088 τοῖς
2919 2023 3078 2102 ἐρῶσι
3101 2021 3357 2102 παρέχειν
3381 2021 3594 2094 ἔκπλη-

2049 2107 2143 2178 ξιν.
2174 2107 2457 2186 «ἐγένοντο
2481 2106 2537 2167 δὲ
2565 2109 2710 2188 αὐτῷ
2739 2107 2793 2177 ἓξ
2830 2110 2883 2167 έν
2912 2108 3194 2190 Ὀλυμπίᾳ
3227 2109 3373 2189 πάλῃ
3395 2117 3544 2166 νῖκαι
3566 2131 3588 2146 ·

2047 2194 2144 2273 μία
2172 2195 2216 2255 δ’
2241 2198 2295 2256 ἓν
2320 2194 2502 2255 παισὶν
2531 2191 2585 2264 ἐξ
2622 2196 2816 2254 αὐτῶν.
2844 2197 3015 2256 Πυθοῖ
3044 2193 3098 2255 δὲ
3134 2195 3187 2256 έν
3227 2220 3287 2256 τε
3324 2195 3587 2279 ἀνδράσιν

2045 2282 2119 2353 ἓξ,
2137 2282 2228 2341 καὶ
2254 2280 2349 2359 μία
2379 2283 2602 2340 ἐνταῦθα
2625 2283 2678 2341 ἐν
2701 2279 2904 2339 παισίν.
2922 2282 3136 2362 ἀφίκετο
3157 2281 3212 2341 δὲ
3237 2282 3328 2342 καὶ
3351 2280 3588 2360 &Sepos-

2044 2370 2319 2432 παλαίσων
2348 2372 2399 2437 ές
2420 2369 2725 2448 Ὀλυμπίαν
2746 2415 2764 2444 ,
2791 2366 2924 2428 ἀλλὰ
2964 2367 3065 2451 γὰρ
3092 2372 3187 2429 οὗκ
3227 2368 3432 2449 ἐγένετο
3473 2360 3588 2436 οἶός

2043 2483 2102 2519 τε
2138 2460 2536 2519 καταπαλαῖσαι
2575 2456 2897 2535 Τιμασίθεον
2925 2457 3145 2530 πολίτην
3169 2481 3229 2517 τε
3258 2457 3388 2517 ὄντα
3416 2459 3584 2518 αὐτοῦ

2043 2546 2135 2607 καὶ
2168 2546 2351 2628 ἡλικία
2385 2546 2524 2606 νέον.
2561 2543 2775 2624 λέγεται
2812 2544 2868 2604 δὲ
2908 2544 2998 2604 καὶ
3031 2548 3102 2613 ὡς
3130 2546 3396 2624 κομίσειεν
3423 2545 3584 2612 αὐτὸς

2046 2639 2203 2694 αὗτοῧ
2229 2633 2319 2693 τὸν
2349 2633 2632 2716 ἀνδριάντα
2675 2635 2727 2700 ἐς
2749 2631 2948 2693 Ἄλτιν.
2993 2632 3205 2710 λέγεται
3239 2632 3295 2691 δὲ
3325 2634 3378 2699 ἐς
3416 2633 3580 2691 αὐτὸν

2044 2720 2216 2781 καὶτὸ
2249 2719 2336 2779 ἐπὶ
2364 2723 2432 2800 τῇ
2464 2724 2580 2801 ῥοιᾷ
2618 2718 2708 2779 καὶ
2752 2718 2839 2779 ἐπὶ
2871 2722 2949 2800 τῷ
2976 2717 3164 2799 δίσκῳ.
3207 2717 3350 2799 ῥοιὰν
3385 2716 3481 2796 μὲν
3511 2718 3582 2790 δὴ

2044 2806 2208 2876 οὕτως
2234 2798 2347 2888 εἶχε
2373 2804 2694 2888 βιαζομένην
2711 2852 2730 2884 ,
2759 2804 2900 2867 ὥστε
2923 2805 3077 2875 αὐτὸς
3097 2804 3434 2887 λυμήνασθαι
3451 2806 3582 2865 πτέ-

2045 2898 2164 2965 ζων.
2189 2895 2465 2974 ἱστάμενος
2488 2894 2542 2953 δὲ
2568 2893 2656 2954 ἐπὶ
2689 2892 3037 2975 ἀληλιμμένῳ
3060 2897 3139 2974 τῷ
3166 2893 3330 2972 δίσκῳ
3367 2892 3580 2972 γέλωτα
3603 2944 3616 2977 ,

2043 2985 2271 3043 ἐποιεῖτο
2307 2981 2428 3049 τοὺς
2456 2979 2813 3061 ἐμπίπτοντάς
2831 3005 2889 3039 τε
2914 2980 3008 3042 καὶ
3042 2981 3307 3046 ὠθοῦντας
3337 2978 3442 3038 ἀπὸ
3481 2984 3583 3039 τοῦ

2044 3071 2243 3130 δίσκου.
2277 3072 2554 3130 ἀποθανεῖν
2578 3068 2635 3128 δὲ
2664 3067 2767 3128 ὑπὸ
2787 3068 2981 3150 θηρίων
3004 3065 3163 3149 φασὶν
3182 3066 3358 3127 αὐτόν.
3382 3069 3578 3125 ἐπιτυ-

2042 3166 2156 3237 χεῖν
2186 3156 2285 3241 γὰρ
2308 3157 2462 3218 αὐτὸν
2486 3159 2540 3217 ἓν
2565 3160 2631 3238 τῇ
2659 3155 3040 3237 Κροτωνιάτιδι
3057 3154 3389 3236 αὐαινομένῳ
3415 3152 3578 3235 ξύλῳ·

2043 3249 2232 3328 σφῆνες
2263 3244 2320 3304 δὲ
2360 3244 2652 3325 ἐγκείμενοι
2686 3244 2940 3303 δίο-τασαν
2974 3242 3037 3302 τὸ
3079 3239 3230 3312 ξύλον
3249 3266 3263 3280 ·
3301 3246 3331 3302 ὁ
3375 3240 3432 3300 δὲ
3473 3242 3582 3302 ὕπὸ

2044 3331 2379 3414 φρονήματος
2399 3336 2427 3393 ὁ
2453 3332 2639 3391 Μίλων
2672 3329 2889 3403 καθίησι
2910 3328 3003 3397 τὰς
3021 3338 3206 3412 χεῖρας
3228 3332 3280 3397 ἔς
3300 3328 3363 3389 τὸ
3387 3327 3538 3398 ξύλον
3563 3352 3578 3366 ·

2042 3419 2375 3480 ὀλισθάνουσί
2404 3443 2463 3479 τε
2491 3418 2555 3493 δὴ
2584 3422 2634 3479 οἱ
2684 3423 2891 3501 σφῆνες.
2918 3419 3008 3478 καὶ
3047 3416 3300 3499 ἐχόμενος
3342 3416 3446 3476 ὑπὸ
3485 3421 3581 3476 τοῦ

2045 3506 2197 3578 ξύλου
2218 3507 2395 3576 λύκοις
2417 3507 2623 3587 ἐγένετο
2650 3506 2875 3589 εὕρημα.
2906 3506 3138 3585 μάλιστα
3166 3507 3224 3565 δέ
3244 3529 3360 3573 πως
3382 3503 3444 3563 τὸ
3474 3509 3580 3576 θη-

2046 3595 2153 3676 ρίον
2176 3601 2328 3655 τοῦτο
2348 3596 2403 3655 ἐν
2446 3597 2514 3675 τῇ
2544 3592 2928 3675 Κροτωνιάτιδι
2958 3592 3094 3652 πολύ
3126 3615 3185 3651 τε
3230 3591 3447 3671 νέμεται
3484 3592 3582 3650 καὶ

2043 3682 2284 3766 ἄφθονον.
2315 3710 2339 3736 »o
2373 3686 2541 3742 ταῦτα
2564 3681 2622 3740 δέ
2643 3705 2773 3763 φησι
2795 3679 2933 3740 κατὰ
2960 3679 3099 3750 λέξιν
3126 3678 3438 3745 Παυσανίας
3463 3680 3538 3759 (6
3560 3722 3581 3751 ,

2049 3779 2116 3838 14
2144 3771 2164 3847 )
2206 3771 2260 3828 ἐν
2308 3768 2534 3852 δευτέρῳ
2582 3768 2825 3829 Ἠλείων.
2873 3767 3169 3827 Pausaniae
3209 3768 3341 3825 loco
3390 3766 3580 3824 utitur

2042 3858 2249 3917 Suidas
2276 3879 2319 3915 S.
2352 3857 2572 3933 Μίλων,
2600 3858 2702 3935 qui
2733 3876 2849 3915 non
2893 3875 2967 3914 ex
3006 3854 3310 3913 scholiasta
3348 3854 3577 3912 Aristo-

2045 3946 2250 4027 phanis
2271 3988 2289 4017 ,
2316 3943 2419 4003 sed
2447 3965 2518 4003 ex
2544 3946 2826 4004 Pausania
2847 3945 2980 4022 ipso
3002 3942 3309 4019 excerpsit.
3332 3945 3516 4000 Dum.

2124 4034 2222 4107 56,
2255 4056 2275 4090 1
2291 4034 2322 4090 5
2345 4029 2465 4092 ὅλον
2490 4032 2619 4116 φασὶ
2644 4038 2716 4093 Β.
2741 4033 2814 4094 Θ.
2845 4030 2978 4099 ὅλως
3009 4030 3139 4113 φησὶ
3161 4036 3234 4089 V.
3263 4050 3422 4112 φασιν
3450 4025 3576 4088 ὅλον

2043 4122 2174 4180 ΑΙά.
2198 4120 2288 4180 τὸν
2315 4118 2497 4201 στίχον
2531 4119 2654 4201 Ἤρ.
2679 4126 2986 4179 KusteruS.
3011 4119 3287 4199 Ἧρακλῆ,
3330 4117 3399 4173 16
3431 4113 3574 4196 ἡρά-

2042 4213 2142 4282 σθη
2161 4212 2315 4271 Θ.-
2351 4230 2413 4280 17
2444 4205 2667 4266 ἀτταταὶ
2698 4213 2766 4269 R.
2788 4213 2858 4266 G.
2884 4209 2953 4268 Θ.
2978 4206 3100 4264 ΑΙά.
3135 4207 3387 4264 ἀππαπαῖ
3408 4207 3481 4262 V.
3515 4243 3579 4256 ...

2045 4299 2119 4355 28
2145 4299 2374 4378 ἡρᾶσθαι
2397 4299 2467 4354 V.
2507 4297 2576 4355 Θ.
3345 4356 3352 4367 ,

2124 4386 2217 4457 57,
2243 4405 2312 4461 19
2330 4385 2424 4464 Γρ.
2442 4383 2531 4442 καὶ
2542 4381 2751 4441 ἀπαπαί
2771 4382 2839 4442 Θ.
2855 4379 3045 4448 ἄλλως.
3069 4379 3390 4440 τὸάππαπαῖ
3402 4381 3493 4450 V.,
3515 4390 3577 4435 et

2043 4474 2121 4531 sic
2136 4472 2386 4531 hocloco
2403 4474 2472 4531 G.
2495 4489 2748 4548 quoque,
2769 4469 2870 4548 qui
2889 4488 3067 4546 supra
3084 4464 3326 4525 ἀτταταί.
3348 4462 3578 4523 ἀτταταί

2042 4573 2100 4618 et
2116 4557 2370 4618 ἀππαπαί
2386 4571 2637 4635 oxytona
2652 4556 2783 4615 Ald.
2806 4552 2890 4613 διὰ
2901 4554 3086 4613 τούτου
3107 4557 3301 4613 om.V.
3317 4550 3402 4610 διὰ
3417 4553 3577 4609 τοῦτο

2041 4649 2113 4708 Θ.
2143 4651 2222 4705 Μ.
2253 4646 2311 4704 οὐ
2341 4642 2699 4721 καταθεμένου
2733 4643 2864 4702 AJd.
2896 4654 2954 4701 et
2974 4687 2993 4716 ,
3022 4644 3238 4699 omisso
3265 4641 3347 4713 οὗ,
3373 4643 3444 4696 V.
3480 4627 3574 4695 οὖν

2041 4730 2395 4811 καταθεμένου
2417 4736 2501 4790 Μ.
2527 4721 2616 4789 οῧν
2634 4726 3041 4806 κατατιθεμένου
3065 4730 3139 4789 Θ.
3167 4727 3431 4787 Correxit
3452 4729 3576 4782 Ku-

2044 4834 2261 4892 stet-us,
2293 4820 2499 4878 collata
2531 4818 2720 4877 Suidae
2759 4819 2980 4896 glossa,
3010 4814 3286 4876 Ἀππαπαί
3323 4835 3336 4871 :
3368 4834 3575 4890 συγκα-

2042 4907 2312 4968 ταθετικὸν
2343 4906 2633 4989 ἐπίρρημα.
2671 4904 2939 4985 εἰρηκότος
2976 4902 3081 4984 γὰρ
3125 4909 3216 4961 τοῦ
3251 4898 3577 4981 Ἡρακλέους

433 5030 488 5049 «-
520 4998 596 5056 50
642 4996 773 5055 κατὰ
819 5007 1117 5080 μεταφορᾶς
1155 5001 1224 5060 Θ.
1264 5001 1323 5058 ἐκ
1367 5007 1663 5080 μεταφορᾶς
1689 5003 1765 5057 Μ.
1786 5036 1849 5049 -
1882 5002 1956 5059 33
2049 4996 2257 5078 «ἀνδρὸς
2274 4994 2554 5079 ἠράσθης»
2569 4999 2723 5055 τοῦτο
2742 4990 3246 5075 ἐπεφθέγξατο.-2ι
3275 4994 3365 5048 τοῦ
3381 4992 3574 5046 om.v.

3829 3350 3837 5529 -ῲ--ψ-ᾲ--ῌ-ῌῌΠῌᾎ
3817 2513 3837 3332 ffl==
3829 2363 3837 2460 --...
