3859 5725
1665 279 1911 341 PLUTI.

221 425 516 485 stomacho
547 423 799 503 erumpit
820 446 833 480 :
852 424 1147 497 Equidem,
1171 432 1234 477 ut
1257 426 1376 475 sine
1395 419 1518 475 cloto
1534 419 1737 486 dicam,

220 535 337 572 mm
364 519 552 571 nullm
581 511 867 570 habuerim
896 531 1018 567 cum
1040 529 1110 566 ea
1132 552 1148 580 ‚
1190 528 1358 582 quam
1403 502 1738 576 contabesa-

222 615 370 659 ctam
402 616 572 677 atque
596 606 943 657 exinanimm
972 599 1219 673 infinitus
1242 615 1514 651 annorum
1543 611 1741 649 nume-

220 693 527 746 msmisere
551 686 778 763 subegit.
799 691 986 755 Quam
1011 684 1133 741 haec
1160 683 1327 757 longe
1349 680 1585 757 quaesita
1608 679 1741 747 sint,

223 777 408 834 cuivis
434 776 595 833 facile
614 786 788 852 patet.
812 798 837 824 ι·
858 777 1082 831 Ηιιιετ.
1118 768 1204 827 lb.
1224 768 1488 849 ἐπιτρέψει
1522 771 1739 825 Hemst.

222 861 492 945 ἐπιτρέπει
515 869 585 923 R.
616 859 871 941 ἐπιτρέπῃ
908 860 979 919 Θ.
1009 854 1262 936 ἐπιτρέψῃ
1293 856 1421 914 Ald.
1449 884 1519 896 -
1557 865 1631 930 49
1648 875 1743 930 γε-

220 948 485 1031 γηρακυίᾳ
505 948 645 1029 ἑξηρ.
665 951 736 1009 Θ.
760 985 824 997 -
849 948 922 1004 53
950 945 1249 1022 legebatur
1274 941 1621 1020 διαλελυμένῃ
1652 963 1745 999 κυ-

225 1036 367 1118 ρίως,
389 1039 460 1101 ὣς
483 1034 569 1093 ἐπὶ
587 1057 676 1115 σχ.
699 1032 784 1092 Ib.
804 1035 875 1099 ὡς
899 1032 1229 1099 om.V.-54
1257 1027 1742 1106 ὑπεσπληνισμένη,

222 1120 565 1204 ἐξηραμμένη
599 1123 671 1182 Θ.
699 1121 805 1179 Cui
835 1140 953 1178 non
978 1117 1169 1177 obstat
1196 1116 1532 1199 ἕξηραμμένῃ
1572 1135 1746 1193 supra

223 1212 469 1269 lectum:
505 1230 634 1267 nam
664 1221 799 1266 sunt
825 1208 949 1265 haec
974 1227 1047 1264 ex
1071 1207 1184 1264 alio
1210 1206 1429 1263 scholio
1460 1217 1744 1282 excerpta.

221 1301 404 1355 Dum.
426 1317 533 1352 —1
561 1292 990 1372 διεσπεκλωμένη
1018 1296 1114 1366 9.,
1143 1313 1214 1351 ex
1244 1314 1362 1371 quo
1381 1283 1471 1351 οὖν
1491 1294 1744 1351 accessit.

222 1381 794 1461 καταδιεσπεκλωμένῃ
819 1383 1016 1441 ceteri.
1052 1382 1312 1460 ἄχρηστος
1343 1383 1413 1441 Θ.
1434 1416 1497 1428 -
1532 1400 1565 1437 a
1590 1381 1747 1456 lege-

222 1471 400 1530 batur
419 1469 684 1550 γινομένῃ.
715 1466 972 1548 γενομένη
997 1469 1070 1527 Θ.
1090 1504 1153 1517 -
1178 1469 1211 1524 3
1238 1467 1300 1526 τὸ
1323 1468 1581 1526 οπεκλοῦν
1605 1468 1748 1525 inci·

224 1561 314 1638 pit
327 1559 484 1617 aliud
512 1558 796 1629 scholion,
824 1556 982 1634 quod
1006 1556 1295 1633 excerpsit
1323 1555 1525 1614 Suidas
1544 1575 1587 1612 s.
1617 1557 1746 1614 Διε-

228 1643 602 1724 σπλεκωμένῃ.
628 1644 952 1722 Legebat-ur
977 1643 1039 1703 τὸ
1065 1641 1120 1702 δὲ
1147 1645 1426 1704 σπλεκοῦν.
1457 1641 1518 1702 τὸ
1535 1640 1746 1701 πλέκειν

229 1733 459 1792 Suidas.
489 1765 568 1777 —
599 1742 630 1801 4
662 1736 815 1788 τοῦτο
839 1729 1113 1807 σημαίνειν
1143 1731 1215 1789 Θ.
1246 1734 1337 1788 τοῦ
1361 1730 1749 1808 σημαινομένου

224 1821 448 1894 Suidas,
469 1819 624 1898 quod
644 1831 731 1878 est
751 1817 937 1876 τούτου
963 1841 1115 1894 σημ.,
1129 1831 1193 1875 ut
1211 1819 1421 1894 legitur
1439 1839 1481 1876 s.
1510 1821 1748 1879 Πλεκοῦν

226 1909 287 1967 in
329 1909 727 1966 additamento
767 1906 860 1965 ed.
894 1904 1150 1978 Mediol„
1190 1925 1307 1982 quo
1344 1919 1542 1965 carent
1583 1905 1751 1964 codd.

226 1997 403 2054 Paris.
433 2003 554 2052 Aet
597 1993 757 2052 Leid.
783 1998 964 2051 Dum.
994 2034 1047 2044 -
1093 1992 1126 2049 5
1155 1992 1346 2071 ὁμοίως
1385 1992 1604 2053 SuidaS.
1630 2031 1692 2049 -.
1714 1996 1750 2051 6

230 2081 313 2163 ἐφ’
330 2072 403 2139 ὧν
428 2101 544 2140 om.
565 2082 637 2140 Θ.
663 2077 929 2137 ἐνίσταται
953 2078 1172 2137 Suidas.
1191 2077 1376 2138 ἵστατο
1396 2079 1545 2138 libri.
1566 2079 1753 2140 «Ἐνί-

232 2191 422 2227 σταται
450 2168 552 2245 qui
578 2167 779 2226 Latine
798 2178 1130 2238 verterunt,
1158 2170 1381 2240 quando
1411 2183 1602 2243 aperte
1637 2172 1750 2225 ali-

231 2259 371 2331 quid
391 2258 573 2330 eloqui
590 2258 781 2330 pudor
801 2267 993 2326 vetat,
1021 2254 1364 2312 sententiam
1381 2298 1399 2327 ,
1428 2274 1601 2331 quam
1632 2256 1757 2333 ipsa

233 2364 326 2403 res
346 2356 552 2421 sponte
571 2341 931 2419 subjiciebat,
952 2343 1133 2419 magis
1156 2356 1290 2401 sunt
1312 2344 1568 2402 adsecuti
1583 2364 1756 2421 quam

231 2433 354 2490 vim
383 2430 690 2488 locutionis
713 2432 953 2488 Graecae:
987 2449 1149 2502 nam,
1174 2431 1222 2487 si
1254 2430 1426 2487 modo
1455 2450 1656 2488 sanum
1684 2431 1758 2488 sit

232 2519 375 2578 illud
403 2517 672 2577 ἐνίσταται
693 2560 710 2588 ,
738 2537 851 2574 non
884 2516 1059 2574 video
1088 2515 1189 2593 qni
1214 2518 1395 2595 possit
1417 2518 1586 2575 aliter
1606 2519 1755 2596 capi,

234 2619 409 2684 atque
429 2611 760 2681 reprimitur,
790 2603 1088 2672 cohibetur,
1132 2625 1241 2660 non
1269 2608 1591 2662 conceditur.
1642 2605 1758 2663 Εὗ-

233 2694 514 2776 θυρρήμων
544 2713 684 2752 vero
713 2692 858 2750 solet
888 2693 983 2750 ille
1006 2692 1237 2768 quidem
1270 2693 1547 2771 appellari
1574 2705 1634 2751 et
1659 2694 1759 2770 qui

233 2803 370 2841 vera
403 2783 662 2859 loquitur
686 2782 977 2852 animose,
1002 2794 1059 2839 et
1091 2782 1191 2858 qui
1221 2801 1342 2840 rem
1382 2784 1563 2859 ipsam
1598 2783 1759 2840 nullo

234 2873 484 2930 fucatam
503 2873 699 2928 colore
718 2870 974 2929 breviter
1001 2883 1061 2927 et
1085 2872 1206 2928 sine
1226 2870 1563 2947 ambagibus
1582 2890 1761 2927 enun-

233 2960 384 3031 ciat3
413 2959 600 3035 qualis
626 2957 1190 3015 Lacedaemoniorum
1226 2956 1420 3038 ἀφελὴς
1446 2956 1536 3014 καὶ
1577 2956 1762 3015 σύντο-

218 3067 333 3122 -μος
356 3042 754 3125 εὖθυρημοσύνη
796 3045 1142 3100 contrariam
1171 3042 1344 3101 habet
1366 3087 1382 3115 ‚
1412 3044 1567 3121 apud
1597 3048 1758 3102 Sext.

238 3132 455 3210 Empir.
485 3131 706 3212 Ἀντιρρ.
735 3150 791 3201 2,
822 3132 856 3206 §
886 3150 977 3202 αα,
1008 3128 1104 3201 τὴν
1133 3130 1398 3211 τερθρείαν
1420 3131 1515 3201 τὴν
1542 3134 1760 3212 ῥητορι-

236 3216 334 3287 κήν
356 3240 369 3254 ·
397 3230 454 3275 et
480 3217 794 3295 Sophocles
823 3217 978 3275 nulla
1006 3219 1343 3274 circuitione
1381 3238 1514 3276 usus
1538 3221 1761 3299 εὔθυρη-

239 3303 409 3382 μόνως
433 3303 649 3386 γράφει,
685 3316 825 3361 teste
843 3304 1019 3362 Clem.
1047 3306 1213 3364 Alex.
1235 3310 1449 3368 Strom.
1470 3310 1528 3380 5,
1550 3327 1605 3384 p.
1629 3327 1659 3378 7
1674 3307 1762 3379 16,

240 3399 297 3466 4,
323 3395 509 3463 matri,
534 3410 910 3468 quaecumque
937 3391 1053 3466 illa,
1071 3410 1245 3468 quam
1267 3392 1548 3470 designat,
1574 3394 1763 3465 fuerit,

238 3501 356 3538 non
384 3486 414 3539 J
419 3499 587 3537 ovem
613 3479 871 3536 intulisse
895 3490 1177 3559 stuprum,
1202 3492 1261 3538 at
1280 3482 1449 3558 plane
1473 3482 1764 3541 hominem

240 3567 583 3626 adulterum.
600 3566 713 3625 Sed
726 3566 1103 3647 εὐθυρρήμονες
1119 3580 1396 3645 praeterea
1412 3572 1764 3629 restrictior-e

240 3667 540 3733 potestate,
570 3655 671 3730 qui
696 3674 817 3712 rem
845 3666 1092 3732 turpem,
1114 3675 1356 3732 quaeque
1382 3670 1565 3715 castas
1597 3679 1764 3717 aures

240 3742 517 3818 offendat,
539 3742 708 3799 nullis
731 3742 1004 3800 orationis
1025 3743 1337 3801 involucris
1356 3742 1595 3801 obvelan
1605 3757 1643 3819 t,
1663 3765 1762 3803 ve-

241 3849 366 3888 rum
395 3828 849 3907 improbioribus
865 3829 1061 3888 verbis
1087 3849 1407 3908 parumque
1429 3834 1766 3893 verecundis

243 3916 507 3993 proferre
528 3934 645 3972 non
675 3916 970 3992 refugiunt
989 3958 1005 3984 ,
1026 3929 1092 3973 ut
1118 3918 1313 3992 Cynici
1335 3937 1593 3996 semper;
1616 3941 1766 3999 saepe

242 4004 439 4063 Stoici.
473 4002 650 4061 Clem.
682 4005 836 4060 Alex.
876 4009 1090 4062 Strom.
1127 4024 1160 4060 a
1182 4047 1200 4075 ,
1228 4027 1282 4082 p.
1315 4008 1464 4082 439,
1486 4008 1681 4068 Crates
1710 4012 1764 4068 ἐν

245 4091 422 4159 ἄλλοις
463 4089 826 4171 εὖθυρημόνως
870 4090 1094 4171 γράφει,
1143 4095 1237 4161 τῆς
1279 4094 1351 4158 εἰς
1387 4091 1455 4151 τὰ
1491 4096 1766 4176 ἀφροδίσια

241 4175 609 4258 ἀκατασχέτου
658 4182 826 4260 ὁρμῆς
891 4179 1251 4256 κατάπλασμα
1317 4169 1447 4238 εἶναι
1484 4181 1641 4258 λιμόν
1663 4206 1677 4220 ·
1723 4187 1766 4242 εἰ

244 4265 300 4326 δὲ
322 4266 398 4344 μὴ
417 4312 435 4345 ,
464 4266 672 4348 βρόχον.
701 4273 783 4326 Ea
806 4279 894 4325 est
925 4287 1122 4338 causa,
1155 4268 1527 4345 quamobrem
1567 4292 1602 4330 a
1631 4275 1766 4331 Pol-

243 4356 371 4413 luce
386 4355 704 4432 jungantur
720 4354 1213 4435 αἰσχρορρημοσύνη
1232 4355 1321 4414 καὶ
1344 4359 1766 4438 εὖθυρρημοσύνη

247 4461 303 4516 a,
334 4462 444 4518 129
464 4465 477 4499 ε
501 4462 686 4519 neque
700 4443 818 4519 jam
844 4442 1150 4500 obscurum
1171 4456 1275 4514 est,
1296 4444 1432 4520 quid
1452 4448 1767 4506 scholiastae

245 4535 319 4588 sit
345 4530 762 4610 εὖθυρρημονεῖν.
790 4530 1063 4588 Similiter
1080 4531 1235 4609 apud
1262 4531 1423 4591 Suid.
1464 4533 1522 4591 in
1562 4535 1767 4614 Εὗθυρ-

247 4616 428 4698 ρήμων
457 4615 636 4693 (quod
665 4616 721 4673 in
748 4616 1033 4691 Hesychio
1061 4637 1362 4697 perperam
1394 4619 1569 4679 scribi
1601 4622 1765 4681 arbi-

247 4717 405 4778 tror,
434 4705 809 4785 Εὐθυρρῆμος,
841 4704 1173 4784 ἐτυμολόγος)
1216 4709 1341 4767 talis
1369 4711 1576 4767 vetusti
1621 4711 1767 4769 scri-

246 4792 432 4871 ptoris
468 4792 630 4850 locus
676 4792 996 4869 promitur:
1026 4790 1111 4851 ὅτε
1149 4792 1291 4872 λέγει
1317 4794 1685 4877 Ἀριστοφάνης
1707 4797 1768 4857 τὸ

249 4883 391 4942 δεῖνα
409 4927 427 4957 ,
456 4880 519 4943 τὸ
539 4880 896 4963 ῥηθησόμενον
924 4882 1076 4955 ἀηδὲς
1094 4883 1360 4966 ἐκφεύγειν
1389 4883 1575 4952 εὐθέως
1595 4886 1768 4965 λέγει,

246 4966 335 5030 ἵνα
377 4967 453 5049 μὴ
499 4968 927 5052 εὖθυρρημονήσῃ
950 4994 964 5008 ·
1012 4971 1111 5031 ubi
1148 4975 1394 5050 primum
1416 5015 1433 5043 ,
1460 4975 1617 5051 quod
1645 4974 1768 5053 jam

3230 294 3343 346 605

1828 410 1954 479 θὲως
1971 413 2143 494 λέγειν
2158 459 2176 491 ,
2205 416 2512 495 perspicue
2532 415 2809 493 scriptum
2832 429 2919 475 est
2954 416 3016 474 in
3058 414 3188 477 cod.
3211 420 3347 488 LB.;

1829 500 2074 574 deinde,
2115 505 2160 562 si
2208 506 2335 582 quis
2379 506 2678 563 Comicum
2725 504 2893 562 adeat
2929 506 2988 562 in
3014 503 3264 564 Acharn.
3286 524 3345 563 v.

1839 609 1858 644 1
1877 593 2006 662 148,
2044 611 2162 649 non
2196 593 2441 670 amplius
2467 591 2756 651 dubitabit
2775 637 2791 663 ,
2817 593 2955 670 quin
2985 615 3058 652 ex
3095 594 3350 670 antiquis

1830 676 1903 733 ad
1928 698 2058 736 eum
2075 680 2262 736 locum
2293 680 2545 751 scholiis,
2575 700 2704 757 quae
2743 680 3161 741 interciderunt
3180 729 3199 761 ,
3228 683 3352 741 haec

1830 766 1946 822 sint
1989 765 2339 845 depromta:
2376 788 2532 826 nunc
2574 768 2714 826 nihil
2768 769 2923 828 aliud
2976 770 3352 843 adnotatum,

1832 873 2002 930 quam
2021 897 2036 923 ,
2064 854 2125 914 τὸ
2172 856 2312 913 δεῖνα
2332 899 2349 927 ,
2384 852 2621 915 τουτέστι
2656 854 2719 914 τὸ
2759 858 2951 916 αἰδοῖον
2978 859 3097 917 κατ’
3134 863 3357 941 εὐφημι-

1832 940 1982 1016 σμόν.
2001 944 2266 1019 Denique
2296 943 2453 1019 quod
2483 944 2844 1022 explicandae
2867 949 2996 1004 voci
3016 947 3354 1028 εὖθυρρήμων

1832 1028 2066 1087 additur
2091 1030 2165 1088 ab
2194 1031 2361 1089 initio
2397 1031 2697 1110 εὖθυλόγος,
2744 1052 2980 1109 prorsus
3021 1036 3210 1092 omisit
3241 1040 3360 1095 LB.

1834 1122 2014 1174 Porro
2033 1121 2149 1175 vim
2173 1120 2343 1196 paulo
2365 1119 2642 1178 laxiorem
2666 1122 2861 1196 posuit
2877 1123 2935 1178 in
2958 1122 3357 1202 εὖθυρρημονεῖν

1834 1209 1988 1263 Sext.
2013 1207 2237 1285 Empir.
2264 1228 2323 1285 p.
2349 1209 2481 1280 300,
2514 1206 2611 1266 ubi
2641 1206 2730 1271 τὰς
2770 1207 3089 1289 μεταλήψεις
3130 1213 3235 1268 τῶν
3261 1208 3358 1269 λέ·-

1835 1293 1961 1359 ξεων
1996 1294 2117 1352 fieri
2155 1307 2351 1353 monet
2385 1293 2503 1366 ἤτοι
2529 1292 2660 1373 ὑπὲρ
2699 1299 2791 1353 τοῦ
2841 1293 2915 1372 μὴ
2959 1296 3358 1377 εὔθυρημονεῖν,

1833 1378 2139 1458 προσκοπὴν
2169 1380 2411 1463 φέροντος
2429 1387 2523 1440 τοῦ
2551 1379 2723 1447 εὐθέος
2753 1382 3009 1461 ῥήματος,
3042 1382 3077 1453 ἢ
3113 1384 3241 1464 ὑπὲρ
3264 1390 3357 1444 τοῦ

1834 1489 1885 1524 τι
1908 1468 2227 1548 σαφηνίζειν.
2244 1469 2578 1527 Notandum
2594 1482 2700 1542 est,
2716 1470 2872 1546 quod
2896 1472 3079 1530 rarius
3099 1469 3359 1546 obvium,

1835 1554 1955 1613 εὐθὺ
1982 1560 2156 1637 ῥῆμα,
2199 1559 2501 1636 proprium
2542 1558 2889 1616 vocabulum
2932 1572 2989 1619 et
3034 1560 3360 1637 sincerum,

1837 1644 2109 1722 nullaque
2141 1647 2323 1722 figura
2359 1644 2652 1717 indutum,
2683 1645 2840 1722 quod
2860 1690 2877 1720 ,
2921 1647 2969 1705 si
2995 1645 3137 1724 quid
3166 1647 3360 1705 ofsen-

1837 1733 2017 1790 sionis
2071 1736 2290 1812 pariat,
2339 1734 2611 1791 translato
2656 1734 2979 1791 verecunde
3037 1746 3308 1796 mutatur.
3337 1762 3363 1788 ι

1839 1824 2056 1879 Ηιιιιετ.

1926 1910 2074 1966 1082
2100 1953 2118 1981 ‚
2172 1929 2241 1966 ια
2280 1906 2590 1986 σπέκλωμα.
2621 1913 2689 1967 In
2731 1910 2801 1968 Θ.
2828 1921 2961 1986 post
3004 1908 3264 1967 scholion
3303 1929 3360 1970 ν.

1847 1999 1995 2074 1093
2019 1997 2370 2075 adscriptum
2400 1996 2526 2055 ἔνιοι
2554 1994 2609 2054 δὲ
2637 1995 2791 2054 ποιὰν
2810 1995 2947 2063 λέξιν
2970 1997 3180 2075 λέγουσι
3211 2002 3367 2056 τοῦτο

1839 2082 2120 2162 γινομένην
2144 2086 2204 2143 ἐκ
2221 2088 2313 2155 τῆς
2331 2081 2496 2144 τύπου
2519 2106 2532 2120 ·
2559 2104 2687 2162 quae
2706 2082 2778 2140 ad
2802 2084 2956 2142 hunc
2987 2105 3037 2141 v.
3069 2085 3365 2143 reserenda

1842 2172 2145 2244 videntur,
2167 2173 2440 2230 correctis
2463 2172 2767 2249 postremis
2803 2169 2996 2228 verbis
3022 2172 3082 2229 ἐκ
3118 2178 3209 2230 τοῦ
3234 2170 3367 2230 κτύ-

1841 2283 1961 2318 που.
1992 2265 2172 2319 Dum.
2194 2260 2359 2318 Adde
2391 2271 2509 2317 not.
2537 2260 2607 2316 ad
2633 2280 2683 2316 v.
2723 2259 2888 2334 1093,
2919 2268 2971 2325 4.

1935 2350 2080 2406 1083
2106 2391 2122 2419 ‚
2173 2368 2247 2405 20
2275 2368 2360 2425 sq.
2405 2345 2518 2405 δέον
2564 2348 2728 2404 εἰπεῖν
2764 2346 2966 2425 ἀνδρῶν
2986 2391 3001 2415 ,
3047 2346 3178 2404 ἐτῶν
3227 2336 3369 2419 εἶπε,

1845 2436 2104 2495 σκώπτων
2130 2435 2257 2494 Ald.
2288 2474 2352 2484 —
2377 2454 2450 2491 αα
2480 2435 2705 2491 πολιτῶν
2735 2434 2982 2512 pertinet
3014 2434 3085 2491 ad
3117 2435 3274 2505 ἐτῶν,
3317 2435 3368 2493 si

1845 2523 2166 2581 deducatur
2192 2522 2265 2580 ab
2297 2520 2415 2593 ἔτης
2433 2564 2448 2591 ,
2480 2518 2620 2592 ἔται,
2643 2541 2790 2599 quos
2816 2534 3041 2579 veteres
3068 2521 3222 2598 apud
3247 2524 3369 2578 Ho-

1847 2631 2066 2669 merum
2098 2611 2248 2668 inter
2271 2610 2382 2668 alia
2405 2629 2637 2686 quoque
2654 2608 2869 2674 πολίτας
2896 2621 3193 2684 exponunt
3217 2631 3230 2665 ε
3253 2613 3369 2667 He-

1847 2700 2005 2776 sych.
2027 2698 2084 2755 in
2107 2718 2163 2754 v.
2185 2709 2243 2755 et
2263 2692 2511 2769 Ξυνέται,
2541 2697 2880 2769 συμπολῖται.
2902 2684 2983 2753 Ὦ
3009 2692 3120 2766 ἔτα,
3148 2696 3368 2753 πολῖτα·

1847 2807 1976 2865 quae
1996 2785 2164 2863 paulu
2182 2783 2435 2841 deterius
2451 2782 2508 2839 in
2524 2801 2594 2839 eo
2613 2783 2828 2858 scripta
2843 2781 3120 2842 offendes,
3141 2786 3365 2842 Hans-r.

1936 2874 2107 2930 1085.
2141 2876 2267 2929 Hoc
2290 2871 2549 2928 scholion
2569 2870 2855 2947 excerpsit
2874 2870 3075 2927 Suidas
3095 2889 3139 2926 ε.
3168 2871 3371 2928 Συνεκ-

1848 2960 1994 3020 not?
2018 2957 2148 3017 ἐστί·
2173 2983 2197 3009 α
2221 2964 2365 3030 Quae
2392 2969 2557 3015 vetus
2588 2970 2884 3015 enarrator
2902 2956 2975 3014 de
3015 2956 3233 3033 duplici
3260 2977 3370 3015 usu

1847 3052 1942 3117 τῆς
1967 3044 2151 3127 τρυγὸς
2171 3055 2330 3101 notat
2349 3055 2407 3101 et
2433 3056 2679 3102 mustum
2708 3056 2765 3100 et
2795 3045 2959 3102 faeces
2979 3045 3370 3120 significantis,

1847 3155 1881 3192 a
1905 3134 2109 3191 ceteris
2144 3131 2342 3189 itidem
2382 3132 2767 3208 grammaticis
2803 3131 3217 3189 observantur:
3249 3134 3371 3192 He-

1849 3222 2004 3297 sych.
2034 3221 2093 3278 in
2139 3214 2325 3297 Τρύγα
2364 3230 2423 3275 et
2461 3216 2635 3296 Τρύξ,
2670 3219 2849 3277 schol.
2887 3219 3132 3277 Theocr.
3168 3240 3221 3291 7,
3267 3241 3370 3293 70,

1852 3309 2011 3368 Suid.
2043 3307 2101 3364 in
2130 3305 2335 3389 Τρυγὸς
2369 3304 2644 3382 γλυκείας,
2677 3305 2833 3382 quod
2869 3305 2943 3363 ab
2984 3306 3370 3383 Aristophane

1851 3409 2101 3454 sumtum
2141 3395 2197 3450 in
2227 3397 2351 3451 Pac.
2391 3413 2446 3450 v.
2490 3392 2602 3464 575
2634 3414 2648 3447 z
2675 3391 2841 3473 τρύγα
2874 3392 2975 3471 γὰρ
3005 3392 3095 3450 καὶ
3135 3391 3224 3451 τὸν
3259 3390 3371 3452 νέον

1850 3476 1986 3544 οἶνον
2034 3480 2252 3541 ἐκάλουν
2293 3478 2383 3538 καὶ
2425 3477 2521 3551 τὴν
2565 3479 2924 3555 ὑποστάθμην.
2959 3483 3146 3538 Faeces
3182 3493 3373 3538 autem

1852 3573 2047 3632 Attico
2072 3587 2231 3627 more
2271 3566 2437 3647 τρύγα
2479 3567 2622 3640 dici,
2655 3567 2744 3624 vel
2785 3564 3157 3642 ὑποστάθμην,
3201 3588 3373 3646 quam

1851 3681 1975 3719 esse
2042 3661 2144 3737 qui
2209 3659 2398 3715 minus
2449 3668 2607 3713 recte
2657 3650 2767 3712 ἰλὺν
2813 3655 3132 3733 appellent,
3179 3669 3375 3714 monet

1852 3747 2154 3823 Phrynich.
2179 3767 2240 3825 p.
2274 3764 2342 3801 ια
2363 3789 2380 3820 ,
2409 3744 2508 3820 qui
2555 3756 2740 3800 tamen
2772 3762 2977 3800 vereor
3015 3755 3081 3800 ut
3110 3742 3376 3801 admittat

1851 3838 2124 3896 a‘l'homa
2161 3834 2462 3910 Magistro,
2511 3851 2690 3906 quum
2727 3843 3080 3908 praeceptum
3111 3829 3233 3906 ejus
3264 3831 3372 3887 de-

1853 3925 2149 3996 scriberet,
2177 3921 2429 3980 additam
2455 3916 2759 3977 ὓπόστασιν·
2788 3919 2914 3994 pari
2922 3918 3056 3995 jure
3071 3918 3374 3976 damnetur

1853 4015 2074 4083 rarius,
2107 4022 2163 4067 et
2184 4008 2516 4067 adnotatum
2559 4005 2633 4063 ab
2661 4004 2947 4081 Hesychio
2990 4002 3334 4062 vocabulum
3353 4047 3372 4078 ,

1852 4095 2295 4180 Ὺποὸορὸόριον,
2324 4100 2359 4166 ἡ
2401 4090 2542 4172 τρύξ.
2570 4092 2933 4170 Moschopul.
2971 4091 3106 4173 Περὶ
3136 4092 3282 4171 σχεδ.
3319 4113 3372 4169 p,

1854 4208 1930 4265 92
1955 4210 1967 4244 ε
1995 4182 2136 4266 Τρὺξ
2150 4228 2166 4255 ,
2187 4182 2249 4242 τὸ
2272 4180 2466 4247 ὑλῶδες
2486 4186 2577 4239 τοῦ
2599 4178 2740 4237 οἴνου
2755 4223 2772 4251 ,
2804 4178 2919 4250 ἥτις
2941 4178 3032 4237 καὶ
3059 4178 3371 4256 ὑποστάθμη

1852 4273 2091 4354 λέγεται,
2112 4270 2202 4329 καὶ
2227 4268 2454 4350 τρυγίας.
2482 4294 2506 4320 ν
2537 4273 2757 4327 Ηῃιετ.
3365 4319 3374 4326 ,

1944 4362 2088 4433 1087
2120 4378 2238 4416 om.
2264 4363 2336 4414 G.
2361 4398 2424 4408 -
2452 4356 2523 4424 34
2554 4350 3031 4433 ἤγουν-χρήματα
3055 4371 3170 4409 om.
3203 4359 3373 4415 Dorv.

1944 4468 2121 4525 1092,
2168 4456 2238 4516 47
2278 4441 2498 4511 ὑπὸτῆς
2533 4443 2604 4502 Θ.
2643 4439 2801 4521 φησὶν
2835 4439 2916 4498 ὅτι
2948 4441 3044 4498 οὐκ
3081 4439 3287 4498 ἰάσεταί
3317 4461 3374 4497 σε

1855 4545 1926 4598 R.
1947 4576 2012 4588 -.
2040 4544 2116 4611 49
2144 4551 2419 4612 perversa
2446 4529 2577 4588 cod.
2615 4534 2723 4587 LB.
2763 4529 3161 4606 interpretatio
3191 4546 3263 4584 ex
3304 4547 3375 4585 eo

1857 4624 2140 4694 manavit,
2161 4621 2315 4700 quod
2341 4622 2402 4679 in
2429 4619 2540 4677 hoc
2565 4616 2717 4675 libro
2736 4635 2842 4693 per
2868 4633 3123 4673 errorem
3142 4635 3196 4674 v.
3229 4633 3374 4689 1090

1847 4712 2048 4794 juveni
2080 4711 2154 4769 sit
2182 4709 2455 4780 tributus,
2473 4726 2607 4784 pars
2630 4704 2918 4782 sequentis
2933 4704 3143 4760 vetulae
3166 4725 3181 4760 z
3211 4721 3372 4759 ema—

1855 4803 2041 4862 culata
2073 4796 2433 4878 postmodum
2460 4795 2566 4853 hac
2599 4791 2727 4852 labe
2754 4790 3038 4850 scholium
3070 4802 3258 4848 tamen
3286 4790 3367 4846 in·

1857 4899 2069 4946 tactum
2102 4885 2391 4945 remansit.
2413 4881 2636 4941 H'nusr.

1944 4977 2112 5050 1093,
2144 4974 2217 5030 52
2252 4970 2368 5032 ἀντὶ
2407 4976 2496 5028 τοῦ·
2525 4990 2639 5028 om.
2677 4970 2748 5030 Θ.
2793 4956 2898 5024 οἷον
2932 4968 3021 5035 ἠσ.
3047 4963 3168 5022 Ald.
3211 4962 3376 5036 ἠσέλ-

249 5071 380 5117 ante
416 5058 791 5135 conjectando
825 5062 1339 5141 pervestigaveram
1355 5106 1372 5136 ,
1409 5060 1646 5140 ἐκφεύγει
1668 5068 1761 5123 εὖ·
1855 5084 2034 5142 γαινον
2048 5067 2118 5120 V.
2137 5087 2161 5113 α
2187 5066 2408 5120 Partem
2432 5059 2636 5118 Suidas
2658 5056 2820 5116 dedit
2833 5055 2896 5114 in
2921 5054 3149 5113 Πιττοῦν
3172 5074 3186 5090 ·
3210 5052 3376 5111 scho—
