<?xml version="1.0" encoding="UTF-8"?>
<!DOCTYPE html PUBLIC "-//W3C//DTD XHTML 1.0 Transitional//EN"
    "http://www.w3.org/TR/xhtml1/DTD/xhtml1-transitional.dtd">
<html xmlns="http://www.w3.org/1999/xhtml" xml:lang="en" lang="en">
 <head>
  <title>
</title>
<meta http-equiv="Content-Type" content="text/html;charset=utf-8" />
  <meta name='ocr-system' content='tesseract 3.04.00' />
  <meta name='ocr-capabilities' content='ocr_page ocr_carea ocr_par ocr_line ocrx_word'/>
</head>
<body>
  <div class='ocr_page' id='page_1' title='image "./scholiagraecain02dbgoog_0598.png"; bbox 0 0 3859 5725; ppageno 0'>
   <div class='ocr_carea' id='block_1_1' title="bbox 486 277 602 332">
    <p class='ocr_par' dir='ltr' id='par_1_1' title="bbox 486 277 602 332">
     <span class='ocr_line' id='line_1_1' title="bbox 486 277 602 332; baseline 0 -1"><span class='ocrx_word' id='word_1_1' title='bbox 486 277 602 332; x_wconf 75' lang='lat'>582</span> 
     </span>
    </p>
   </div>
   <div class='ocr_carea' id='block_1_2' title="bbox 483 391 2053 5143">
    <p class='ocr_par' dir='ltr' id='par_1_2' title="bbox 483 391 2017 564">
     <span class='ocr_line' id='line_1_2' title="bbox 570 391 2017 472; baseline -0.004 -16"><span class='ocrx_word' id='word_1_2' title='bbox 570 417 715 470; x_wconf 85' lang='lat'><strong>¹0¹7</strong></span> <span class='ocrx_word' id='word_1_3' title='bbox 748 393 883 455; x_wconf 69' lang='grc' dir='ltr'>Ἀντὶ</span> <span class='ocrx_word' id='word_1_4' title='bbox 908 399 998 453; x_wconf 76' lang='grc' dir='ltr'>τοῦ</span> <span class='ocrx_word' id='word_1_5' title='bbox 1030 392 1287 472; x_wconf 78' lang='grc' dir='ltr'>μεγάλους</span> <span class='ocrx_word' id='word_1_6' title='bbox 1318 393 1372 450; x_wconf 85' lang='lat' dir='ltr'>iu</span> <span class='ocrx_word' id='word_1_7' title='bbox 1420 393 1531 452; x_wconf 85' lang='lat' dir='ltr'>fine</span> <span class='ocrx_word' id='word_1_8' title='bbox 1563 393 1762 453; x_wconf 86' lang='lat' dir='ltr'>scholii</span> <span class='ocrx_word' id='word_1_9' title='bbox 1787 396 1891 465; x_wconf 90' lang='lat' dir='ltr'>V.,</span> <span class='ocrx_word' id='word_1_10' title='bbox 1916 391 2017 469; x_wconf 87' lang='lat' dir='ltr'>qui</span> 
     </span>
     <span class='ocr_line' id='line_1_3' title="bbox 483 490 769 564; baseline -0.021 -17"><span class='ocrx_word' id='word_1_11' title='bbox 483 490 544 547; x_wconf 74' lang='grc' dir='ltr'>ἐκ</span> <span class='ocrx_word' id='word_1_12' title='bbox 575 508 708 564; x_wconf 85' lang='grc' dir='ltr'>μετα</span> <span class='ocrx_word' id='word_1_13' title='bbox 757 529 769 541; x_wconf 93' lang='grc'>.</span> 
     </span>
    </p>

    <p class='ocr_par' dir='ltr' id='par_1_3' title="bbox 485 507 2016 738">
     <span class='ocr_line' id='line_1_4' title="bbox 572 507 2016 651; baseline -0.006 -19"><span class='ocrx_word' id='word_1_14' title='bbox 572 594 675 632; x_wconf 76' lang='lat' dir='ltr'>roa</span> <span class='ocrx_word' id='word_1_15' title='bbox 690 507 748 650; x_wconf 59' lang='grc' dir='ltr'>ιῗ</span> <span class='ocrx_word' id='word_1_16' title='bbox 775 574 847 632; x_wconf 91' lang='grc' dir='ltr'>3ο</span> <span class='ocrx_word' id='word_1_17' title='bbox 877 569 1144 651; x_wconf 80' lang='grc' dir='ltr'>προτέρως</span> <span class='ocrx_word' id='word_1_18' title='bbox 1177 575 1245 628; x_wconf 93' lang='lat' dir='ltr'>V.</span> <span class='ocrx_word' id='word_1_19' title='bbox 1292 568 1493 627; x_wconf 71' lang='lat' dir='ltr'>AM.-</span> <span class='ocrx_word' id='word_1_20' title='bbox 1519 571 1589 628; x_wconf 84' lang='lat'>31</span> <span class='ocrx_word' id='word_1_21' title='bbox 1639 567 1925 651; x_wconf 77' lang='grc' dir='ltr'>ἀκρῖὅωσις</span> <span class='ocrx_word' id='word_1_22' title='bbox 1951 571 2016 625; x_wconf 89' lang='lat' dir='ltr'>V.</span> 
     </span>
     <span class='ocr_line' id='line_1_5' title="bbox 485 657 1341 738; baseline -0.012 -15"><span class='ocrx_word' id='word_1_23' title='bbox 485 664 620 723; x_wconf 76' lang='lat' dir='ltr'>Ald.</span> <span class='ocrx_word' id='word_1_24' title='bbox 643 705 704 716; x_wconf 90' lang='grc'>-</span> <span class='ocrx_word' id='word_1_25' title='bbox 727 663 800 720; x_wconf 85' lang='grc'>32</span> <span class='ocrx_word' id='word_1_26' title='bbox 823 657 1240 738; x_wconf 76' lang='grc' dir='ltr'>ἄπελλέγχουσιν</span> <span class='ocrx_word' id='word_1_27' title='bbox 1275 663 1341 714; x_wconf 91' lang='lat' dir='ltr'>R.</span> 
     </span>
    </p>

    <p class='ocr_par' dir='ltr' id='par_1_4' title="bbox 575 746 1198 822">
     <span class='ocr_line' id='line_1_6' title="bbox 575 746 1198 822; baseline -0.008 -13"><span class='ocrx_word' id='word_1_28' title='bbox 575 750 746 822; x_wconf 77' lang='lat'><strong>1025,</strong></span> <span class='ocrx_word' id='word_1_29' title='bbox 773 757 837 817; x_wconf 89' lang='grc' dir='ltr'>4ι</span> <span class='ocrx_word' id='word_1_30' title='bbox 877 747 1099 807; x_wconf 72' lang='grc' dir='ltr'>ἰνταῧθα</span> <span class='ocrx_word' id='word_1_31' title='bbox 1129 746 1198 804; x_wconf 89' lang='grc' dir='ltr'>Θ.</span> 
     </span>
    </p>

    <p class='ocr_par' dir='ltr' id='par_1_5' title="bbox 488 829 2018 987">
     <span class='ocr_line' id='line_1_7' title="bbox 575 829 2018 911; baseline -0.004 -15"><span class='ocrx_word' id='word_1_32' title='bbox 575 839 723 898; x_wconf 78' lang='lat'><strong>1026</strong></span> <span class='ocrx_word' id='word_1_33' title='bbox 760 836 832 907; x_wconf 85' lang='grc'>43</span> <span class='ocrx_word' id='word_1_34' title='bbox 862 833 918 895; x_wconf 70' lang='grc' dir='ltr'>δὲ</span> <span class='ocrx_word' id='word_1_35' title='bbox 950 854 1063 893; x_wconf 92' lang='lat' dir='ltr'>om.</span> <span class='ocrx_word' id='word_1_36' title='bbox 1088 838 1157 890; x_wconf 91' lang='lat' dir='ltr'>V.</span> <span class='ocrx_word' id='word_1_37' title='bbox 1176 838 1337 900; x_wconf 86' lang='grc'>-44</span> <span class='ocrx_word' id='word_1_38' title='bbox 1365 829 1426 889; x_wconf 82' lang='grc' dir='ltr'>τὸ</span> <span class='ocrx_word' id='word_1_39' title='bbox 1453 829 1634 890; x_wconf 71' lang='lat' dir='ltr'>xoelV.</span> <span class='ocrx_word' id='word_1_40' title='bbox 1675 833 1750 911; x_wconf 81' lang='grc' dir='ltr'>τῷ</span> <span class='ocrx_word' id='word_1_41' title='bbox 1790 850 1901 890; x_wconf 91' lang='lat' dir='ltr'>om.</span> <span class='ocrx_word' id='word_1_42' title='bbox 1946 832 2018 890; x_wconf 91' lang='grc' dir='ltr'>Θ.</span> 
     </span>
     <span class='ocr_line' id='line_1_8' title="bbox 488 923 1063 1009; baseline -0.011 -22"><span class='ocrx_word' id='word_1_43' title='bbox 488 930 565 1009; x_wconf 77' lang='grc' dir='ltr'>τῷ</span> <span class='ocrx_word' id='word_1_44' title='bbox 593 923 728 985; x_wconf 78' lang='grc' dir='ltr'>κατὰ</span> <span class='ocrx_word' id='word_1_45' title='bbox 755 929 908 983; x_wconf 78' lang='grc' dir='ltr'>τοῦτο</span> <span class='ocrx_word' id='word_1_46' title='bbox 935 923 1063 983; x_wconf 81' lang='lat' dir='ltr'>Ald.</span> 
     </span>
    </p>

    <p class='ocr_par' dir='ltr' id='par_1_6' title="bbox 488 1002 2033 2061">
     <span class='ocr_line' id='line_1_9' title="bbox 580 1002 2022 1090; baseline -0.007 -17"><span class='ocrx_word' id='word_1_47' title='bbox 580 1016 748 1086; x_wconf 80' lang='grc'><strong>1028,</strong></span> <span class='ocrx_word' id='word_1_48' title='bbox 771 1015 843 1083; x_wconf 86' lang='grc'>48</span> <span class='ocrx_word' id='word_1_49' title='bbox 871 1015 1028 1083; x_wconf 82' lang='grc' dir='ltr'>ἰαυοῖ,</span> <span class='ocrx_word' id='word_1_50' title='bbox 1054 1009 1086 1067; x_wconf 78' lang='grc' dir='ltr'>ὅ</span> <span class='ocrx_word' id='word_1_51' title='bbox 1104 1010 1244 1068; x_wconf 80' lang='grc' dir='ltr'>ἐστιν</span> <span class='ocrx_word' id='word_1_52' title='bbox 1273 1008 1590 1090; x_wconf 73' lang='grc' dir='ltr'>ἐπιφώνημα</span> <span class='ocrx_word' id='word_1_53' title='bbox 1621 1007 1748 1087; x_wconf 85' lang='grc' dir='ltr'>πρὸς</span> <span class='ocrx_word' id='word_1_54' title='bbox 1773 1004 1862 1065; x_wconf 77' lang='grc' dir='ltr'>τὸν</span> <span class='ocrx_word' id='word_1_55' title='bbox 1892 1002 2022 1064; x_wconf 89' lang='grc' dir='ltr'>Διό-</span> 
     </span>
     <span class='ocr_line' id='line_1_10' title="bbox 488 1092 2026 1180; baseline -0.008 -18"><span class='ocrx_word' id='word_1_56' title='bbox 488 1124 643 1162; x_wconf 86' lang='grc' dir='ltr'>νυσον</span> <span class='ocrx_word' id='word_1_57' title='bbox 662 1102 941 1180; x_wconf 86' lang='grc' dir='ltr'>λεγόμενον</span> <span class='ocrx_word' id='word_1_58' title='bbox 964 1105 1132 1179; x_wconf 76' lang='grc' dir='ltr'>χαρᾶς</span> <span class='ocrx_word' id='word_1_59' title='bbox 1153 1094 1469 1168; x_wconf 74' lang='grc' dir='ltr'>ἐπελθούσης</span> <span class='ocrx_word' id='word_1_60' title='bbox 1489 1096 1619 1156; x_wconf 82' lang='lat' dir='ltr'>Ald.</span> <span class='ocrx_word' id='word_1_61' title='bbox 1626 1093 1825 1174; x_wconf 91' lang='lat' dir='ltr'>,quod</span> <span class='ocrx_word' id='word_1_62' title='bbox 1849 1092 2026 1152; x_wconf 83' lang='lat' dir='ltr'>habet</span> 
     </span>
     <span class='ocr_line' id='line_1_11' title="bbox 491 1180 2028 1267; baseline -0.007 -17"><span class='ocrx_word' id='word_1_63' title='bbox 491 1195 714 1267; x_wconf 85' lang='lat' dir='ltr'>Reg.--</span> <span class='ocrx_word' id='word_1_64' title='bbox 738 1198 813 1266; x_wconf 87' lang='grc'>49</span> <span class='ocrx_word' id='word_1_65' title='bbox 839 1187 1137 1247; x_wconf 76' lang='grc' dir='ltr'>ὑπόκεινται</span> <span class='ocrx_word' id='word_1_66' title='bbox 1155 1185 1288 1244; x_wconf 86' lang='lat' dir='ltr'>libri</span> <span class='ocrx_word' id='word_1_67' title='bbox 1317 1197 1527 1265; x_wconf 84' lang='lat' dir='ltr'>praeter</span> <span class='ocrx_word' id='word_1_68' title='bbox 1551 1190 1621 1245; x_wconf 89' lang='lat' dir='ltr'>R.</span> <span class='ocrx_word' id='word_1_69' title='bbox 1642 1222 1705 1236; x_wconf 87' lang='lat'>--</span> <span class='ocrx_word' id='word_1_70' title='bbox 1728 1185 1801 1253; x_wconf 81' lang='grc'>64</span> <span class='ocrx_word' id='word_1_71' title='bbox 1832 1180 1886 1241; x_wconf 77' lang='grc' dir='ltr'>δὲ</span> <span class='ocrx_word' id='word_1_72' title='bbox 1919 1189 2028 1247; x_wconf 87' lang='grc' dir='ltr'>τοῖς</span> 
     </span>
     <span class='ocr_line' id='line_1_12' title="bbox 493 1271 2026 1353; baseline -0.007 -15"><span class='ocrx_word' id='word_1_73' title='bbox 493 1281 564 1338; x_wconf 97' lang='grc' dir='ltr'>Θ.</span> <span class='ocrx_word' id='word_1_74' title='bbox 581 1287 673 1346; x_wconf 87' lang='grc'>-4</span> <span class='ocrx_word' id='word_1_75' title='bbox 693 1273 869 1342; x_wconf 78' lang='grc' dir='ltr'>διττὰς</span> <span class='ocrx_word' id='word_1_76' title='bbox 881 1272 1149 1353; x_wconf 70' lang='grc' dir='ltr'>γεγονέναι</span> <span class='ocrx_word' id='word_1_77' title='bbox 1167 1273 1261 1339; x_wconf 78' lang='grc' dir='ltr'>τὰς</span> <span class='ocrx_word' id='word_1_78' title='bbox 1281 1271 1517 1339; x_wconf 74' lang='grc' dir='ltr'>καθίσεις</span> <span class='ocrx_word' id='word_1_79' title='bbox 1534 1271 1836 1333; x_wconf 80' lang='lat' dir='ltr'>Dobraeus.</span> <span class='ocrx_word' id='word_1_80' title='bbox 1852 1271 2026 1329; x_wconf 90' lang='grc' dir='ltr'>διττου</span> 
     </span>
     <span class='ocr_line' id='line_1_13' title="bbox 493 1357 2029 1446; baseline -0.008 -20"><span class='ocrx_word' id='word_1_81' title='bbox 493 1364 762 1446; x_wconf 80' lang='grc' dir='ltr'>γεγονέναι</span> <span class='ocrx_word' id='word_1_82' title='bbox 784 1368 876 1423; x_wconf 76' lang='grc' dir='ltr'>τοῦ</span> <span class='ocrx_word' id='word_1_83' title='bbox 899 1361 1126 1422; x_wconf 79' lang='grc' dir='ltr'>Θανάτου</span> <span class='ocrx_word' id='word_1_84' title='bbox 1164 1361 1317 1421; x_wconf 83' lang='lat' dir='ltr'><strong>libri.</strong></span> <span class='ocrx_word' id='word_1_85' title='bbox 1344 1366 1609 1421; x_wconf 81' lang='lat' dir='ltr'><strong>Fortasse</strong></span> <span class='ocrx_word' id='word_1_86' title='bbox 1655 1363 1821 1439; x_wconf 82' lang='lat' dir='ltr'>plura</span> <span class='ocrx_word' id='word_1_87' title='bbox 1850 1357 2029 1418; x_wconf 85' lang='lat' dir='ltr'>verba</span> 
     </span>
     <span class='ocr_line' id='line_1_14' title="bbox 494 1446 2030 1528; baseline -0.007 -16"><span class='ocrx_word' id='word_1_88' title='bbox 494 1453 862 1523; x_wconf 84' lang='lat' dir='ltr'>exciderunt,</span> <span class='ocrx_word' id='word_1_89' title='bbox 890 1451 952 1508; x_wconf 90' lang='lat' dir='ltr'>in</span> <span class='ocrx_word' id='word_1_90' title='bbox 983 1448 1195 1528; x_wconf 87' lang='lat' dir='ltr'>quibus</span> <span class='ocrx_word' id='word_1_91' title='bbox 1233 1450 1450 1508; x_wconf 88' lang='lat' dir='ltr'>mentio</span> <span class='ocrx_word' id='word_1_92' title='bbox 1483 1469 1605 1509; x_wconf 89' lang='lat' dir='ltr'>esse</span> <span class='ocrx_word' id='word_1_93' title='bbox 1646 1450 1795 1507; x_wconf 84' lang='lat' dir='ltr'>facta</span> <span class='ocrx_word' id='word_1_94' title='bbox 1839 1446 2030 1526; x_wconf 86' lang='lat' dir='ltr'>potuit</span> 
     </span>
     <span class='ocr_line' id='line_1_15' title="bbox 492 1535 2031 1620; baseline -0.006 -19"><span class='ocrx_word' id='word_1_95' title='bbox 492 1546 588 1601; x_wconf 79' lang='grc' dir='ltr'>τοῦ</span> <span class='ocrx_word' id='word_1_96' title='bbox 611 1540 832 1600; x_wconf 79' lang='grc' dir='ltr'>θανᾶτου</span> <span class='ocrx_word' id='word_1_97' title='bbox 859 1536 1098 1620; x_wconf 78' lang='grc' dir='ltr'>Δαρείου.</span> <span class='ocrx_word' id='word_1_98' title='bbox 1136 1541 1391 1595; x_wconf 55' lang='lat' dir='ltr'>Duum-</span> <span class='ocrx_word' id='word_1_99' title='bbox 1418 1558 1486 1596; x_wconf 95' lang='grc' dir='ltr'><strong>ιο</strong></span> <span class='ocrx_word' id='word_1_100' title='bbox 1514 1535 1769 1604; x_wconf 71' lang='grc' dir='ltr'>καθίσεις.</span> <span class='ocrx_word' id='word_1_101' title='bbox 1813 1540 2031 1596; x_wconf 81' lang='lat' dir='ltr'>Casan-</span> 
     </span>
     <span class='ocr_line' id='line_1_16' title="bbox 494 1623 2029 1703; baseline -0.005 -13"><span class='ocrx_word' id='word_1_102' title='bbox 494 1630 687 1690; x_wconf 87' lang='lat' dir='ltr'>bonus</span> <span class='ocrx_word' id='word_1_103' title='bbox 719 1627 793 1686; x_wconf 86' lang='lat' dir='ltr'>ad</span> <span class='ocrx_word' id='word_1_104' title='bbox 842 1626 1103 1686; x_wconf 81' lang='lat' dir='ltr'>Athenaei</span> <span class='ocrx_word' id='word_1_105' title='bbox 1141 1625 1198 1696; x_wconf 80' lang='lat'>6,</span> <span class='ocrx_word' id='word_1_106' title='bbox 1242 1645 1302 1703; x_wconf 88' lang='lat' dir='ltr'>p.</span> <span class='ocrx_word' id='word_1_107' title='bbox 1341 1627 1480 1698; x_wconf 82' lang='grc'><strong>235,</strong></span> <span class='ocrx_word' id='word_1_108' title='bbox 1512 1629 1578 1684; x_wconf 94' lang='grc' dir='ltr'>Ε.</span> <span class='ocrx_word' id='word_1_109' title='bbox 1622 1623 1923 1690; x_wconf 81' lang='grc' dir='ltr'>καταθέσεις</span> <span class='ocrx_word' id='word_1_110' title='bbox 1962 1628 2029 1682; x_wconf 97' lang='lat' dir='ltr'>V.</span> 
     </span>
     <span class='ocr_line' id='line_1_17' title="bbox 496 1711 2033 1793; baseline -0.005 -18"><span class='ocrx_word' id='word_1_111' title='bbox 496 1716 660 1781; x_wconf 72' lang='grc' dir='ltr'>θέσεις</span> <span class='ocrx_word' id='word_1_112' title='bbox 687 1715 955 1774; x_wconf 84' lang='lat' dir='ltr'>ceteri.-</span> <span class='ocrx_word' id='word_1_113' title='bbox 983 1733 1049 1770; x_wconf 88' lang='grc' dir='ltr'>ι2</span> <span class='ocrx_word' id='word_1_114' title='bbox 1071 1711 1380 1772; x_wconf 89' lang='lat' dir='ltr'>delendum</span> <span class='ocrx_word' id='word_1_115' title='bbox 1400 1711 1646 1793; x_wconf 80' lang='grc' dir='ltr'>Δαρείου.</span> <span class='ocrx_word' id='word_1_116' title='bbox 1675 1717 1821 1771; x_wconf 88' lang='lat' dir='ltr'>Nam</span> <span class='ocrx_word' id='word_1_117' title='bbox 1845 1730 2033 1790; x_wconf 86' lang='lat' dir='ltr'>gram-</span> 
     </span>
     <span class='ocr_line' id='line_1_18' title="bbox 499 1797 2030 1882; baseline -0.005 -18"><span class='ocrx_word' id='word_1_118' title='bbox 499 1804 692 1864; x_wconf 84' lang='lat' dir='ltr'>matici</span> <span class='ocrx_word' id='word_1_119' title='bbox 739 1803 824 1862; x_wconf 93' lang='lat' dir='ltr'>illi</span> <span class='ocrx_word' id='word_1_120' title='bbox 875 1800 1139 1880; x_wconf 84' lang='lat' dir='ltr'>legebant</span> <span class='ocrx_word' id='word_1_121' title='bbox 1171 1800 1290 1882; x_wconf 77' lang='grc' dir='ltr'>περὶ</span> <span class='ocrx_word' id='word_1_122' title='bbox 1336 1804 1431 1858; x_wconf 78' lang='grc' dir='ltr'>τοῦ</span> <span class='ocrx_word' id='word_1_123' title='bbox 1485 1797 1688 1880; x_wconf 74' lang='grc' dir='ltr'>Ξέρξου</span> <span class='ocrx_word' id='word_1_124' title='bbox 1735 1802 2030 1865; x_wconf 81' lang='grc' dir='ltr'>τεθνεῶτος.</span> 
     </span>
     <span class='ocr_line' id='line_1_19' title="bbox 497 1887 2030 1957; baseline -0.003 -6"><span class='ocrx_word' id='word_1_125' title='bbox 497 1901 674 1952; x_wconf 79' lang='lat' dir='ltr'>Dum.</span> <span class='ocrx_word' id='word_1_126' title='bbox 697 1929 761 1943; x_wconf 89' lang='lat'>-</span> <span class='ocrx_word' id='word_1_127' title='bbox 791 1900 858 1957; x_wconf 87' lang='grc' dir='ltr'>ι4</span> <span class='ocrx_word' id='word_1_128' title='bbox 905 1887 995 1948; x_wconf 77' lang='grc' dir='ltr'>καὶ</span> <span class='ocrx_word' id='word_1_129' title='bbox 1034 1888 1148 1947; x_wconf 79' lang='grc' dir='ltr'>ἔστι</span> <span class='ocrx_word' id='word_1_130' title='bbox 1170 1891 1199 1948; x_wconf 79' lang='grc' dir='ltr'><strong>ὁ</strong></span> <span class='ocrx_word' id='word_1_131' title='bbox 1227 1891 1376 1949; x_wconf 88' lang='grc' dir='ltr'>Θ.-</span> <span class='ocrx_word' id='word_1_132' title='bbox 1411 1887 1480 1946; x_wconf 71' lang='lat'>15</span> <span class='ocrx_word' id='word_1_133' title='bbox 1507 1887 1703 1947; x_wconf 78' lang='grc' dir='ltr'>ἐκείνου</span> <span class='ocrx_word' id='word_1_134' title='bbox 1729 1887 2030 1947; x_wconf 80' lang='lat' dir='ltr'>Dobraeus.</span> 
     </span>
     <span class='ocr_line' id='line_1_20' title="bbox 499 1980 974 2061; baseline -0.013 -20"><span class='ocrx_word' id='word_1_135' title='bbox 499 1980 824 2061; x_wconf 88' lang='lat' dir='ltr'>Legebatur</span> <span class='ocrx_word' id='word_1_136' title='bbox 850 1980 974 2037; x_wconf 74' lang='grc' dir='ltr'>ἐκεῖ.</span> 
     </span>
    </p>

    <p class='ocr_par' dir='ltr' id='par_1_7' title="bbox 499 2064 2040 3203">
     <span class='ocr_line' id='line_1_21' title="bbox 586 2064 2031 2142; baseline -0.005 -15"><span class='ocrx_word' id='word_1_137' title='bbox 586 2069 755 2142; x_wconf 86' lang='grc' dir='ltr'><strong>ιο33,</strong></span> <span class='ocrx_word' id='word_1_138' title='bbox 805 2068 874 2125; x_wconf 81' lang='lat'>18</span> <span class='ocrx_word' id='word_1_139' title='bbox 916 2064 1023 2125; x_wconf 83' lang='grc' dir='ltr'>Τὸν</span> <span class='ocrx_word' id='word_1_140' title='bbox 1063 2066 1362 2138; x_wconf 85' lang='grc' dir='ltr'>Μουσαῖον,</span> <span class='ocrx_word' id='word_1_141' title='bbox 1405 2066 1536 2124; x_wconf 88' lang='lat' dir='ltr'>vide</span> <span class='ocrx_word' id='word_1_142' title='bbox 1579 2070 1789 2125; x_wconf 83' lang='lat' dir='ltr'>Meurs.</span> <span class='ocrx_word' id='word_1_143' title='bbox 1847 2071 2031 2123; x_wconf 87' lang='lat' dir='ltr'>Lectt.</span> 
     </span>
     <span class='ocr_line' id='line_1_22' title="bbox 499 2142 2036 2235; baseline -0.004 -19"><span class='ocrx_word' id='word_1_144' title='bbox 499 2166 610 2216; x_wconf 81' lang='lat' dir='ltr'>Att.</span> <span class='ocrx_word' id='word_1_145' title='bbox 646 2177 709 2229; x_wconf 91' lang='grc'>2,</span> <span class='ocrx_word' id='word_1_146' title='bbox 746 2177 838 2233; x_wconf 86' lang='grc' dir='ltr'>ι9.</span> <span class='ocrx_word' id='word_1_147' title='bbox 876 2160 1057 2213; x_wconf 77' lang='lat' dir='ltr'>Kusr.</span> <span class='ocrx_word' id='word_1_148' title='bbox 1088 2158 1230 2231; x_wconf 84' lang='lat' dir='ltr'>Reg.</span> <span class='ocrx_word' id='word_1_149' title='bbox 1268 2155 1314 2212; x_wconf 78' lang='grc' dir='ltr'>οἱ</span> <span class='ocrx_word' id='word_1_150' title='bbox 1348 2152 1443 2231; x_wconf 82' lang='grc' dir='ltr'>μὲν</span> <span class='ocrx_word' id='word_1_151' title='bbox 1478 2152 1587 2212; x_wconf 76' lang='grc' dir='ltr'>υἱὸν</span> <span class='ocrx_word' id='word_1_152' title='bbox 1629 2150 1866 2235; x_wconf 78' lang='grc' dir='ltr'>Ὀρφέως</span> <span class='ocrx_word' id='word_1_153' title='bbox 1902 2142 2036 2212; x_wconf 76' lang='grc' dir='ltr'>εἶναι</span> 
     </span>
     <span class='ocr_line' id='line_1_23' title="bbox 500 2240 2035 2328; baseline -0.003 -24"><span class='ocrx_word' id='word_1_154' title='bbox 500 2245 658 2328; x_wconf 86' lang='grc' dir='ltr'>φασίν</span> <span class='ocrx_word' id='word_1_155' title='bbox 676 2268 689 2282; x_wconf 90' lang='grc'><em>·</em></span> <span class='ocrx_word' id='word_1_156' title='bbox 731 2243 883 2302; x_wconf 81' lang='grc' dir='ltr'>ἄλλοι</span> <span class='ocrx_word' id='word_1_157' title='bbox 914 2240 966 2300; x_wconf 80' lang='grc' dir='ltr'>δὲ</span> <span class='ocrx_word' id='word_1_158' title='bbox 1003 2240 1291 2319; x_wconf 81' lang='grc' dir='ltr'>Εὐμόλπου</span> <span class='ocrx_word' id='word_1_159' title='bbox 1315 2240 1406 2300; x_wconf 76' lang='grc' dir='ltr'>καὶ</span> <span class='ocrx_word' id='word_1_160' title='bbox 1437 2240 1765 2313; x_wconf 79' lang='grc' dir='ltr'>Σελήνης.-</span> <span class='ocrx_word' id='word_1_161' title='bbox 1796 2262 1865 2317; x_wconf 85' lang='lat'>19</span> <span class='ocrx_word' id='word_1_162' title='bbox 1886 2263 2035 2321; x_wconf 83' lang='grc' dir='ltr'>περι-</span> 
     </span>
     <span class='ocr_line' id='line_1_24' title="bbox 499 2329 2035 2406; baseline -0.005 -12"><span class='ocrx_word' id='word_1_163' title='bbox 499 2333 674 2400; x_wconf 87' lang='grc' dir='ltr'>λύσεις</span> <span class='ocrx_word' id='word_1_164' title='bbox 700 2338 770 2390; x_wconf 83' lang='lat' dir='ltr'>R.</span> <span class='ocrx_word' id='word_1_165' title='bbox 794 2336 861 2390; x_wconf 92' lang='lat' dir='ltr'>V.</span> <span class='ocrx_word' id='word_1_166' title='bbox 885 2332 958 2389; x_wconf 91' lang='grc' dir='ltr'>Θ.</span> <span class='ocrx_word' id='word_1_167' title='bbox 990 2334 1089 2388; x_wconf 75' lang='lat' dir='ltr'>11ae</span> <span class='ocrx_word' id='word_1_168' title='bbox 1113 2329 1284 2396; x_wconf 78' lang='grc' dir='ltr'>λύσεις</span> <span class='ocrx_word' id='word_1_169' title='bbox 1309 2330 1503 2406; x_wconf 79' lang='lat' dir='ltr'>potius</span> <span class='ocrx_word' id='word_1_170' title='bbox 1530 2329 1647 2388; x_wconf 79' lang='lat' dir='ltr'>dici</span> <span class='ocrx_word' id='word_1_171' title='bbox 1671 2331 1875 2389; x_wconf 69' lang='lat' dir='ltr'>solent.</span> <span class='ocrx_word' id='word_1_172' title='bbox 1905 2329 2035 2387; x_wconf 88' lang='lat' dir='ltr'>Vid.</span> 
     </span>
     <span class='ocr_line' id='line_1_25' title="bbox 502 2414 2037 2497; baseline -0.003 -18"><span class='ocrx_word' id='word_1_173' title='bbox 502 2422 752 2481; x_wconf 80' lang='lat' dir='ltr'>Lobeck.</span> <span class='ocrx_word' id='word_1_174' title='bbox 783 2417 1065 2497; x_wconf 80' lang='lat' dir='ltr'>Aglaopb.</span> <span class='ocrx_word' id='word_1_175' title='bbox 1097 2438 1154 2493; x_wconf 83' lang='lat' dir='ltr'>p.</span> <span class='ocrx_word' id='word_1_176' title='bbox 1183 2418 1317 2486; x_wconf 85' lang='grc'><strong>643.</strong></span> <span class='ocrx_word' id='word_1_177' title='bbox 1345 2421 1609 2477; x_wconf 80' lang='lat' dir='ltr'>Dum.-</span> <span class='ocrx_word' id='word_1_178' title='bbox 1631 2437 1703 2475; x_wconf 90' lang='grc'><strong>20</strong></span> <span class='ocrx_word' id='word_1_179' title='bbox 1726 2414 2037 2489; x_wconf 83' lang='grc' dir='ltr'>συντέθηκεν</span> 
     </span>
     <span class='ocr_line' id='line_1_26' title="bbox 502 2499 2037 2586; baseline -0.004 -19"><span class='ocrx_word' id='word_1_180' title='bbox 502 2516 574 2567; x_wconf 90' lang='lat' dir='ltr'>V.</span> <span class='ocrx_word' id='word_1_181' title='bbox 606 2506 928 2567; x_wconf 80' lang='grc' dir='ltr'>συντέθεικεν</span> <span class='ocrx_word' id='word_1_182' title='bbox 954 2507 1026 2565; x_wconf 88' lang='grc' dir='ltr'>Θ.</span> <span class='ocrx_word' id='word_1_183' title='bbox 1053 2503 1181 2561; x_wconf 78' lang='grc' dir='ltr'>ΑΙιΙ.</span> <span class='ocrx_word' id='word_1_184' title='bbox 1206 2540 1270 2553; x_wconf 90' lang='grc'>-</span> <span class='ocrx_word' id='word_1_185' title='bbox 1290 2523 1357 2561; x_wconf 89' lang='grc' dir='ltr'>2ι</span> <span class='ocrx_word' id='word_1_186' title='bbox 1390 2504 1554 2563; x_wconf 80' lang='lat' dir='ltr'>addit</span> <span class='ocrx_word' id='word_1_187' title='bbox 1582 2505 1716 2564; x_wconf 81' lang='lat' dir='ltr'>Ald.</span> <span class='ocrx_word' id='word_1_188' title='bbox 1741 2502 1954 2586; x_wconf 72' lang='grc' dir='ltr'>φέρεται</span> <span class='ocrx_word' id='word_1_189' title='bbox 1982 2499 2037 2561; x_wconf 66' lang='grc' dir='ltr'>δὲ</span> 
     </span>
     <span class='ocr_line' id='line_1_27' title="bbox 503 2589 2039 2674; baseline -0.002 -19"><span class='ocrx_word' id='word_1_190' title='bbox 503 2598 594 2656; x_wconf 78' lang='grc' dir='ltr'>καὶ</span> <span class='ocrx_word' id='word_1_191' title='bbox 624 2595 896 2674; x_wconf 81' lang='grc' dir='ltr'>ἐπιτάφιον</span> <span class='ocrx_word' id='word_1_192' title='bbox 920 2590 1082 2659; x_wconf 78' lang='grc' dir='ltr'>οὕτως</span> <span class='ocrx_word' id='word_1_193' title='bbox 1106 2589 1295 2671; x_wconf 53' lang='lat' dir='ltr'>lxma,-</span> <span class='ocrx_word' id='word_1_194' title='bbox 1271 2591 1604 2671; x_wconf 76' lang='grc' dir='ltr'>«Εὐμόλπου</span> <span class='ocrx_word' id='word_1_195' title='bbox 1624 2592 1772 2674; x_wconf 87' lang='grc' dir='ltr'>φίλον</span> <span class='ocrx_word' id='word_1_196' title='bbox 1791 2592 1899 2652; x_wconf 77' lang='grc' dir='ltr'>υἱὸν</span> <span class='ocrx_word' id='word_1_197' title='bbox 1925 2592 2039 2673; x_wconf 76' lang='grc' dir='ltr'>ἔχει</span> 
     </span>
     <span class='ocr_line' id='line_1_28' title="bbox 502 2672 2040 2765; baseline -0.003 -20"><span class='ocrx_word' id='word_1_198' title='bbox 502 2686 564 2745; x_wconf 81' lang='grc' dir='ltr'>τὸ</span> <span class='ocrx_word' id='word_1_199' title='bbox 592 2682 904 2765; x_wconf 74' lang='grc' dir='ltr'>Φαληρικὸν</span> <span class='ocrx_word' id='word_1_200' title='bbox 945 2672 1130 2754; x_wconf 88' lang='grc' dir='ltr'>ουδας,</span> <span class='ocrx_word' id='word_1_201' title='bbox 1162 2682 1459 2753; x_wconf 83' lang='grc' dir='ltr'>Μουσαῖον,</span> <span class='ocrx_word' id='word_1_202' title='bbox 1489 2680 1735 2762; x_wconf 81' lang='grc' dir='ltr'>φθίμενον</span> <span class='ocrx_word' id='word_1_203' title='bbox 1760 2683 1899 2761; x_wconf 80' lang='grc' dir='ltr'>σῶμ’</span> <span class='ocrx_word' id='word_1_204' title='bbox 1939 2679 2040 2741; x_wconf 77' lang='grc' dir='ltr'>ὑπὸ</span> 
     </span>
     <span class='ocr_line' id='line_1_29' title="bbox 502 2765 2038 2855; baseline -0.002 -23"><span class='ocrx_word' id='word_1_205' title='bbox 502 2775 637 2855; x_wconf 79' lang='grc' dir='ltr'>τῳδε</span> <span class='ocrx_word' id='word_1_206' title='bbox 669 2772 883 2853; x_wconf 76' lang='grc' dir='ltr'>τάφῳ.»</span> <span class='ocrx_word' id='word_1_207' title='bbox 859 2771 1142 2828; x_wconf 72' lang='grc' dir='ltr'>»ἐνταῦθα</span> <span class='ocrx_word' id='word_1_208' title='bbox 1193 2765 1247 2826; x_wconf 78' lang='grc' dir='ltr'>δὲ</span> <span class='ocrx_word' id='word_1_209' title='bbox 1277 2790 1367 2825; x_wconf 86' lang='grc' dir='ltr'>και</span> <span class='ocrx_word' id='word_1_210' title='bbox 1414 2768 1689 2851; x_wconf 88' lang='grc' dir='ltr'>θεραπείας</span> <span class='ocrx_word' id='word_1_211' title='bbox 1722 2769 2038 2847; x_wconf 78' lang='grc' dir='ltr'>νοσημάτων</span> 
     </span>
     <span class='ocr_line' id='line_1_30' title="bbox 504 2855 2040 2939; baseline -0.002 -19"><span class='ocrx_word' id='word_1_212' title='bbox 504 2857 809 2929; x_wconf 77' lang='grc' dir='ltr'>καταδεῖξαι</span> <span class='ocrx_word' id='word_1_213' title='bbox 832 2855 1057 2939; x_wconf 74' lang='grc' dir='ltr'>λέγεται.</span> <span class='ocrx_word' id='word_1_214' title='bbox 1089 2857 1455 2935; x_wconf 80' lang='lat' dir='ltr'>Epigramma</span> <span class='ocrx_word' id='word_1_215' title='bbox 1478 2864 1753 2918; x_wconf 82' lang='lat' dir='ltr'>Musurus</span> <span class='ocrx_word' id='word_1_216' title='bbox 1781 2858 2040 2918; x_wconf 84' lang='lat' dir='ltr'>intulisse</span> 
     </span>
     <span class='ocr_line' id='line_1_31' title="bbox 505 2946 2040 3025; baseline -0.003 -15"><span class='ocrx_word' id='word_1_217' title='bbox 505 2951 740 3014; x_wconf 83' lang='lat' dir='ltr'>videtur</span> <span class='ocrx_word' id='word_1_218' title='bbox 762 2969 832 3008; x_wconf 87' lang='lat' dir='ltr'>ex</span> <span class='ocrx_word' id='word_1_219' title='bbox 859 2949 1121 3025; x_wconf 77' lang='lat' dir='ltr'>Diogene</span> <span class='ocrx_word' id='word_1_220' title='bbox 1155 2952 1346 3005; x_wconf 82' lang='lat' dir='ltr'>Laert.</span> <span class='ocrx_word' id='word_1_221' title='bbox 1389 2968 1437 3017; x_wconf 85' lang='lat'>1,</span> <span class='ocrx_word' id='word_1_222' title='bbox 1469 2949 1522 3018; x_wconf 91' lang='grc'><strong>3,</strong></span> <span class='ocrx_word' id='word_1_223' title='bbox 1555 2946 2040 3025; x_wconf 85' lang='lat' dir='ltr'>quemadmodum</span> 
     </span>
     <span class='ocr_line' id='line_1_32' title="bbox 505 3035 2040 3112; baseline -0.004 -12"><span class='ocrx_word' id='word_1_224' title='bbox 505 3039 732 3100; x_wconf 84' lang='lat' dir='ltr'>scholio</span> <span class='ocrx_word' id='word_1_225' title='bbox 759 3036 912 3098; x_wconf 81' lang='lat' dir='ltr'>Nub.</span> <span class='ocrx_word' id='word_1_226' title='bbox 942 3037 1049 3093; x_wconf 81' lang='lat'>331</span> <span class='ocrx_word' id='word_1_227' title='bbox 1085 3035 1436 3112; x_wconf 76' lang='lat' dir='ltr'>epigramma</span> <span class='ocrx_word' id='word_1_228' title='bbox 1462 3035 1522 3093; x_wconf 92' lang='lat' dir='ltr'>in</span> <span class='ocrx_word' id='word_1_229' title='bbox 1553 3037 1916 3096; x_wconf 88' lang='lat' dir='ltr'>Herodotum</span> <span class='ocrx_word' id='word_1_230' title='bbox 1947 3038 2040 3096; x_wconf 89' lang='lat' dir='ltr'>in-</span> 
     </span>
     <span class='ocr_line' id='line_1_33' title="bbox 507 3123 1622 3203; baseline -0.005 -15"><span class='ocrx_word' id='word_1_231' title='bbox 507 3128 687 3189; x_wconf 81' lang='lat' dir='ltr'>seruit</span> <span class='ocrx_word' id='word_1_232' title='bbox 707 3147 780 3186; x_wconf 80' lang='lat' dir='ltr'>ex</span> <span class='ocrx_word' id='word_1_233' title='bbox 797 3124 1098 3203; x_wconf 84' lang='lat' dir='ltr'>Stephano</span> <span class='ocrx_word' id='word_1_234' title='bbox 1121 3123 1417 3198; x_wconf 86' lang='lat' dir='ltr'>Byzantio.</span> <span class='ocrx_word' id='word_1_235' title='bbox 1441 3128 1622 3183; x_wconf 79' lang='lat' dir='ltr'>Dum.</span> 
     </span>
    </p>

    <p class='ocr_par' dir='ltr' id='par_1_8' title="bbox 595 3207 1911 3295">
     <span class='ocr_line' id='line_1_34' title="bbox 595 3207 1911 3295; baseline -0.002 -21"><span class='ocrx_word' id='word_1_236' title='bbox 595 3217 767 3289; x_wconf 81' lang='lat'><strong>1036,</strong></span> <span class='ocrx_word' id='word_1_237' title='bbox 792 3215 869 3272; x_wconf 91' lang='grc'>28</span> <span class='ocrx_word' id='word_1_238' title='bbox 891 3207 1200 3295; x_wconf 76' lang='grc' dir='ltr'>χρυσογίνει</span> <span class='ocrx_word' id='word_1_239' title='bbox 1231 3209 1579 3284; x_wconf 81' lang='grc' dir='ltr'>Παντακλέης</span> <span class='ocrx_word' id='word_1_240' title='bbox 1603 3216 1815 3273; x_wconf 80' lang='grc' dir='ltr'>σκοπῶν</span> <span class='ocrx_word' id='word_1_241' title='bbox 1842 3217 1911 3275; x_wconf 92' lang='grc' dir='ltr'>Θ.</span> 
     </span>
    </p>

    <p class='ocr_par' dir='ltr' id='par_1_9' title="bbox 507 3297 2044 3648">
     <span class='ocr_line' id='line_1_35' title="bbox 594 3297 2044 3381; baseline -0.002 -19"><span class='ocrx_word' id='word_1_242' title='bbox 594 3305 766 3377; x_wconf 80' lang='grc'><strong>1038,</strong></span> <span class='ocrx_word' id='word_1_243' title='bbox 792 3303 867 3359; x_wconf 85' lang='grc'>32</span> <span class='ocrx_word' id='word_1_244' title='bbox 898 3297 1018 3360; x_wconf 77' lang='grc' dir='ltr'>τότε</span> <span class='ocrx_word' id='word_1_245' title='bbox 1049 3297 1110 3358; x_wconf 78' lang='grc' dir='ltr'>τὸ</span> <span class='ocrx_word' id='word_1_246' title='bbox 1141 3320 1226 3379; x_wconf 86' lang='grc' dir='ltr'>κρ.</span> <span class='ocrx_word' id='word_1_247' title='bbox 1258 3302 1327 3358; x_wconf 87' lang='lat' dir='ltr'>R.</span> <span class='ocrx_word' id='word_1_248' title='bbox 1368 3301 1574 3380; x_wconf 80' lang='grc' dir='ltr'>πρῶτον</span> <span class='ocrx_word' id='word_1_249' title='bbox 1600 3299 1661 3360; x_wconf 75' lang='grc' dir='ltr'>τὸ</span> <span class='ocrx_word' id='word_1_250' title='bbox 1686 3298 2044 3381; x_wconf 74' lang='grc' dir='ltr'>κρ.Α1ι1.τὸ</span> 
     </span>
     <span class='ocr_line' id='line_1_36' title="bbox 507 3383 2044 3475; baseline -0.003 -23"><span class='ocrx_word' id='word_1_251' title='bbox 507 3414 592 3475; x_wconf 86' lang='grc' dir='ltr'>κρ.</span> <span class='ocrx_word' id='word_1_252' title='bbox 635 3391 845 3472; x_wconf 78' lang='grc' dir='ltr'>πρῶτον</span> <span class='ocrx_word' id='word_1_253' title='bbox 878 3394 946 3446; x_wconf 88' lang='lat' dir='ltr'>V.</span> <span class='ocrx_word' id='word_1_254' title='bbox 985 3388 1058 3448; x_wconf 97' lang='grc' dir='ltr'>Θ.</span> <span class='ocrx_word' id='word_1_255' title='bbox 1071 3388 1222 3456; x_wconf 88' lang='grc'>-34</span> <span class='ocrx_word' id='word_1_256' title='bbox 1262 3383 1448 3466; x_wconf 75' lang='grc' dir='ltr'>ἰφθίμῃ</span> <span class='ocrx_word' id='word_1_257' title='bbox 1492 3393 1642 3447; x_wconf 78' lang='lat' dir='ltr'>V.-</span> <span class='ocrx_word' id='word_1_258' title='bbox 1671 3390 1746 3448; x_wconf 81' lang='lat'>35</span> <span class='ocrx_word' id='word_1_259' title='bbox 1794 3385 2044 3468; x_wconf 71' lang='grc' dir='ltr'>ἵππουριν</span> 
     </span>
     <span class='ocr_line' id='line_1_37' title="bbox 509 3472 2043 3557; baseline -0.003 -16"><span class='ocrx_word' id='word_1_260' title='bbox 509 3480 771 3541; x_wconf 85' lang='lat' dir='ltr'>additum</span> <span class='ocrx_word' id='word_1_261' title='bbox 795 3497 870 3536; x_wconf 85' lang='lat' dir='ltr'>ex</span> <span class='ocrx_word' id='word_1_262' title='bbox 915 3480 985 3535; x_wconf 89' lang='lat' dir='ltr'>R.</span> <span class='ocrx_word' id='word_1_263' title='bbox 1031 3476 1291 3534; x_wconf 87' lang='lat' dir='ltr'>Glossam</span> <span class='ocrx_word' id='word_1_264' title='bbox 1328 3472 1423 3545; x_wconf 82' lang='grc' dir='ltr'>τὴν</span> <span class='ocrx_word' id='word_1_265' title='bbox 1460 3472 1708 3557; x_wconf 79' lang='grc' dir='ltr'>ἵππουριν</span> <span class='ocrx_word' id='word_1_266' title='bbox 1748 3476 1923 3536; x_wconf 83' lang='lat' dir='ltr'>babet</span> <span class='ocrx_word' id='word_1_267' title='bbox 1971 3479 2043 3538; x_wconf 90' lang='grc' dir='ltr'>Θ.</span> 
     </span>
     <span class='ocr_line' id='line_1_38' title="bbox 510 3561 1241 3648; baseline -0.011 -20"><span class='ocrx_word' id='word_1_268' title='bbox 510 3566 835 3648; x_wconf 75' lang='grc' dir='ltr'>καθύπερθεν</span> <span class='ocrx_word' id='word_1_269' title='bbox 864 3561 1007 3622; x_wconf 74' lang='grc' dir='ltr'>ἔνευε</span> <span class='ocrx_word' id='word_1_270' title='bbox 1037 3582 1151 3621; x_wconf 88' lang='lat' dir='ltr'>om.</span> <span class='ocrx_word' id='word_1_271' title='bbox 1173 3569 1241 3622; x_wconf 92' lang='lat' dir='ltr'>V.</span> 
     </span>
    </p>

    <p class='ocr_par' dir='ltr' id='par_1_10' title="bbox 510 3651 2048 3895">
     <span class='ocr_line' id='line_1_39' title="bbox 598 3651 2047 3735; baseline 0 -23"><span class='ocrx_word' id='word_1_272' title='bbox 598 3658 747 3731; x_wconf 82' lang='lat'><strong>1039</strong></span> <span class='ocrx_word' id='word_1_273' title='bbox 785 3652 930 3711; x_wconf 83' lang='lat' dir='ltr'>nihil</span> <span class='ocrx_word' id='word_1_274' title='bbox 961 3651 1072 3709; x_wconf 86' lang='lat' dir='ltr'>nisi</span> <span class='ocrx_word' id='word_1_275' title='bbox 1118 3653 1365 3728; x_wconf 78' lang='lat' dir='ltr'>glossam</span> <span class='ocrx_word' id='word_1_276' title='bbox 1399 3655 1459 3713; x_wconf 68' lang='grc' dir='ltr'>ἐκ</span> <span class='ocrx_word' id='word_1_277' title='bbox 1485 3674 1578 3711; x_wconf 89' lang='grc' dir='ltr'>του</span> <span class='ocrx_word' id='word_1_278' title='bbox 1602 3651 1846 3735; x_wconf 84' lang='grc' dir='ltr'>Ὁμήρου</span> <span class='ocrx_word' id='word_1_279' title='bbox 1868 3654 2047 3714; x_wconf 89' lang='lat' dir='ltr'>habet</span> 
     </span>
     <span class='ocr_line' id='line_1_40' title="bbox 511 3730 2048 3820; baseline 0.002 -20"><span class='ocrx_word' id='word_1_280' title='bbox 511 3748 583 3808; x_wconf 81' lang='grc' dir='ltr'>Θ.</span> <span class='ocrx_word' id='word_1_281' title='bbox 597 3747 749 3816; x_wconf 77' lang='grc'><strong>..37</strong></span> <span class='ocrx_word' id='word_1_282' title='bbox 778 3762 863 3820; x_wconf 90' lang='lat' dir='ltr'>sq.</span> <span class='ocrx_word' id='word_1_283' title='bbox 903 3730 1360 3812; x_wconf 60' lang='lat' dir='ltr'>{lv—”Aomdmv</span> <span class='ocrx_word' id='word_1_284' title='bbox 1344 3763 1403 3801; x_wconf 84' lang='lat' dir='ltr'>m</span> <span class='ocrx_word' id='word_1_285' title='bbox 1431 3747 1571 3820; x_wconf 86' lang='lat' dir='ltr'>Reg.</span> <span class='ocrx_word' id='word_1_286' title='bbox 1599 3742 1674 3801; x_wconf 87' lang='lat' dir='ltr'>ad</span> <span class='ocrx_word' id='word_1_287' title='bbox 1707 3763 1761 3801; x_wconf 80' lang='lat' dir='ltr'>v.</span> <span class='ocrx_word' id='word_1_288' title='bbox 1796 3746 1945 3804; x_wconf 85' lang='lat'>1036</span> <span class='ocrx_word' id='word_1_289' title='bbox 1974 3737 2048 3804; x_wconf 90' lang='lat' dir='ltr'>de</span> 
     </span>
     <span class='ocr_line' id='line_1_41' title="bbox 510 3833 818 3895; baseline -0.019 0"><span class='ocrx_word' id='word_1_290' title='bbox 510 3833 818 3895; x_wconf 84' lang='lat' dir='ltr'>Pantacle.</span> 
     </span>
    </p>

    <p class='ocr_par' dir='ltr' id='par_1_11' title="bbox 512 3916 2047 4258">
     <span class='ocr_line' id='line_1_42' title="bbox 600 3916 2047 3996; baseline -0.003 -16"><span class='ocrx_word' id='word_1_291' title='bbox 600 3931 768 3992; x_wconf 85' lang='grc' dir='ltr'><strong>ιο42.</strong></span> <span class='ocrx_word' id='word_1_292' title='bbox 798 3918 934 3979; x_wconf 81' lang='grc' dir='ltr'>Ἀντ.</span> <span class='ocrx_word' id='word_1_293' title='bbox 967 3920 1175 3994; x_wconf 85' lang='grc' dir='ltr'>ὁμοιουν</span> <span class='ocrx_word' id='word_1_294' title='bbox 1200 3937 1313 3976; x_wconf 92' lang='lat' dir='ltr'>om.</span> <span class='ocrx_word' id='word_1_295' title='bbox 1344 3922 1436 3991; x_wconf 88' lang='lat' dir='ltr'>R.‚</span> <span class='ocrx_word' id='word_1_296' title='bbox 1470 3938 1544 3976; x_wconf 83' lang='lat' dir='ltr'>ex</span> <span class='ocrx_word' id='word_1_297' title='bbox 1572 3939 1690 3996; x_wconf 90' lang='lat' dir='ltr'>quo</span> <span class='ocrx_word' id='word_1_298' title='bbox 1723 3920 1795 3989; x_wconf 88' lang='grc'>48</span> <span class='ocrx_word' id='word_1_299' title='bbox 1824 3916 1926 3978; x_wconf 82' lang='grc' dir='ltr'>Διὰ</span> <span class='ocrx_word' id='word_1_300' title='bbox 1957 3917 2047 3977; x_wconf 80' lang='grc' dir='ltr'>τὸν</span> 
     </span>
     <span class='ocr_line' id='line_1_43' title="bbox 512 4003 2046 4085; baseline -0.005 -13"><span class='ocrx_word' id='word_1_301' title='bbox 512 4009 829 4072; x_wconf 84' lang='grc' dir='ltr'>Ἱππόλυτον</span> <span class='ocrx_word' id='word_1_302' title='bbox 859 4019 914 4065; x_wconf 89' lang='lat' dir='ltr'>et</span> <span class='ocrx_word' id='word_1_303' title='bbox 941 4013 1015 4082; x_wconf 87' lang='grc'>49</span> <span class='ocrx_word' id='word_1_304' title='bbox 1040 4006 1180 4063; x_wconf 71' lang='grc' dir='ltr'>ἐστιν</span> <span class='ocrx_word' id='word_1_305' title='bbox 1205 4017 1262 4063; x_wconf 88' lang='lat' dir='ltr'>et</span> <span class='ocrx_word' id='word_1_306' title='bbox 1289 4005 1362 4063; x_wconf 82' lang='lat'>50</span> <span class='ocrx_word' id='word_1_307' title='bbox 1388 4003 1531 4085; x_wconf 77' lang='grc' dir='ltr'>λέγει</span> <span class='ocrx_word' id='word_1_308' title='bbox 1554 4018 1690 4064; x_wconf 93' lang='lat' dir='ltr'>sunt</span> <span class='ocrx_word' id='word_1_309' title='bbox 1717 4005 1927 4065; x_wconf 88' lang='lat' dir='ltr'>addita.</span> <span class='ocrx_word' id='word_1_310' title='bbox 1957 4006 2046 4065; x_wconf 86' lang='lat' dir='ltr'>lb.</span> 
     </span>
     <span class='ocr_line' id='line_1_44' title="bbox 513 4091 2047 4176; baseline -0.002 -21"><span class='ocrx_word' id='word_1_311' title='bbox 513 4091 574 4160; x_wconf 69' lang='grc' dir='ltr'>οἷ</span> <span class='ocrx_word' id='word_1_312' title='bbox 603 4096 677 4176; x_wconf 81' lang='grc' dir='ltr'>μὴ</span> <span class='ocrx_word' id='word_1_313' title='bbox 707 4108 765 4155; x_wconf 92' lang='lat' dir='ltr'>et</span> <span class='ocrx_word' id='word_1_314' title='bbox 790 4093 1088 4172; x_wconf 84' lang='lat' dir='ltr'>sequentia</span> <span class='ocrx_word' id='word_1_315' title='bbox 1112 4112 1227 4151; x_wconf 90' lang='lat' dir='ltr'>om.</span> <span class='ocrx_word' id='word_1_316' title='bbox 1252 4096 1397 4154; x_wconf 82' lang='grc' dir='ltr'><strong>Θ..-</strong></span> <span class='ocrx_word' id='word_1_317' title='bbox 1418 4094 1483 4152; x_wconf 86' lang='grc' dir='ltr'>5ι</span> <span class='ocrx_word' id='word_1_318' title='bbox 1511 4092 1860 4159; x_wconf 77' lang='grc' dir='ltr'>ὑπακούοντος</span> <span class='ocrx_word' id='word_1_319' title='bbox 1891 4095 2047 4172; x_wconf 69' lang='grc' dir='ltr'>αὐτῇ,</span> 
     </span>
     <span class='ocr_line' id='line_1_45' title="bbox 517 4184 1039 4258; baseline -0.011 -12"><span class='ocrx_word' id='word_1_320' title='bbox 517 4187 590 4246; x_wconf 84' lang='grc'>52</span> <span class='ocrx_word' id='word_1_321' title='bbox 618 4188 690 4251; x_wconf 79' lang='grc' dir='ltr'>ὥς</span> <span class='ocrx_word' id='word_1_322' title='bbox 716 4184 869 4256; x_wconf 78' lang='grc' dir='ltr'>δ’ἥθεν</span> <span class='ocrx_word' id='word_1_323' title='bbox 898 4187 1039 4258; x_wconf 83' lang='lat' dir='ltr'>Reg.</span> 
     </span>
    </p>

    <p class='ocr_par' dir='ltr' id='par_1_12' title="bbox 601 4269 2047 4356">
     <span class='ocr_line' id='line_1_46' title="bbox 601 4269 2047 4356; baseline -0.003 -23"><span class='ocrx_word' id='word_1_324' title='bbox 601 4283 772 4346; x_wconf 86' lang='grc' dir='ltr'><strong>ιο47,</strong></span> <span class='ocrx_word' id='word_1_325' title='bbox 790 4280 822 4356; x_wconf 86' lang='grc'><strong>4</strong></span> <span class='ocrx_word' id='word_1_326' title='bbox 842 4269 1101 4349; x_wconf 77' lang='grc' dir='ltr'>διαὸάλλῃ</span> <span class='ocrx_word' id='word_1_327' title='bbox 1114 4270 1207 4341; x_wconf 90' lang='grc' dir='ltr'>Θ.,</span> <span class='ocrx_word' id='word_1_328' title='bbox 1223 4271 1325 4347; x_wconf 87' lang='lat' dir='ltr'>qui</span> <span class='ocrx_word' id='word_1_329' title='bbox 1344 4271 1376 4328; x_wconf 87' lang='lat'>5</span> <span class='ocrx_word' id='word_1_330' title='bbox 1392 4269 1453 4330; x_wconf 83' lang='grc' dir='ltr'>τὸ</span> <span class='ocrx_word' id='word_1_331' title='bbox 1475 4269 1531 4329; x_wconf 79' lang='grc' dir='ltr'>δὲ</span> <span class='ocrx_word' id='word_1_332' title='bbox 1546 4283 1602 4329; x_wconf 90' lang='lat' dir='ltr'>et</span> <span class='ocrx_word' id='word_1_333' title='bbox 1622 4272 1916 4349; x_wconf 87' lang='lat' dir='ltr'>sequentia</span> <span class='ocrx_word' id='word_1_334' title='bbox 1932 4290 2047 4329; x_wconf 90' lang='lat' dir='ltr'>om.</span> 
     </span>
    </p>

    <p class='ocr_par' dir='ltr' id='par_1_13' title="bbox 515 4358 2050 4709">
     <span class='ocr_line' id='line_1_47' title="bbox 600 4358 2046 4439; baseline -0.002 -19"><span class='ocrx_word' id='word_1_335' title='bbox 600 4363 772 4437; x_wconf 81' lang='lat'><strong>1057,</strong></span> <span class='ocrx_word' id='word_1_336' title='bbox 834 4377 1034 4421; x_wconf 85' lang='grc'><strong>20-22</strong></span> <span class='ocrx_word' id='word_1_337' title='bbox 1082 4359 1164 4416; x_wconf 89' lang='lat' dir='ltr'>sic</span> <span class='ocrx_word' id='word_1_338' title='bbox 1222 4362 1293 4417; x_wconf 89' lang='lat' dir='ltr'>R.</span> <span class='ocrx_word' id='word_1_339' title='bbox 1341 4361 1532 4419; x_wconf 88' lang='lat' dir='ltr'>Ceteri</span> <span class='ocrx_word' id='word_1_340' title='bbox 1599 4358 1715 4439; x_wconf 83' lang='grc' dir='ltr'>ὄρος</span> <span class='ocrx_word' id='word_1_341' title='bbox 1779 4359 2046 4425; x_wconf 85' lang='grc' dir='ltr'>Φωκίδος.</span> 
     </span>
     <span class='ocr_line' id='line_1_48' title="bbox 515 4442 2050 4530; baseline -0.006 -19"><span class='ocrx_word' id='word_1_342' title='bbox 515 4442 622 4512; x_wconf 75' lang='grc' dir='ltr'>οἷον</span> <span class='ocrx_word' id='word_1_343' title='bbox 668 4447 881 4530; x_wconf 74' lang='grc' dir='ltr'>ῥήματα</span> <span class='ocrx_word' id='word_1_344' title='bbox 920 4443 1272 4526; x_wconf 81' lang='grc' dir='ltr'>παραπλήσια</span> <span class='ocrx_word' id='word_1_345' title='bbox 1300 4444 1490 4527; x_wconf 80' lang='grc' dir='ltr'>ὄρεσιν.</span> <span class='ocrx_word' id='word_1_346' title='bbox 1533 4449 1677 4524; x_wconf 79' lang='lat' dir='ltr'>Reg.</span> <span class='ocrx_word' id='word_1_347' title='bbox 1733 4445 1892 4504; x_wconf 82' lang='lat' dir='ltr'>addit</span> <span class='ocrx_word' id='word_1_348' title='bbox 1930 4445 2050 4518; x_wconf 86' lang='grc' dir='ltr'>ἤτοι</span> 
     </span>
     <span class='ocr_line' id='line_1_49' title="bbox 515 4530 2048 4623; baseline -0.005 -26"><span class='ocrx_word' id='word_1_349' title='bbox 515 4539 801 4623; x_wconf 72' lang='grc' dir='ltr'>ὑπέρογκα.</span> <span class='ocrx_word' id='word_1_350' title='bbox 822 4554 972 4591; x_wconf 84' lang='grc' dir='ltr'>-2ι</span> <span class='ocrx_word' id='word_1_351' title='bbox 1028 4531 1342 4604; x_wconf 79' lang='grc' dir='ltr'>Δυκαὸητὸς</span> <span class='ocrx_word' id='word_1_352' title='bbox 1394 4539 1537 4593; x_wconf 91' lang='lat' dir='ltr'>R.</span> <span class='ocrx_word' id='word_1_353' title='bbox 1563 4530 1705 4603; x_wconf 75' lang='grc' dir='ltr'>22ἢ</span> <span class='ocrx_word' id='word_1_354' title='bbox 1749 4531 1810 4591; x_wconf 87' lang='grc' dir='ltr'>τὸ</span> <span class='ocrx_word' id='word_1_355' title='bbox 1856 4545 1912 4591; x_wconf 91' lang='lat' dir='ltr'>et</span> <span class='ocrx_word' id='word_1_356' title='bbox 1951 4552 2048 4591; x_wconf 89' lang='lat' dir='ltr'>se-</span> 
     </span>
     <span class='ocr_line' id='line_1_50' title="bbox 518 4620 2049 4709; baseline -0.006 -20"><span class='ocrx_word' id='word_1_357' title='bbox 518 4627 756 4709; x_wconf 85' lang='lat' dir='ltr'><strong>quentia</strong></span> <span class='ocrx_word' id='word_1_358' title='bbox 797 4643 911 4682; x_wconf 92' lang='lat' dir='ltr'>om.</span> <span class='ocrx_word' id='word_1_359' title='bbox 949 4622 1120 4680; x_wconf 87' lang='lat' dir='ltr'>etiam</span> <span class='ocrx_word' id='word_1_360' title='bbox 1151 4623 1223 4681; x_wconf 92' lang='grc' dir='ltr'>Θ.</span> <span class='ocrx_word' id='word_1_361' title='bbox 1269 4626 1344 4680; x_wconf 85' lang='grc' dir='ltr'>Μ.</span> <span class='ocrx_word' id='word_1_362' title='bbox 1395 4623 1691 4702; x_wconf 83' lang='grc' dir='ltr'>Παρνασῶν</span> <span class='ocrx_word' id='word_1_363' title='bbox 1739 4626 1877 4699; x_wconf 85' lang='lat' dir='ltr'>Reg.</span> <span class='ocrx_word' id='word_1_364' title='bbox 1915 4620 2049 4681; x_wconf 80' lang='lat' dir='ltr'>Ald.</span> 
     </span>
    </p>

    <p class='ocr_par' dir='ltr' id='par_1_14' title="bbox 511 4708 2053 5143">
     <span class='ocr_line' id='line_1_51' title="bbox 607 4708 2049 4792; baseline -0.004 -17"><span class='ocrx_word' id='word_1_365' title='bbox 607 4716 784 4788; x_wconf 77' lang='lat'><strong>1066,</strong></span> <span class='ocrx_word' id='word_1_366' title='bbox 813 4714 885 4772; x_wconf 81' lang='lat'>35</span> <span class='ocrx_word' id='word_1_367' title='bbox 908 4730 996 4789; x_wconf 84' lang='lat' dir='ltr'>sq.</span> <span class='ocrx_word' id='word_1_368' title='bbox 1017 4712 1100 4770; x_wconf 86' lang='lat' dir='ltr'>sic</span> <span class='ocrx_word' id='word_1_369' title='bbox 1117 4716 1187 4770; x_wconf 90' lang='lat' dir='ltr'>R.</span> <span class='ocrx_word' id='word_1_370' title='bbox 1217 4711 1405 4771; x_wconf 89' lang='lat' dir='ltr'>Ceteri</span> <span class='ocrx_word' id='word_1_371' title='bbox 1434 4708 2049 4792; x_wconf 77' lang='grc' dir='ltr'>Συστραφεὶςῆπεριειλ.</span> 
     </span>
     <span class='ocr_line' id='line_1_52' title="bbox 521 4759 2050 4879; baseline -0.001 -21"><span class='ocrx_word' id='word_1_372' title='bbox 521 4844 582 4858; x_wconf 89' lang='grc'><strong>..</strong></span> <span class='ocrx_word' id='word_1_373' title='bbox 600 4806 676 4862; x_wconf 86' lang='grc'>36</span> <span class='ocrx_word' id='word_1_374' title='bbox 713 4759 878 4860; x_wconf 74' lang='grc' dir='ltr'>ἴλλειν</span> <span class='ocrx_word' id='word_1_375' title='bbox 909 4798 1035 4857; x_wconf 77' lang='lat' dir='ltr'>Ald.</span> <span class='ocrx_word' id='word_1_376' title='bbox 1084 4799 1237 4857; x_wconf 77' lang='grc' dir='ltr'>εἶλεῖν</span> <span class='ocrx_word' id='word_1_377' title='bbox 1278 4802 1351 4857; x_wconf 83' lang='lat' dir='ltr'>R.</span> <span class='ocrx_word' id='word_1_378' title='bbox 1383 4796 1683 4879; x_wconf 75' lang='grc' dir='ltr'>συστρέφειν</span> <span class='ocrx_word' id='word_1_379' title='bbox 1708 4803 1775 4856; x_wconf 88' lang='lat' dir='ltr'>R.</span> <span class='ocrx_word' id='word_1_380' title='bbox 1814 4795 2050 4878; x_wconf 80' lang='grc' dir='ltr'>συνέχειν</span> 
     </span>
     <span class='ocr_line' id='line_1_53' title="bbox 522 4883 2052 4969; baseline -0.007 -15"><span class='ocrx_word' id='word_1_381' title='bbox 522 4892 717 4954; x_wconf 86' lang='lat' dir='ltr'>ceteri.</span> <span class='ocrx_word' id='word_1_382' title='bbox 759 4894 947 4965; x_wconf 61' lang='lat' dir='ltr'>Reg-</span> <span class='ocrx_word' id='word_1_383' title='bbox 934 4932 947 4946; x_wconf 92' lang='lat'>.</span> <span class='ocrx_word' id='word_1_384' title='bbox 982 4884 1192 4969; x_wconf 68' lang='grc' dir='ltr'>”Ώσπερ</span> <span class='ocrx_word' id='word_1_385' title='bbox 1225 4884 1636 4964; x_wconf 72' lang='grc' dir='ltr'>ἐπιμελούμενος</span> <span class='ocrx_word' id='word_1_386' title='bbox 1676 4883 1766 4944; x_wconf 75' lang='grc' dir='ltr'>καὶ</span> <span class='ocrx_word' id='word_1_387' title='bbox 1807 4884 2052 4963; x_wconf 74' lang='grc' dir='ltr'>ἑπιμελό·</span> 
     </span>
     <span class='ocr_line' id='line_1_54' title="bbox 524 4971 2053 5061; baseline -0.006 -21"><span class='ocrx_word' id='word_1_388' title='bbox 524 5002 678 5061; x_wconf 85' lang='grc' dir='ltr'>μενος</span> <span class='ocrx_word' id='word_1_389' title='bbox 709 4976 798 5036; x_wconf 70' lang='grc' dir='ltr'>ἐπὶ</span> <span class='ocrx_word' id='word_1_390' title='bbox 816 4978 910 5046; x_wconf 73' lang='grc' dir='ltr'>τῆς</span> <span class='ocrx_word' id='word_1_391' title='bbox 934 4977 1093 5045; x_wconf 75' lang='grc' dir='ltr'>αὐτῆς</span> <span class='ocrx_word' id='word_1_392' title='bbox 1116 4974 1313 5042; x_wconf 74' lang='grc' dir='ltr'>ἐννοίας</span> <span class='ocrx_word' id='word_1_393' title='bbox 1345 4975 1435 5035; x_wconf 77' lang='grc' dir='ltr'>καὶ</span> <span class='ocrx_word' id='word_1_394' title='bbox 1466 4972 1772 5044; x_wconf 79' lang='grc' dir='ltr'>συντάξεως,</span> <span class='ocrx_word' id='word_1_395' title='bbox 1800 4971 1938 5032; x_wconf 80' lang='grc' dir='ltr'>οὕτω</span> <span class='ocrx_word' id='word_1_396' title='bbox 1962 4972 2053 5032; x_wconf 79' lang='grc' dir='ltr'>καὶ</span> 
     </span>
     <span class='ocr_line' id='line_1_55' title="bbox 511 5061 1240 5143; baseline -0.003 -20"><span class='ocrx_word' id='word_1_397' title='bbox 511 5064 820 5143; x_wconf 78' lang='grc' dir='ltr'>,εἱλούμενος</span> <span class='ocrx_word' id='word_1_398' title='bbox 844 5061 933 5121; x_wconf 77' lang='grc' dir='ltr'>καὶ</span> <span class='ocrx_word' id='word_1_399' title='bbox 963 5061 1240 5139; x_wconf 79' lang='grc' dir='ltr'>εἱλόμενος.</span> 
     </span>
    </p>
   </div>
   <div class='ocr_carea' id='block_1_3' title="bbox 1603 258 2492 322">
    <p class='ocr_par' dir='ltr' id='par_1_15' title="bbox 1603 258 2492 322">
     <span class='ocr_line' id='line_1_56' title="bbox 1603 258 2492 322; baseline -0.004 0"><span class='ocrx_word' id='word_1_400' title='bbox 1603 258 2060 322; x_wconf 79' lang='lat' dir='ltr'>ADNOTATIO</span> <span class='ocrx_word' id='word_1_401' title='bbox 2102 259 2184 318; x_wconf 85' lang='lat' dir='ltr'>IN</span> <span class='ocrx_word' id='word_1_402' title='bbox 2225 259 2492 321; x_wconf 77' lang='lat' dir='ltr'>schol..</span> 
     </span>
    </p>
   </div>
   <div class='ocr_carea' id='block_1_4' title="bbox 2106 390 3688 4881">
    <p class='ocr_par' dir='ltr' id='par_1_16' title="bbox 2106 390 3659 823">
     <span class='ocr_line' id='line_1_57' title="bbox 2193 390 3653 472; baseline 0.001 -23"><span class='ocrx_word' id='word_1_403' title='bbox 2193 390 2364 466; x_wconf 82' lang='lat'><strong>1068,</strong></span> <span class='ocrx_word' id='word_1_404' title='bbox 2390 393 2462 461; x_wconf 85' lang='grc'>43</span> <span class='ocrx_word' id='word_1_405' title='bbox 2499 392 2775 472; x_wconf 78' lang='grc' dir='ltr'>περιῆλθον</span> <span class='ocrx_word' id='word_1_406' title='bbox 2807 395 2878 451; x_wconf 90' lang='lat' dir='ltr'>R.</span> <span class='ocrx_word' id='word_1_407' title='bbox 2906 411 3039 451; x_wconf 87' lang='lat' dir='ltr'>cum</span> <span class='ocrx_word' id='word_1_408' title='bbox 3063 393 3295 453; x_wconf 79' lang='lat' dir='ltr'>Polluce</span> <span class='ocrx_word' id='word_1_409' title='bbox 3323 413 3383 470; x_wconf 86' lang='lat'>9,</span> <span class='ocrx_word' id='word_1_410' title='bbox 3413 402 3510 467; x_wconf 78' lang='grc'>47.</span> <span class='ocrx_word' id='word_1_411' title='bbox 3536 394 3653 450; x_wconf 86' lang='lat' dir='ltr'>Le-</span> 
     </span>
     <span class='ocr_line' id='line_1_58' title="bbox 2106 477 3657 560; baseline 0.004 -24"><span class='ocrx_word' id='word_1_412' title='bbox 2106 477 2350 556; x_wconf 80' lang='lat' dir='ltr'>gebatur</span> <span class='ocrx_word' id='word_1_413' title='bbox 2371 479 2669 560; x_wconf 76' lang='grc' dir='ltr'>περιῆλθεν.</span> <span class='ocrx_word' id='word_1_414' title='bbox 2690 479 2745 546; x_wconf 76' lang='grc' dir='ltr'>ἐς</span> <span class='ocrx_word' id='word_1_415' title='bbox 2772 479 2845 539; x_wconf 93' lang='grc' dir='ltr'>Θ.</span> <span class='ocrx_word' id='word_1_416' title='bbox 2891 481 2962 546; x_wconf 81' lang='grc' dir='ltr'>εἰς</span> <span class='ocrx_word' id='word_1_417' title='bbox 2987 482 3181 540; x_wconf 88' lang='lat' dir='ltr'>ceteri.</span> <span class='ocrx_word' id='word_1_418' title='bbox 3203 480 3294 540; x_wconf 79' lang='grc' dir='ltr'>καὶ</span> <span class='ocrx_word' id='word_1_419' title='bbox 3320 481 3374 547; x_wconf 68' lang='grc' dir='ltr'>ἐς</span> <span class='ocrx_word' id='word_1_420' title='bbox 3396 478 3468 539; x_wconf 75' lang='grc' dir='ltr'>τὰ</span> <span class='ocrx_word' id='word_1_421' title='bbox 3487 480 3566 541; x_wconf 88' lang='grc' dir='ltr'>Θ.</span> <span class='ocrx_word' id='word_1_422' title='bbox 3584 516 3657 530; x_wconf 92' lang='lat'>-</span> 
     </span>
     <span class='ocr_line' id='line_1_59' title="bbox 2111 564 3659 647; baseline 0 -24"><span class='ocrx_word' id='word_1_423' title='bbox 2111 573 2182 635; x_wconf 90' lang='grc'>44</span> <span class='ocrx_word' id='word_1_424' title='bbox 2216 564 2331 643; x_wconf 73' lang='grc' dir='ltr'>ἅμα</span> <span class='ocrx_word' id='word_1_425' title='bbox 2371 565 2614 647; x_wconf 85' lang='grc' dir='ltr'>φαίνεται</span> <span class='ocrx_word' id='word_1_426' title='bbox 2641 570 2725 625; x_wconf 96' lang='grc' dir='ltr'>Μ.</span> <span class='ocrx_word' id='word_1_427' title='bbox 2771 567 3125 645; x_wconf 80' lang='grc' dir='ltr'>ἰχθυοπωλεῖα</span> <span class='ocrx_word' id='word_1_428' title='bbox 3166 567 3299 628; x_wconf 72' lang='grc' dir='ltr'>ΛΜ.</span> <span class='ocrx_word' id='word_1_429' title='bbox 3348 579 3407 626; x_wconf 86' lang='lat' dir='ltr'>et</span> <span class='ocrx_word' id='word_1_430' title='bbox 3451 569 3547 639; x_wconf 63' lang='lat' dir='ltr'>R„</span> <span class='ocrx_word' id='word_1_431' title='bbox 3590 578 3659 623; x_wconf 75' lang='lat' dir='ltr'>ut</span> 
     </span>
     <span class='ocr_line' id='line_1_60' title="bbox 2109 651 3657 737; baseline 0.001 -27"><span class='ocrx_word' id='word_1_432' title='bbox 2109 652 2355 713; x_wconf 77' lang='lat' dir='ltr'>videtur.</span> <span class='ocrx_word' id='word_1_433' title='bbox 2381 696 2442 707; x_wconf 90' lang='grc'>-</span> <span class='ocrx_word' id='word_1_434' title='bbox 2470 652 2555 736; x_wconf 82' lang='grc'>45</span> <span class='ocrx_word' id='word_1_435' title='bbox 2590 655 2858 735; x_wconf 80' lang='grc' dir='ltr'>ἀγοράζων</span> <span class='ocrx_word' id='word_1_436' title='bbox 2886 659 2956 714; x_wconf 91' lang='lat' dir='ltr'>R.</span> <span class='ocrx_word' id='word_1_437' title='bbox 2996 655 3272 737; x_wconf 77' lang='grc' dir='ltr'>ἀγοράσων</span> <span class='ocrx_word' id='word_1_438' title='bbox 3312 660 3398 714; x_wconf 87' lang='grc' dir='ltr'>Μ.</span> <span class='ocrx_word' id='word_1_439' title='bbox 3436 651 3657 736; x_wconf 69' lang='grc' dir='ltr'>γλύφων</span> 
     </span>
     <span class='ocr_line' id='line_1_61' title="bbox 2113 740 3168 823; baseline 0.005 -26"><span class='ocrx_word' id='word_1_440' title='bbox 2113 743 2183 797; x_wconf 81' lang='lat' dir='ltr'>R.</span> <span class='ocrx_word' id='word_1_441' title='bbox 2211 753 2269 798; x_wconf 82' lang='lat' dir='ltr'>et</span> <span class='ocrx_word' id='word_1_442' title='bbox 2300 740 2503 800; x_wconf 81' lang='lat' dir='ltr'>Suidas</span> <span class='ocrx_word' id='word_1_443' title='bbox 2534 762 2578 799; x_wconf 86' lang='lat' dir='ltr'>s</span> <span class='ocrx_word' id='word_1_444' title='bbox 2612 741 2813 803; x_wconf 81' lang='grc' dir='ltr'>Χιτών.</span> <span class='ocrx_word' id='word_1_445' title='bbox 2844 744 3061 823; x_wconf 69' lang='grc' dir='ltr'>πουφῦν</span> <span class='ocrx_word' id='word_1_446' title='bbox 3091 749 3168 802; x_wconf 87' lang='grc' dir='ltr'>Μ.</span> 
     </span>
    </p>

    <p class='ocr_par' dir='ltr' id='par_1_17' title="bbox 2112 825 3658 1443">
     <span class='ocr_line' id='line_1_62' title="bbox 2201 825 3653 912; baseline 0.001 -28"><span class='ocrx_word' id='word_1_447' title='bbox 2201 848 2374 901; x_wconf 83' lang='grc' dir='ltr'>ιο7ι,</span> <span class='ocrx_word' id='word_1_448' title='bbox 2405 838 2480 906; x_wconf 85' lang='grc'>49</span> <span class='ocrx_word' id='word_1_449' title='bbox 2505 829 2882 912; x_wconf 81' lang='grc' dir='ltr'>διατραφέντας</span> <span class='ocrx_word' id='word_1_450' title='bbox 2923 832 2995 890; x_wconf 92' lang='grc' dir='ltr'>Θ.</span> <span class='ocrx_word' id='word_1_451' title='bbox 3037 825 3452 910; x_wconf 74' lang='grc' dir='ltr'>διαστραφίντας</span> <span class='ocrx_word' id='word_1_452' title='bbox 3476 833 3547 888; x_wconf 88' lang='lat' dir='ltr'>R..</span> <span class='ocrx_word' id='word_1_453' title='bbox 3576 833 3653 885; x_wconf 88' lang='lat' dir='ltr'>V.</span> 
     </span>
     <span class='ocr_line' id='line_1_63' title="bbox 2112 914 3658 999; baseline -0.003 -24"><span class='ocrx_word' id='word_1_454' title='bbox 2112 914 2434 999; x_wconf 76' lang='grc' dir='ltr'>στραφέντας</span> <span class='ocrx_word' id='word_1_455' title='bbox 2461 917 2620 989; x_wconf 65' lang='lat' dir='ltr'>Am„</span> <span class='ocrx_word' id='word_1_456' title='bbox 2652 939 2781 997; x_wconf 83' lang='lat' dir='ltr'>quae</span> <span class='ocrx_word' id='word_1_457' title='bbox 2821 918 2896 977; x_wconf 84' lang='lat'>50</span> <span class='ocrx_word' id='word_1_458' title='bbox 2932 930 3067 997; x_wconf 89' lang='lat' dir='ltr'>post</span> <span class='ocrx_word' id='word_1_459' title='bbox 3093 920 3326 998; x_wconf 78' lang='grc' dir='ltr'>ὁρμῆσαι</span> <span class='ocrx_word' id='word_1_460' title='bbox 3363 915 3525 974; x_wconf 81' lang='lat' dir='ltr'>addit</span> <span class='ocrx_word' id='word_1_461' title='bbox 3561 914 3658 974; x_wconf 81' lang='grc' dir='ltr'>καὶ</span> 
     </span>
     <span class='ocr_line' id='line_1_64' title="bbox 2112 1003 3658 1091; baseline -0.002 -24"><span class='ocrx_word' id='word_1_462' title='bbox 2112 1005 2449 1088; x_wconf 73' lang='grc' dir='ltr'>διατρίὸοντα</span> <span class='ocrx_word' id='word_1_463' title='bbox 2478 1010 2531 1066; x_wconf 71' lang='grc' dir='ltr'>ἐν</span> <span class='ocrx_word' id='word_1_464' title='bbox 2560 1011 2626 1087; x_wconf 80' lang='grc' dir='ltr'>τῇ</span> <span class='ocrx_word' id='word_1_465' title='bbox 2657 1011 2821 1091; x_wconf 79' lang='grc' dir='ltr'>ἀγορᾷ</span> <span class='ocrx_word' id='word_1_466' title='bbox 2845 1007 3070 1076; x_wconf 84' lang='grc' dir='ltr'>πολλους</span> <span class='ocrx_word' id='word_1_467' title='bbox 3101 1011 3324 1067; x_wconf 75' lang='grc' dir='ltr'>κτᾶσθαι</span> <span class='ocrx_word' id='word_1_468' title='bbox 3365 1003 3488 1073; x_wconf 73' lang='grc' dir='ltr'>τοὺς</span> <span class='ocrx_word' id='word_1_469' title='bbox 3520 1006 3658 1086; x_wconf 64' lang='grc' dir='ltr'>ἰρι-</span> 
     </span>
     <span class='ocr_line' id='line_1_65' title="bbox 2115 1095 3659 1176; baseline -0.003 -20"><span class='ocrx_word' id='word_1_470' title='bbox 2115 1097 2265 1165; x_wconf 82' lang='grc' dir='ltr'>στάς·</span> <span class='ocrx_word' id='word_1_471' title='bbox 2297 1117 2427 1175; x_wconf 80' lang='lat' dir='ltr'>quae</span> <span class='ocrx_word' id='word_1_472' title='bbox 2453 1096 2629 1156; x_wconf 84' lang='lat' dir='ltr'>habet</span> <span class='ocrx_word' id='word_1_473' title='bbox 2657 1102 2804 1176; x_wconf 81' lang='lat' dir='ltr'>Reg.</span> <span class='ocrx_word' id='word_1_474' title='bbox 2837 1095 2894 1156; x_wconf 77' lang='grc' dir='ltr'>δὲ</span> <span class='ocrx_word' id='word_1_475' title='bbox 2923 1095 3172 1175; x_wconf 85' lang='grc' dir='ltr'>σημαίνει</span> <span class='ocrx_word' id='word_1_476' title='bbox 3197 1095 3331 1155; x_wconf 83' lang='lat' dir='ltr'>libri</span> <span class='ocrx_word' id='word_1_477' title='bbox 3350 1108 3565 1174; x_wconf 78' lang='lat' dir='ltr'>praeter</span> <span class='ocrx_word' id='word_1_478' title='bbox 3590 1099 3659 1151; x_wconf 87' lang='lat' dir='ltr'>R.</span> 
     </span>
     <span class='ocr_line' id='line_1_66' title="bbox 2112 1179 3660 1266; baseline -0.002 -23"><span class='ocrx_word' id='word_1_479' title='bbox 2112 1223 2176 1235; x_wconf 91' lang='lat'>—</span> <span class='ocrx_word' id='word_1_480' title='bbox 2206 1207 2227 1243; x_wconf 88' lang='lat'>1</span> <span class='ocrx_word' id='word_1_481' title='bbox 2261 1185 2381 1266; x_wconf 73' lang='grc' dir='ltr'>περὶ</span> <span class='ocrx_word' id='word_1_482' title='bbox 2403 1188 2497 1256; x_wconf 76' lang='grc' dir='ltr'>τῆς</span> <span class='ocrx_word' id='word_1_483' title='bbox 2520 1190 2590 1243; x_wconf 90' lang='lat' dir='ltr'>V.</span> <span class='ocrx_word' id='word_1_484' title='bbox 2621 1183 2740 1266; x_wconf 74' lang='grc' dir='ltr'>περὶ</span> <span class='ocrx_word' id='word_1_485' title='bbox 2768 1189 2861 1244; x_wconf 76' lang='grc' dir='ltr'>τοῦ</span> <span class='ocrx_word' id='word_1_486' title='bbox 2886 1187 3164 1245; x_wconf 83' lang='lat' dir='ltr'>ceteri.—</span> <span class='ocrx_word' id='word_1_487' title='bbox 3189 1205 3223 1244; x_wconf 87' lang='grc'><strong>2</strong></span> <span class='ocrx_word' id='word_1_488' title='bbox 3250 1183 3431 1263; x_wconf 80' lang='grc' dir='ltr'>ἄτιμοι</span> <span class='ocrx_word' id='word_1_489' title='bbox 3462 1179 3570 1261; x_wconf 69' lang='grc' dir='ltr'>γὰρ</span> <span class='ocrx_word' id='word_1_490' title='bbox 3587 1186 3660 1240; x_wconf 75' lang='lat' dir='ltr'>R</span> 
     </span>
     <span class='ocr_line' id='line_1_67' title="bbox 2116 1264 3663 1354; baseline -0.003 -20"><span class='ocrx_word' id='word_1_491' title='bbox 2116 1279 2296 1351; x_wconf 56' lang='lat' dir='ltr'>Regu:</span> <span class='ocrx_word' id='word_1_492' title='bbox 2324 1275 2395 1334; x_wconf 92' lang='grc' dir='ltr'>Π.</span> <span class='ocrx_word' id='word_1_493' title='bbox 2426 1272 2516 1332; x_wconf 75' lang='grc' dir='ltr'>καὶ</span> <span class='ocrx_word' id='word_1_494' title='bbox 2538 1275 2602 1333; x_wconf 88' lang='grc' dir='ltr'>Σ.</span> <span class='ocrx_word' id='word_1_495' title='bbox 2628 1271 2858 1354; x_wconf 83' lang='grc' dir='ltr'>τριήρεις</span> <span class='ocrx_word' id='word_1_496' title='bbox 2876 1264 3013 1346; x_wconf 71' lang='grc' dir='ltr'>ἦσαν</span> <span class='ocrx_word' id='word_1_497' title='bbox 3038 1273 3344 1354; x_wconf 71' lang='grc' dir='ltr'>ὑπηρέτιδες</span> <span class='ocrx_word' id='word_1_498' title='bbox 3362 1280 3472 1337; x_wconf 85' lang='grc' dir='ltr'>τοῖς</span> <span class='ocrx_word' id='word_1_499' title='bbox 3501 1270 3663 1340; x_wconf 70' lang='grc' dir='ltr'>’·Αθη</span> 
     </span>
     <span class='ocr_line' id='line_1_68' title="bbox 2116 1351 3663 1443; baseline -0.003 -24"><span class='ocrx_word' id='word_1_500' title='bbox 2116 1360 2307 1433; x_wconf 86' lang='grc' dir='ltr'>ναίοις,</span> <span class='ocrx_word' id='word_1_501' title='bbox 2335 1351 2410 1420; x_wconf 90' lang='grc' dir='ltr'>ων</span> <span class='ocrx_word' id='word_1_502' title='bbox 2444 1359 2561 1426; x_wconf 91' lang='grc' dir='ltr'>τους</span> <span class='ocrx_word' id='word_1_503' title='bbox 2589 1358 2914 1433; x_wconf 76' lang='grc' dir='ltr'>κωπηλάταις</span> <span class='ocrx_word' id='word_1_504' title='bbox 2955 1361 3226 1443; x_wconf 78' lang='grc' dir='ltr'>παράλους</span> <span class='ocrx_word' id='word_1_505' title='bbox 3256 1364 3348 1418; x_wconf 75' lang='grc' dir='ltr'>νῦν</span> <span class='ocrx_word' id='word_1_506' title='bbox 3392 1355 3663 1436; x_wconf 78' lang='grc' dir='ltr'>ὀνομάζει.</span> 
     </span>
    </p>

    <p class='ocr_par' dir='ltr' id='par_1_18' title="bbox 2119 1447 3665 1708">
     <span class='ocr_line' id='line_1_69' title="bbox 2206 1447 3665 1531; baseline -0.002 -24"><span class='ocrx_word' id='word_1_507' title='bbox 2206 1453 2375 1522; x_wconf 83' lang='lat'><strong>1073,</strong></span> <span class='ocrx_word' id='word_1_508' title='bbox 2410 1458 2441 1517; x_wconf 86' lang='grc'><strong>4</strong></span> <span class='ocrx_word' id='word_1_509' title='bbox 2470 1471 2706 1531; x_wconf 88' lang='grc' dir='ltr'>παρασκ.</span> <span class='ocrx_word' id='word_1_510' title='bbox 2730 1447 3357 1529; x_wconf 78' lang='grc' dir='ltr'>ἢπαρακελευσματικὸν</span> <span class='ocrx_word' id='word_1_511' title='bbox 3393 1447 3665 1518; x_wconf 80' lang='grc' dir='ltr'>κωπηλα-</span> 
     </span>
     <span class='ocr_line' id='line_1_70' title="bbox 2119 1535 3665 1620; baseline -0.002 -23"><span class='ocrx_word' id='word_1_512' title='bbox 2119 1536 2235 1604; x_wconf 89' lang='grc' dir='ltr'>σίας</span> <span class='ocrx_word' id='word_1_513' title='bbox 2274 1538 2404 1598; x_wconf 81' lang='lat' dir='ltr'>Ald.</span> <span class='ocrx_word' id='word_1_514' title='bbox 2438 1542 2506 1596; x_wconf 90' lang='lat' dir='ltr'>In</span> <span class='ocrx_word' id='word_1_515' title='bbox 2543 1540 2614 1598; x_wconf 91' lang='grc' dir='ltr'>Θ.</span> <span class='ocrx_word' id='word_1_516' title='bbox 2644 1538 2836 1617; x_wconf 79' lang='lat' dir='ltr'>glossa</span> <span class='ocrx_word' id='word_1_517' title='bbox 2861 1536 3180 1620; x_wconf 70' lang='grc' dir='ltr'>ἐπιφώνημα</span> <span class='ocrx_word' id='word_1_518' title='bbox 3206 1535 3451 1597; x_wconf 73' lang='grc' dir='ltr'>ναυτικὸν</span> <span class='ocrx_word' id='word_1_519' title='bbox 3480 1556 3665 1616; x_wconf 81' lang='grc' dir='ltr'>παρα·</span> 
     </span>
     <span class='ocr_line' id='line_1_71' title="bbox 2120 1625 3665 1708; baseline -0.004 -23"><span class='ocrx_word' id='word_1_520' title='bbox 2120 1625 2530 1704; x_wconf 77' lang='grc' dir='ltr'>κελευσματικὸν</span> <span class='ocrx_word' id='word_1_521' title='bbox 2560 1626 2805 1708; x_wconf 75' lang='grc' dir='ltr'>εἰρεσίας.</span> <span class='ocrx_word' id='word_1_522' title='bbox 2839 1625 2900 1685; x_wconf 78' lang='grc' dir='ltr'>τὸ</span> <span class='ocrx_word' id='word_1_523' title='bbox 2930 1629 3169 1706; x_wconf 79' lang='grc' dir='ltr'>ῥυπαπαῖ</span> <span class='ocrx_word' id='word_1_524' title='bbox 3195 1625 3458 1685; x_wconf 82' lang='lat' dir='ltr'>additum</span> <span class='ocrx_word' id='word_1_525' title='bbox 3490 1642 3571 1681; x_wconf 83' lang='lat' dir='ltr'>ex</span> <span class='ocrx_word' id='word_1_526' title='bbox 3598 1628 3665 1680; x_wconf 89' lang='lat' dir='ltr'>R.</span> 
     </span>
    </p>

    <p class='ocr_par' dir='ltr' id='par_1_19' title="bbox 2121 1710 3688 4701">
     <span class='ocr_line' id='line_1_72' title="bbox 2209 1710 3669 1793; baseline -0.003 -21"><span class='ocrx_word' id='word_1_527' title='bbox 2209 1724 2354 1786; x_wconf 85' lang='grc' dir='ltr'><strong>ιο74</strong></span> <span class='ocrx_word' id='word_1_528' title='bbox 2375 1760 2391 1788; x_wconf 93' lang='grc'>,</span> <span class='ocrx_word' id='word_1_529' title='bbox 2419 1717 2455 1772; x_wconf 88' lang='grc'><strong>6</strong></span> <span class='ocrx_word' id='word_1_530' title='bbox 2485 1735 2609 1793; x_wconf 84' lang='lat' dir='ltr'>sqq.</span> <span class='ocrx_word' id='word_1_531' title='bbox 2640 1720 2828 1773; x_wconf 84' lang='lat' dir='ltr'>Locus</span> <span class='ocrx_word' id='word_1_532' title='bbox 2856 1726 2943 1772; x_wconf 88' lang='lat' dir='ltr'>est</span> <span class='ocrx_word' id='word_1_533' title='bbox 2975 1714 3214 1792; x_wconf 84' lang='lat' dir='ltr'>insignis</span> <span class='ocrx_word' id='word_1_534' title='bbox 3246 1713 3318 1771; x_wconf 88' lang='lat' dir='ltr'>de</span> <span class='ocrx_word' id='word_1_535' title='bbox 3351 1710 3669 1790; x_wconf 87' lang='lat' dir='ltr'>generibus</span> 
     </span>
     <span class='ocr_line' id='line_1_73' title="bbox 2121 1799 3671 1881; baseline -0.003 -20"><span class='ocrx_word' id='word_1_536' title='bbox 2121 1814 2180 1861; x_wconf 90' lang='lat' dir='ltr'>et</span> <span class='ocrx_word' id='word_1_537' title='bbox 2208 1802 2510 1862; x_wconf 81' lang='lat' dir='ltr'>ordinibus</span> <span class='ocrx_word' id='word_1_538' title='bbox 2541 1803 2824 1880; x_wconf 82' lang='lat' dir='ltr'>remigum</span> <span class='ocrx_word' id='word_1_539' title='bbox 2853 1801 3011 1881; x_wconf 88' lang='lat' dir='ltr'>apud</span> <span class='ocrx_word' id='word_1_540' title='bbox 3040 1816 3292 1873; x_wconf 87' lang='lat' dir='ltr'>veteres,</span> <span class='ocrx_word' id='word_1_541' title='bbox 3318 1820 3496 1880; x_wconf 83' lang='lat' dir='ltr'>quern</span> <span class='ocrx_word' id='word_1_542' title='bbox 3528 1799 3671 1857; x_wconf 79' lang='lat' dir='ltr'>atti-—</span> 
     </span>
     <span class='ocr_line' id='line_1_74' title="bbox 2121 1888 3665 1969; baseline -0.003 -19"><span class='ocrx_word' id='word_1_543' title='bbox 2121 1904 2329 1968; x_wconf 84' lang='lat' dir='ltr'>gerunt</span> <span class='ocrx_word' id='word_1_544' title='bbox 2353 1911 2553 1950; x_wconf 86' lang='lat' dir='ltr'>omnes</span> <span class='ocrx_word' id='word_1_545' title='bbox 2584 1891 2780 1969; x_wconf 88' lang='lat' dir='ltr'>quide</span> <span class='ocrx_word' id='word_1_546' title='bbox 2806 1910 2870 1950; x_wconf 88' lang='lat' dir='ltr'>re</span> <span class='ocrx_word' id='word_1_547' title='bbox 2893 1890 3085 1949; x_wconf 81' lang='lat' dir='ltr'>navali</span> <span class='ocrx_word' id='word_1_548' title='bbox 3115 1902 3373 1948; x_wconf 78' lang='lat' dir='ltr'>veterum</span> <span class='ocrx_word' id='word_1_549' title='bbox 3399 1888 3665 1965; x_wconf 82' lang='lat' dir='ltr'>scripse-</span> 
     </span>
     <span class='ocr_line' id='line_1_75' title="bbox 2124 1975 3667 2057; baseline -0.004 -18"><span class='ocrx_word' id='word_1_550' title='bbox 2124 1993 2277 2039; x_wconf 87' lang='lat' dir='ltr'>runt.</span> <span class='ocrx_word' id='word_1_551' title='bbox 2323 1979 2468 2038; x_wconf 88' lang='lat' dir='ltr'>Vide</span> <span class='ocrx_word' id='word_1_552' title='bbox 2515 1981 2668 2039; x_wconf 89' lang='lat' dir='ltr'>inter</span> <span class='ocrx_word' id='word_1_553' title='bbox 2709 1979 2852 2039; x_wconf 86' lang='lat' dir='ltr'>alios</span> <span class='ocrx_word' id='word_1_554' title='bbox 2901 1979 3252 2057; x_wconf 79' lang='lat' dir='ltr'>scaligerum</span> <span class='ocrx_word' id='word_1_555' title='bbox 3310 1977 3385 2036; x_wconf 85' lang='lat' dir='ltr'>ad</span> <span class='ocrx_word' id='word_1_556' title='bbox 3452 1975 3667 2035; x_wconf 85' lang='lat' dir='ltr'>Euseb.</span> 
     </span>
     <span class='ocr_line' id='line_1_76' title="bbox 2123 2064 3673 2142; baseline -0.005 -13"><span class='ocrx_word' id='word_1_557' title='bbox 2123 2069 2336 2129; x_wconf 88' lang='lat' dir='ltr'>Chron.</span> <span class='ocrx_word' id='word_1_558' title='bbox 2363 2088 2519 2127; x_wconf 90' lang='lat' dir='ltr'>num.</span> <span class='ocrx_word' id='word_1_559' title='bbox 2555 2070 2736 2142; x_wconf 76' lang='lat'>1230,</span> <span class='ocrx_word' id='word_1_560' title='bbox 2768 2069 3112 2127; x_wconf 86' lang='lat' dir='ltr'>Palmerium</span> <span class='ocrx_word' id='word_1_561' title='bbox 3129 2068 3191 2126; x_wconf 90' lang='lat' dir='ltr'>in</span> <span class='ocrx_word' id='word_1_562' title='bbox 3220 2065 3567 2125; x_wconf 81' lang='lat' dir='ltr'>Exercitatt.</span> <span class='ocrx_word' id='word_1_563' title='bbox 3601 2064 3673 2123; x_wconf 85' lang='lat' dir='ltr'>ad</span> 
     </span>
     <span class='ocr_line' id='line_1_77' title="bbox 2125 2153 3673 2234; baseline -0.004 -18"><span class='ocrx_word' id='word_1_564' title='bbox 2125 2158 2452 2216; x_wconf 87' lang='lat' dir='ltr'>Memnonis</span> <span class='ocrx_word' id='word_1_565' title='bbox 2500 2163 2721 2234; x_wconf 84' lang='lat' dir='ltr'>Fragm.</span> <span class='ocrx_word' id='word_1_566' title='bbox 2768 2176 2826 2234; x_wconf 84' lang='lat' dir='ltr'>p.</span> <span class='ocrx_word' id='word_1_567' title='bbox 2884 2157 3013 2230; x_wconf 81' lang='lat'><strong>176,</strong></span> <span class='ocrx_word' id='word_1_568' title='bbox 3057 2168 3117 2214; x_wconf 91' lang='lat' dir='ltr'>et</span> <span class='ocrx_word' id='word_1_569' title='bbox 3157 2153 3549 2214; x_wconf 81' lang='lat' dir='ltr'>Meibomium</span> <span class='ocrx_word' id='word_1_570' title='bbox 3584 2156 3673 2211; x_wconf 89' lang='lat' dir='ltr'>De</span> 
     </span>
     <span class='ocr_line' id='line_1_78' title="bbox 2128 2241 3672 2324; baseline -0.003 -21"><span class='ocrx_word' id='word_1_571' title='bbox 2128 2245 2340 2305; x_wconf 80' lang='lat' dir='ltr'>fabrica</span> <span class='ocrx_word' id='word_1_572' title='bbox 2392 2246 2710 2304; x_wconf 82' lang='lat' dir='ltr'>triremium</span> <span class='ocrx_word' id='word_1_573' title='bbox 2758 2264 2888 2324; x_wconf 82' lang='lat' dir='ltr'>pag.</span> <span class='ocrx_word' id='word_1_574' title='bbox 2939 2246 3006 2302; x_wconf 86' lang='lat'>31</span> <span class='ocrx_word' id='word_1_575' title='bbox 3030 2287 3047 2313; x_wconf 85' lang='lat'><strong>,</strong></span> <span class='ocrx_word' id='word_1_576' title='bbox 3101 2246 3175 2303; x_wconf 90' lang='grc'>32</span> <span class='ocrx_word' id='word_1_577' title='bbox 3217 2243 3310 2302; x_wconf 92' lang='lat' dir='ltr'>ed.</span> <span class='ocrx_word' id='word_1_578' title='bbox 3347 2241 3672 2300; x_wconf 81' lang='lat' dir='ltr'>Amstelod.</span> 
     </span>
     <span class='ocr_line' id='line_1_79' title="bbox 2126 2331 3670 2409; baseline -0.005 -16"><span class='ocrx_word' id='word_1_579' title='bbox 2126 2339 2311 2393; x_wconf 78' lang='lat' dir='ltr'>Kusr.</span> <span class='ocrx_word' id='word_1_580' title='bbox 2335 2334 2483 2392; x_wconf 85' lang='lat' dir='ltr'>vide</span> <span class='ocrx_word' id='word_1_581' title='bbox 2507 2335 2805 2392; x_wconf 82' lang='lat' dir='ltr'>Dukerum</span> <span class='ocrx_word' id='word_1_582' title='bbox 2829 2333 2901 2391; x_wconf 87' lang='lat' dir='ltr'>ad</span> <span class='ocrx_word' id='word_1_583' title='bbox 2928 2331 3326 2409; x_wconf 84' lang='lat' dir='ltr'>Thucydidem</span> <span class='ocrx_word' id='word_1_584' title='bbox 3355 2331 3414 2404; x_wconf 87' lang='grc'>8,</span> <span class='ocrx_word' id='word_1_585' title='bbox 3440 2348 3621 2404; x_wconf 87' lang='grc'><strong>29.-</strong></span> <span class='ocrx_word' id='word_1_586' title='bbox 3638 2349 3670 2400; x_wconf 87' lang='lat'><strong>7</strong></span> 
     </span>
     <span class='ocr_line' id='line_1_80' title="bbox 2126 2416 3677 2501; baseline -0.005 -20"><span class='ocrx_word' id='word_1_587' title='bbox 2126 2424 2379 2501; x_wconf 82' lang='grc' dir='ltr'>θαλαμεῖς</span> <span class='ocrx_word' id='word_1_588' title='bbox 2407 2428 2480 2483; x_wconf 88' lang='lat' dir='ltr'>R.</span> <span class='ocrx_word' id='word_1_589' title='bbox 2525 2422 2849 2499; x_wconf 67' lang='grc' dir='ltr'>θαλαμακεῖς</span> <span class='ocrx_word' id='word_1_590' title='bbox 2889 2420 3097 2481; x_wconf 81' lang='lat' dir='ltr'>Suidas</span> <span class='ocrx_word' id='word_1_591' title='bbox 3129 2440 3174 2480; x_wconf 84' lang='lat' dir='ltr'>s.</span> <span class='ocrx_word' id='word_1_592' title='bbox 3216 2421 3273 2479; x_wconf 82' lang='lat' dir='ltr'>h.</span> <span class='ocrx_word' id='word_1_593' title='bbox 3298 2419 3494 2478; x_wconf 71' lang='grc' dir='ltr'>ν.-8</span> <span class='ocrx_word' id='word_1_594' title='bbox 3534 2416 3677 2498; x_wconf 80' lang='grc' dir='ltr'>πρὸς</span> 
     </span>
     <span class='ocr_line' id='line_1_81' title="bbox 2125 2505 3676 2590; baseline -0.005 -20"><span class='ocrx_word' id='word_1_595' title='bbox 2125 2509 2220 2578; x_wconf 75' lang='grc' dir='ltr'>τὰς</span> <span class='ocrx_word' id='word_1_596' title='bbox 2241 2510 2464 2571; x_wconf 82' lang='lat' dir='ltr'>Suidas.</span> <span class='ocrx_word' id='word_1_597' title='bbox 2484 2546 2549 2561; x_wconf 91' lang='lat'>-</span> <span class='ocrx_word' id='word_1_598' title='bbox 2579 2517 2767 2590; x_wconf 85' lang='grc' dir='ltr'>9τρεῑς</span> <span class='ocrx_word' id='word_1_599' title='bbox 2792 2529 2906 2568; x_wconf 90' lang='lat' dir='ltr'>om.</span> <span class='ocrx_word' id='word_1_600' title='bbox 2938 2514 3009 2567; x_wconf 91' lang='lat' dir='ltr'>V.</span> <span class='ocrx_word' id='word_1_601' title='bbox 3041 2510 3231 2590; x_wconf 73' lang='grc' dir='ltr'>ἐρετῶν</span> <span class='ocrx_word' id='word_1_602' title='bbox 3259 2507 3463 2566; x_wconf 81' lang='lat' dir='ltr'>Suidas</span> <span class='ocrx_word' id='word_1_603' title='bbox 3488 2505 3592 2564; x_wconf 80' lang='lat' dir='ltr'>hic</span> <span class='ocrx_word' id='word_1_604' title='bbox 3615 2517 3676 2564; x_wconf 87' lang='lat' dir='ltr'>et</span> 
     </span>
     <span class='ocr_line' id='line_1_82' title="bbox 2136 2595 3677 2678; baseline -0.004 -20"><span class='ocrx_word' id='word_1_605' title='bbox 2136 2620 2222 2659; x_wconf 90' lang='grc' dir='ltr'>ιο.</span> <span class='ocrx_word' id='word_1_606' title='bbox 2266 2598 2591 2677; x_wconf 87' lang='lat' dir='ltr'>Legebatur</span> <span class='ocrx_word' id='word_1_607' title='bbox 2622 2598 2931 2676; x_wconf 81' lang='lat' dir='ltr'>utrobique</span> <span class='ocrx_word' id='word_1_608' title='bbox 2977 2598 3392 2678; x_wconf 69' lang='grc' dir='ltr'>ἰρετμῶν.-ιι</span> <span class='ocrx_word' id='word_1_609' title='bbox 3436 2595 3677 2671; x_wconf 82' lang='grc' dir='ltr'>θαλαμῑ-</span> 
     </span>
     <span class='ocr_line' id='line_1_83' title="bbox 2126 2683 3679 2765; baseline -0.005 -18"><span class='ocrx_word' id='word_1_610' title='bbox 2126 2710 2232 2747; x_wconf 94' lang='grc' dir='ltr'>ται.</span> <span class='ocrx_word' id='word_1_611' title='bbox 2263 2693 2454 2761; x_wconf 87' lang='lat' dir='ltr'>Quum</span> <span class='ocrx_word' id='word_1_612' title='bbox 2495 2688 2691 2765; x_wconf 83' lang='lat' dir='ltr'>paullo</span> <span class='ocrx_word' id='word_1_613' title='bbox 2722 2700 2856 2764; x_wconf 89' lang='lat' dir='ltr'>post</span> <span class='ocrx_word' id='word_1_614' title='bbox 2896 2684 3189 2762; x_wconf 87' lang='grc' dir='ltr'>θαλαμίτης</span> <span class='ocrx_word' id='word_1_615' title='bbox 3220 2685 3282 2744; x_wconf 90' lang='lat' dir='ltr'>in</span> <span class='ocrx_word' id='word_1_616' title='bbox 3310 2683 3571 2761; x_wconf 81' lang='grc' dir='ltr'>θιλᾶμιοι</span> <span class='ocrx_word' id='word_1_617' title='bbox 3599 2683 3679 2740; x_wconf 82' lang='lat' dir='ltr'>sit</span> 
     </span>
     <span class='ocr_line' id='line_1_84' title="bbox 2128 2769 3676 2850; baseline -0.003 -15"><span class='ocrx_word' id='word_1_618' title='bbox 2128 2787 2410 2835; x_wconf 85' lang='lat' dir='ltr'>mutatum</span> <span class='ocrx_word' id='word_1_619' title='bbox 2441 2795 2514 2833; x_wconf 82' lang='lat' dir='ltr'>ex</span> <span class='ocrx_word' id='word_1_620' title='bbox 2552 2779 2622 2832; x_wconf 93' lang='lat' dir='ltr'>V.</span> <span class='ocrx_word' id='word_1_621' title='bbox 2653 2775 2746 2845; x_wconf 88' lang='grc' dir='ltr'>Θ.,</span> <span class='ocrx_word' id='word_1_622' title='bbox 2776 2773 2870 2832; x_wconf 85' lang='lat' dir='ltr'>bic</span> <span class='ocrx_word' id='word_1_623' title='bbox 2915 2792 3151 2850; x_wconf 86' lang='lat' dir='ltr'>quoque</span> <span class='ocrx_word' id='word_1_624' title='bbox 3187 2769 3433 2848; x_wconf 80' lang='grc' dir='ltr'>θαλάμιοι</span> <span class='ocrx_word' id='word_1_625' title='bbox 3475 2770 3676 2830; x_wconf 83' lang='grc' dir='ltr'>0οιϊί-</span> 
     </span>
     <span class='ocr_line' id='line_1_85' title="bbox 2129 2858 3678 2944; baseline -0.003 -21"><span class='ocrx_word' id='word_1_626' title='bbox 2129 2865 2379 2944; x_wconf 86' lang='lat' dir='ltr'>gendum</span> <span class='ocrx_word' id='word_1_627' title='bbox 2428 2863 2677 2923; x_wconf 81' lang='lat' dir='ltr'>videtur.</span> <span class='ocrx_word' id='word_1_628' title='bbox 2732 2868 2804 2921; x_wconf 87' lang='lat' dir='ltr'>Et</span> <span class='ocrx_word' id='word_1_629' title='bbox 2843 2863 2924 2920; x_wconf 82' lang='lat' dir='ltr'>sic</span> <span class='ocrx_word' id='word_1_630' title='bbox 2981 2863 3156 2921; x_wconf 88' lang='lat' dir='ltr'>etiam</span> <span class='ocrx_word' id='word_1_631' title='bbox 3206 2860 3267 2919; x_wconf 88' lang='lat' dir='ltr'>in</span> <span class='ocrx_word' id='word_1_632' title='bbox 3321 2859 3549 2919; x_wconf 81' lang='lat' dir='ltr'>scholio</span> <span class='ocrx_word' id='word_1_633' title='bbox 3598 2858 3678 2919; x_wconf 80' lang='lat' dir='ltr'>ad</span> 
     </span>
     <span class='ocr_line' id='line_1_86' title="bbox 2132 2947 3674 3030; baseline -0.004 -18"><span class='ocrx_word' id='word_1_634' title='bbox 2132 2953 2380 3012; x_wconf 81' lang='lat' dir='ltr'>Acbarn.</span> <span class='ocrx_word' id='word_1_635' title='bbox 2430 2953 2556 3010; x_wconf 81' lang='lat'>161.</span> <span class='ocrx_word' id='word_1_636' title='bbox 2600 2955 2958 3012; x_wconf 65' lang='lat' dir='ltr'>Dium—12</span> <span class='ocrx_word' id='word_1_637' title='bbox 3004 2947 3039 3022; x_wconf 82' lang='grc' dir='ltr'>ἢ</span> <span class='ocrx_word' id='word_1_638' title='bbox 3080 2948 3321 3030; x_wconf 86' lang='grc' dir='ltr'>θρανίτης</span> <span class='ocrx_word' id='word_1_639' title='bbox 3364 2952 3393 3007; x_wconf 81' lang='grc' dir='ltr'><strong>ὁ</strong></span> <span class='ocrx_word' id='word_1_640' title='bbox 3442 2948 3674 3009; x_wconf 72' lang='lat' dir='ltr'>Suidns.</span> 
     </span>
     <span class='ocr_line' id='line_1_87' title="bbox 2129 3035 3676 3117; baseline -0.002 -20"><span class='ocrx_word' id='word_1_641' title='bbox 2129 3040 2322 3099; x_wconf 86' lang='lat' dir='ltr'>Verba</span> <span class='ocrx_word' id='word_1_642' title='bbox 2352 3059 2484 3117; x_wconf 84' lang='lat' dir='ltr'>quae</span> <span class='ocrx_word' id='word_1_643' title='bbox 2512 3051 2865 3117; x_wconf 88' lang='lat' dir='ltr'>sequuntur,</span> <span class='ocrx_word' id='word_1_644' title='bbox 2908 3051 3179 3116; x_wconf 85' lang='lat' dir='ltr'>tanquam</span> <span class='ocrx_word' id='word_1_645' title='bbox 3211 3035 3676 3096; x_wconf 79' lang='lat' dir='ltr'>additamentum</span> 
     </span>
     <span class='ocr_line' id='line_1_88' title="bbox 2130 3125 3680 3205; baseline -0.003 -17"><span class='ocrx_word' id='word_1_646' title='bbox 2130 3129 2350 3189; x_wconf 87' lang='lat' dir='ltr'>indocti</span> <span class='ocrx_word' id='word_1_647' title='bbox 2381 3141 2441 3187; x_wconf 91' lang='lat' dir='ltr'>et</span> <span class='ocrx_word' id='word_1_648' title='bbox 2464 3128 2799 3190; x_wconf 85' lang='lat' dir='ltr'>recentioris</span> <span class='ocrx_word' id='word_1_649' title='bbox 2821 3127 3071 3186; x_wconf 77' lang='lat' dir='ltr'>Graeculi</span> <span class='ocrx_word' id='word_1_650' title='bbox 3086 3170 3103 3199; x_wconf 95' lang='lat'>,</span> <span class='ocrx_word' id='word_1_651' title='bbox 3126 3126 3392 3205; x_wconf 87' lang='lat' dir='ltr'>rejiciunt</span> <span class='ocrx_word' id='word_1_652' title='bbox 3416 3125 3680 3202; x_wconf 79' lang='lat' dir='ltr'>Scaliger</span> 
     </span>
     <span class='ocr_line' id='line_1_89' title="bbox 2128 3213 3679 3291; baseline -0.004 -13"><span class='ocrx_word' id='word_1_653' title='bbox 2128 3232 2188 3278; x_wconf 91' lang='lat' dir='ltr'>et</span> <span class='ocrx_word' id='word_1_654' title='bbox 2208 3217 2518 3277; x_wconf 83' lang='lat' dir='ltr'>Palmerius</span> <span class='ocrx_word' id='word_1_655' title='bbox 2546 3216 2686 3275; x_wconf 84' lang='lat' dir='ltr'>locis</span> <span class='ocrx_word' id='word_1_656' title='bbox 2713 3214 2979 3276; x_wconf 80' lang='lat' dir='ltr'>laudatis.</span> <span class='ocrx_word' id='word_1_657' title='bbox 3010 3220 3089 3274; x_wconf 78' lang='lat' dir='ltr'>At</span> <span class='ocrx_word' id='word_1_658' title='bbox 3117 3214 3318 3274; x_wconf 88' lang='lat' dir='ltr'>eadem</span> <span class='ocrx_word' id='word_1_659' title='bbox 3343 3225 3409 3272; x_wconf 90' lang='lat' dir='ltr'>ut</span> <span class='ocrx_word' id='word_1_660' title='bbox 3432 3213 3679 3291; x_wconf 77' lang='lat' dir='ltr'>antiqua</span> 
     </span>
     <span class='ocr_line' id='line_1_90' title="bbox 2131 3300 3681 3365; baseline -0.004 -1"><span class='ocrx_word' id='word_1_661' title='bbox 2131 3319 2189 3365; x_wconf 89' lang='lat' dir='ltr'>et</span> <span class='ocrx_word' id='word_1_662' title='bbox 2214 3304 2367 3363; x_wconf 86' lang='lat' dir='ltr'>bona</span> <span class='ocrx_word' id='word_1_663' title='bbox 2391 3304 2600 3362; x_wconf 85' lang='lat' dir='ltr'>retinet</span> <span class='ocrx_word' id='word_1_664' title='bbox 2619 3315 2677 3362; x_wconf 90' lang='lat' dir='ltr'>et</span> <span class='ocrx_word' id='word_1_665' title='bbox 2697 3301 2954 3360; x_wconf 80' lang='lat' dir='ltr'>defendit</span> <span class='ocrx_word' id='word_1_666' title='bbox 2970 3300 3317 3360; x_wconf 81' lang='lat' dir='ltr'>Meibomius</span> <span class='ocrx_word' id='word_1_667' title='bbox 3343 3306 3435 3359; x_wconf 89' lang='lat' dir='ltr'>De</span> <span class='ocrx_word' id='word_1_668' title='bbox 3458 3300 3681 3359; x_wconf 78' lang='lat' dir='ltr'>fabrica</span> 
     </span>
     <span class='ocr_line' id='line_1_91' title="bbox 2133 3387 3680 3469; baseline -0.005 -16"><span class='ocrx_word' id='word_1_669' title='bbox 2133 3394 2389 3463; x_wconf 86' lang='lat' dir='ltr'>trirem.,</span> <span class='ocrx_word' id='word_1_670' title='bbox 2430 3388 2597 3467; x_wconf 87' lang='lat' dir='ltr'>cujus</span> <span class='ocrx_word' id='word_1_671' title='bbox 2628 3390 3028 3469; x_wconf 84' lang='lat' dir='ltr'>interpretatio</span> <span class='ocrx_word' id='word_1_672' title='bbox 3075 3389 3241 3466; x_wconf 89' lang='lat' dir='ltr'>(licet</span> <span class='ocrx_word' id='word_1_673' title='bbox 3265 3389 3325 3448; x_wconf 90' lang='lat' dir='ltr'>in</span> <span class='ocrx_word' id='word_1_674' title='bbox 3366 3389 3581 3448; x_wconf 83' lang='lat' dir='ltr'>ceteris</span> <span class='ocrx_word' id='word_1_675' title='bbox 3610 3387 3680 3445; x_wconf 91' lang='lat' dir='ltr'>de</span> 
     </span>
     <span class='ocr_line' id='line_1_92' title="bbox 2134 3476 3681 3559; baseline -0.004 -19"><span class='ocrx_word' id='word_1_676' title='bbox 2134 3481 2416 3559; x_wconf 85' lang='lat' dir='ltr'>remigum</span> <span class='ocrx_word' id='word_1_677' title='bbox 2445 3478 2601 3558; x_wconf 89' lang='lat' dir='ltr'>apud</span> <span class='ocrx_word' id='word_1_678' title='bbox 2628 3492 2854 3538; x_wconf 85' lang='lat' dir='ltr'>veteres</span> <span class='ocrx_word' id='word_1_679' title='bbox 2883 3477 3187 3538; x_wconf 84' lang='lat' dir='ltr'>ordinibus</span> <span class='ocrx_word' id='word_1_680' title='bbox 3214 3476 3385 3535; x_wconf 86' lang='lat' dir='ltr'>docte</span> <span class='ocrx_word' id='word_1_681' title='bbox 3420 3476 3681 3553; x_wconf 75' lang='lat' dir='ltr'>scripse-</span> 
     </span>
     <span class='ocr_line' id='line_1_93' title="bbox 2133 3562 3681 3646; baseline -0.005 -17"><span class='ocrx_word' id='word_1_682' title='bbox 2133 3571 2238 3643; x_wconf 90' lang='lat' dir='ltr'>rit,</span> <span class='ocrx_word' id='word_1_683' title='bbox 2263 3587 2477 3646; x_wconf 87' lang='lat' dir='ltr'>eosque</span> <span class='ocrx_word' id='word_1_684' title='bbox 2507 3566 2708 3626; x_wconf 88' lang='lat' dir='ltr'>melius</span> <span class='ocrx_word' id='word_1_685' title='bbox 2738 3577 2796 3624; x_wconf 88' lang='lat' dir='ltr'>et</span> <span class='ocrx_word' id='word_1_686' title='bbox 2825 3567 3017 3645; x_wconf 85' lang='lat' dir='ltr'>aptius</span> <span class='ocrx_word' id='word_1_687' title='bbox 3041 3583 3215 3642; x_wconf 83' lang='lat' dir='ltr'>quam</span> <span class='ocrx_word' id='word_1_688' title='bbox 3257 3564 3357 3622; x_wconf 84' lang='lat' dir='ltr'>alii</span> <span class='ocrx_word' id='word_1_689' title='bbox 3390 3562 3681 3621; x_wconf 80' lang='lat' dir='ltr'>collocare</span> 
     </span>
     <span class='ocr_line' id='line_1_94' title="bbox 2134 3649 3679 3734; baseline -0.007 -16"><span class='ocrx_word' id='word_1_690' title='bbox 2134 3658 2272 3718; x_wconf 85' lang='lat' dir='ltr'>mibi</span> <span class='ocrx_word' id='word_1_691' title='bbox 2318 3654 2606 3734; x_wconf 83' lang='lat' dir='ltr'>videatur)</span> <span class='ocrx_word' id='word_1_692' title='bbox 2654 3654 2750 3712; x_wconf 81' lang='lat' dir='ltr'>hie</span> <span class='ocrx_word' id='word_1_693' title='bbox 2796 3666 2987 3711; x_wconf 84' lang='lat' dir='ltr'>tamen</span> <span class='ocrx_word' id='word_1_694' title='bbox 3032 3653 3174 3712; x_wconf 85' lang='lat' dir='ltr'>mibi</span> <span class='ocrx_word' id='word_1_695' title='bbox 3216 3671 3335 3709; x_wconf 90' lang='lat' dir='ltr'>non</span> <span class='ocrx_word' id='word_1_696' title='bbox 3383 3649 3679 3709; x_wconf 76' lang='lat' dir='ltr'>satisfacit.</span> 
     </span>
     <span class='ocr_line' id='line_1_95' title="bbox 2135 3741 3679 3822; baseline -0.006 -17"><span class='ocrx_word' id='word_1_697' title='bbox 2135 3749 2328 3820; x_wconf 86' lang='lat' dir='ltr'>Quare</span> <span class='ocrx_word' id='word_1_698' title='bbox 2351 3743 2568 3820; x_wconf 64' lang='lat' dir='ltr'>inclino</span> <span class='ocrx_word' id='word_1_699' title='bbox 2596 3741 2790 3822; x_wconf 86' lang='lat' dir='ltr'>potius</span> <span class='ocrx_word' id='word_1_700' title='bbox 2813 3741 2874 3798; x_wconf 93' lang='lat' dir='ltr'>in</span> <span class='ocrx_word' id='word_1_701' title='bbox 2904 3760 3029 3799; x_wconf 84' lang='lat' dir='ltr'>eam</span> <span class='ocrx_word' id='word_1_702' title='bbox 3055 3741 3419 3810; x_wconf 81' lang='lat' dir='ltr'>sententiam,</span> <span class='ocrx_word' id='word_1_703' title='bbox 3454 3750 3519 3795; x_wconf 92' lang='lat' dir='ltr'>ut</span> <span class='ocrx_word' id='word_1_704' title='bbox 3547 3757 3679 3796; x_wconf 87' lang='lat' dir='ltr'>cre-</span> 
     </span>
     <span class='ocr_line' id='line_1_96' title="bbox 2135 3826 3681 3907; baseline -0.006 -14"><span class='ocrx_word' id='word_1_705' title='bbox 2135 3836 2288 3905; x_wconf 83' lang='lat' dir='ltr'>dam,</span> <span class='ocrx_word' id='word_1_706' title='bbox 2315 3830 2493 3890; x_wconf 83' lang='lat' dir='ltr'>verba</span> <span class='ocrx_word' id='word_1_707' title='bbox 2519 3829 2642 3889; x_wconf 84' lang='lat' dir='ltr'>haec</span> <span class='ocrx_word' id='word_1_708' title='bbox 2668 3829 2905 3888; x_wconf 86' lang='lat' dir='ltr'>scholiis</span> <span class='ocrx_word' id='word_1_709' title='bbox 2941 3829 3195 3907; x_wconf 87' lang='lat' dir='ltr'>antiquis</span> <span class='ocrx_word' id='word_1_710' title='bbox 3218 3826 3416 3887; x_wconf 86' lang='lat' dir='ltr'>addita</span> <span class='ocrx_word' id='word_1_711' title='bbox 3443 3826 3621 3884; x_wconf 83' lang='lat' dir='ltr'>fuisse</span> <span class='ocrx_word' id='word_1_712' title='bbox 3646 3847 3681 3883; x_wconf 77' lang='lat' dir='ltr'>a</span> 
     </span>
     <span class='ocr_line' id='line_1_97' title="bbox 2135 3915 3683 3997; baseline -0.006 -16"><span class='ocrx_word' id='word_1_713' title='bbox 2135 3922 2314 3983; x_wconf 85' lang='lat' dir='ltr'>sciolo</span> <span class='ocrx_word' id='word_1_714' title='bbox 2333 3920 2529 3997; x_wconf 89' lang='lat' dir='ltr'>aliquo</span> <span class='ocrx_word' id='word_1_715' title='bbox 2546 3962 2563 3993; x_wconf 91' lang='lat'>,</span> <span class='ocrx_word' id='word_1_716' title='bbox 2591 3920 2692 3996; x_wconf 89' lang='lat' dir='ltr'>qui</span> <span class='ocrx_word' id='word_1_717' title='bbox 2712 3930 2977 3997; x_wconf 86' lang='lat' dir='ltr'>putaret,</span> <span class='ocrx_word' id='word_1_718' title='bbox 3005 3935 3297 3976; x_wconf 88' lang='lat' dir='ltr'>remorum</span> <span class='ocrx_word' id='word_1_719' title='bbox 3323 3934 3531 3974; x_wconf 86' lang='lat' dir='ltr'>versus</span> <span class='ocrx_word' id='word_1_720' title='bbox 3558 3915 3683 3972; x_wconf 80' lang='lat' dir='ltr'>sive</span> 
     </span>
     <span class='ocr_line' id='line_1_98' title="bbox 2135 4002 3683 4069; baseline -0.006 0"><span class='ocrx_word' id='word_1_721' title='bbox 2135 4010 2367 4069; x_wconf 87' lang='lat' dir='ltr'>ordines</span> <span class='ocrx_word' id='word_1_722' title='bbox 2404 4008 2464 4066; x_wconf 90' lang='lat' dir='ltr'>in</span> <span class='ocrx_word' id='word_1_723' title='bbox 2503 4020 2766 4066; x_wconf 86' lang='lat' dir='ltr'>veterum</span> <span class='ocrx_word' id='word_1_724' title='bbox 2807 4005 3141 4066; x_wconf 87' lang='lat' dir='ltr'>triremibus</span> <span class='ocrx_word' id='word_1_725' title='bbox 3178 4023 3297 4063; x_wconf 92' lang='lat' dir='ltr'>non</span> <span class='ocrx_word' id='word_1_726' title='bbox 3329 4004 3507 4062; x_wconf 85' lang='lat' dir='ltr'>fuisse</span> <span class='ocrx_word' id='word_1_727' title='bbox 3536 4002 3683 4059; x_wconf 81' lang='lat' dir='ltr'>alios</span> 
     </span>
     <span class='ocr_line' id='line_1_99' title="bbox 2137 4095 3685 4176; baseline -0.006 -20"><span class='ocrx_word' id='word_1_728' title='bbox 2137 4117 2309 4176; x_wconf 85' lang='lat' dir='ltr'>supra</span> <span class='ocrx_word' id='word_1_729' title='bbox 2330 4095 2473 4155; x_wconf 86' lang='lat' dir='ltr'>alios</span> <span class='ocrx_word' id='word_1_730' title='bbox 2495 4106 2847 4167; x_wconf 83' lang='lat' dir='ltr'>exstructos,</span> <span class='ocrx_word' id='word_1_731' title='bbox 2877 4095 2980 4154; x_wconf 88' lang='lat' dir='ltr'>sed</span> <span class='ocrx_word' id='word_1_732' title='bbox 3005 4095 3063 4152; x_wconf 90' lang='lat' dir='ltr'>in</span> <span class='ocrx_word' id='word_1_733' title='bbox 3091 4095 3327 4172; x_wconf 86' lang='lat' dir='ltr'>longum</span> <span class='ocrx_word' id='word_1_734' title='bbox 3350 4103 3685 4171; x_wconf 86' lang='lat' dir='ltr'>porrectos,</span> 
     </span>
     <span class='ocr_line' id='line_1_100' title="bbox 2136 4180 3686 4258; baseline -0.006 -14"><span class='ocrx_word' id='word_1_735' title='bbox 2136 4186 2258 4244; x_wconf 84' lang='lat' dir='ltr'>sive</span> <span class='ocrx_word' id='word_1_736' title='bbox 2300 4185 2360 4242; x_wconf 89' lang='lat' dir='ltr'>in</span> <span class='ocrx_word' id='word_1_737' title='bbox 2403 4181 2605 4240; x_wconf 87' lang='lat' dir='ltr'>eodem</span> <span class='ocrx_word' id='word_1_738' title='bbox 2653 4180 2911 4240; x_wconf 83' lang='lat' dir='ltr'>tabulato</span> <span class='ocrx_word' id='word_1_739' title='bbox 2960 4181 3126 4240; x_wconf 83' lang='lat' dir='ltr'>navis</span> <span class='ocrx_word' id='word_1_740' title='bbox 3160 4181 3331 4258; x_wconf 61' lang='lat' dir='ltr'>juxta</span> <span class='ocrx_word' id='word_1_741' title='bbox 3373 4199 3437 4237; x_wconf 92' lang='lat' dir='ltr'>se</span> <span class='ocrx_word' id='word_1_742' title='bbox 3479 4198 3686 4236; x_wconf 83' lang='lat' dir='ltr'>omnes</span> 
     </span>
     <span class='ocr_line' id='line_1_101' title="bbox 2136 4266 3685 4349; baseline -0.006 -17"><span class='ocrx_word' id='word_1_743' title='bbox 2136 4273 2446 4332; x_wconf 85' lang='lat' dir='ltr'>collocatos</span> <span class='ocrx_word' id='word_1_744' title='bbox 2473 4292 2486 4327; x_wconf 77' lang='grc' dir='ltr'><em>τ</em></span> <span class='ocrx_word' id='word_1_745' title='bbox 2514 4283 2687 4349; x_wconf 87' lang='lat' dir='ltr'>prout</span> <span class='ocrx_word' id='word_1_746' title='bbox 2710 4270 2933 4328; x_wconf 87' lang='lat' dir='ltr'>censuit</span> <span class='ocrx_word' id='word_1_747' title='bbox 2962 4271 3136 4329; x_wconf 88' lang='lat' dir='ltr'>etiam</span> <span class='ocrx_word' id='word_1_748' title='bbox 3164 4274 3414 4327; x_wconf 66' lang='lat' dir='ltr'>lazarus</span> <span class='ocrx_word' id='word_1_749' title='bbox 3447 4266 3685 4343; x_wconf 80' lang='lat' dir='ltr'>Bayfius</span> 
     </span>
     <span class='ocr_line' id='line_1_102' title="bbox 2137 4353 3688 4435; baseline -0.006 -16"><span class='ocrx_word' id='word_1_750' title='bbox 2137 4362 2198 4419; x_wconf 88' lang='lat' dir='ltr'>in</span> <span class='ocrx_word' id='word_1_751' title='bbox 2221 4359 2372 4418; x_wconf 89' lang='lat' dir='ltr'>libro</span> <span class='ocrx_word' id='word_1_752' title='bbox 2402 4362 2491 4417; x_wconf 89' lang='lat' dir='ltr'>De</span> <span class='ocrx_word' id='word_1_753' title='bbox 2520 4377 2583 4417; x_wconf 90' lang='lat' dir='ltr'>re</span> <span class='ocrx_word' id='word_1_754' title='bbox 2618 4358 2841 4431; x_wconf 83' lang='lat' dir='ltr'>navali,</span> <span class='ocrx_word' id='word_1_755' title='bbox 2881 4359 2982 4435; x_wconf 88' lang='lat' dir='ltr'>qui</span> <span class='ocrx_word' id='word_1_756' title='bbox 3018 4357 3217 4416; x_wconf 85' lang='lat' dir='ltr'>salsam</span> <span class='ocrx_word' id='word_1_757' title='bbox 3253 4356 3406 4414; x_wconf 85' lang='lat' dir='ltr'>illam</span> <span class='ocrx_word' id='word_1_758' title='bbox 3443 4353 3688 4430; x_wconf 87' lang='lat' dir='ltr'>opinio·—</span> 
     </span>
     <span class='ocr_line' id='line_1_103' title="bbox 2139 4439 3685 4519; baseline -0.008 -10"><span class='ocrx_word' id='word_1_759' title='bbox 2139 4469 2268 4509; x_wconf 88' lang='lat' dir='ltr'>nem</span> <span class='ocrx_word' id='word_1_760' title='bbox 2296 4468 2369 4507; x_wconf 87' lang='lat' dir='ltr'>ex</span> <span class='ocrx_word' id='word_1_761' title='bbox 2394 4447 2519 4506; x_wconf 92' lang='lat' dir='ltr'>solo</span> <span class='ocrx_word' id='word_1_762' title='bbox 2547 4446 2658 4506; x_wconf 85' lang='lat' dir='ltr'>hoc</span> <span class='ocrx_word' id='word_1_763' title='bbox 2697 4447 2829 4505; x_wconf 91' lang='lat' dir='ltr'>loco</span> <span class='ocrx_word' id='word_1_764' title='bbox 2854 4446 3175 4506; x_wconf 82' lang='lat' dir='ltr'>scholiastae</span> <span class='ocrx_word' id='word_1_765' title='bbox 3209 4441 3392 4503; x_wconf 87' lang='lat' dir='ltr'>nostri</span> <span class='ocrx_word' id='word_1_766' title='bbox 3424 4439 3685 4519; x_wconf 81' lang='lat' dir='ltr'>probare</span> 
     </span>
     <span class='ocr_line' id='line_1_104' title="bbox 2137 4528 3685 4595; baseline -0.007 0"><span class='ocrx_word' id='word_1_767' title='bbox 2137 4548 2197 4595; x_wconf 84' lang='lat' dir='ltr'>ct</span> <span class='ocrx_word' id='word_1_768' title='bbox 2233 4535 2541 4595; x_wconf 86' lang='lat' dir='ltr'>defendere</span> <span class='ocrx_word' id='word_1_769' title='bbox 2580 4535 2801 4592; x_wconf 90' lang='lat' dir='ltr'>nititur.</span> <span class='ocrx_word' id='word_1_770' title='bbox 2850 4538 3035 4592; x_wconf 81' lang='lat' dir='ltr'>Kos-r.</span> <span class='ocrx_word' id='word_1_771' title='bbox 3077 4532 3216 4591; x_wconf 89' lang='lat' dir='ltr'>Vide</span> <span class='ocrx_word' id='word_1_772' title='bbox 3253 4532 3561 4591; x_wconf 79' lang='lat' dir='ltr'>Dukerum</span> <span class='ocrx_word' id='word_1_773' title='bbox 3608 4528 3685 4586; x_wconf 80' lang='lat' dir='ltr'>ad</span> 
     </span>
     <span class='ocr_line' id='line_1_105' title="bbox 2138 4619 3342 4701; baseline -0.006 -17"><span class='ocrx_word' id='word_1_774' title='bbox 2138 4623 2403 4701; x_wconf 80' lang='lat' dir='ltr'>Thucyd.</span> <span class='ocrx_word' id='word_1_775' title='bbox 2450 4631 2514 4696; x_wconf 87' lang='grc'>4,</span> <span class='ocrx_word' id='word_1_776' title='bbox 2562 4625 2731 4681; x_wconf 85' lang='grc'><strong>32.-</strong></span> <span class='ocrx_word' id='word_1_777' title='bbox 2769 4623 2836 4679; x_wconf 82' lang='lat'>13</span> <span class='ocrx_word' id='word_1_778' title='bbox 2880 4619 3139 4697; x_wconf 79' lang='grc' dir='ltr'>θαλάμιος</span> <span class='ocrx_word' id='word_1_779' title='bbox 3178 4626 3246 4678; x_wconf 90' lang='lat' dir='ltr'>V.</span> <span class='ocrx_word' id='word_1_780' title='bbox 3270 4620 3342 4681; x_wconf 89' lang='grc' dir='ltr'>Θ.</span> 
     </span>
    </p>

    <p class='ocr_par' dir='ltr' id='par_1_20' title="bbox 2139 4708 3687 4881">
     <span class='ocr_line' id='line_1_106' title="bbox 2139 4708 3687 4789; baseline -0.007 -17"><span class='ocrx_word' id='word_1_781' title='bbox 2139 4711 2274 4772; x_wconf 82' lang='lat' dir='ltr'>Ald.</span> <span class='ocrx_word' id='word_1_782' title='bbox 2318 4724 2374 4768; x_wconf 90' lang='lat' dir='ltr'>et</span> <span class='ocrx_word' id='word_1_783' title='bbox 2414 4709 2642 4771; x_wconf 83' lang='lat' dir='ltr'>Suidas.</span> <span class='ocrx_word' id='word_1_784' title='bbox 2673 4710 2785 4766; x_wconf 86' lang='lat' dir='ltr'>Vul</span> <span class='ocrx_word' id='word_1_785' title='bbox 2828 4728 2866 4767; x_wconf 93' lang='grc'><strong>0</strong></span> <span class='ocrx_word' id='word_1_786' title='bbox 2907 4708 3232 4789; x_wconf 84' lang='grc' dir='ltr'>πρώραν.-</span> <span class='ocrx_word' id='word_1_787' title='bbox 3256 4715 3326 4776; x_wconf 83' lang='grc' dir='ltr'>ι4</span> <span class='ocrx_word' id='word_1_788' title='bbox 3368 4724 3457 4783; x_wconf 82' lang='lat' dir='ltr'>sq.</span> <span class='ocrx_word' id='word_1_789' title='bbox 3620 4739 3687 4752; x_wconf 90' lang='lat'>—-</span> 
     </span>
     <span class='ocr_line' id='line_1_107' title="bbox 2139 4728 3687 4881; baseline -0.006 -23"><span class='ocrx_word' id='word_1_790' title='bbox 2139 4800 2353 4881; x_wconf 87' lang='grc' dir='ltr'>παρδεῖν</span> <span class='ocrx_word' id='word_1_791' title='bbox 2384 4818 2500 4856; x_wconf 88' lang='lat' dir='ltr'>om.</span> <span class='ocrx_word' id='word_1_792' title='bbox 2530 4796 2756 4856; x_wconf 84' lang='lat' dir='ltr'>Suidas.</span> <span class='ocrx_word' id='word_1_793' title='bbox 2784 4728 2890 4856; x_wconf 62' lang='grc' dir='ltr'>ἕῖον</span> <span class='ocrx_word' id='word_1_794' title='bbox 2934 4793 3413 4879; x_wconf 75' lang='grc' dir='ltr'>παρασυγκαθίδρα</span> <span class='ocrx_word' id='word_1_795' title='bbox 3446 4803 3507 4850; x_wconf 85' lang='lat' dir='ltr'>et</span> <span class='ocrx_word' id='word_1_796' title='bbox 3542 4813 3687 4872; x_wconf 78' lang='grc' dir='ltr'>παρ-</span> 
     </span>
    </p>
   </div>
   <div class='ocr_carea' id='block_1_5' title="bbox 2142 4884 3689 5053">
    <p class='ocr_par' dir='ltr' id='par_1_21' title="bbox 2142 4884 3689 5053">
     <span class='ocr_line' id='line_1_108' title="bbox 2142 4884 2850 4965; baseline -0.003 -21"><span class='ocrx_word' id='word_1_797' title='bbox 2142 4886 2246 4945; x_wconf 86' lang='grc' dir='ltr'>δεῖν</span> <span class='ocrx_word' id='word_1_798' title='bbox 2275 4888 2345 4946; x_wconf 90' lang='grc' dir='ltr'>Θ.</span> <span class='ocrx_word' id='word_1_799' title='bbox 2374 4885 2628 4965; x_wconf 84' lang='grc' dir='ltr'>παραδεῖν</span> <span class='ocrx_word' id='word_1_800' title='bbox 2655 4884 2850 4942; x_wconf 89' lang='lat' dir='ltr'>ceteri.</span> 
     </span>
     <span class='ocr_line' id='line_1_109' title="bbox 2228 4967 3689 5053; baseline 0 -23"><span class='ocrx_word' id='word_1_801' title='bbox 2228 4976 2395 5045; x_wconf 83' lang='lat'>1075,</span> <span class='ocrx_word' id='word_1_802' title='bbox 2426 4994 2491 5045; x_wconf 85' lang='lat'>17</span> <span class='ocrx_word' id='word_1_803' title='bbox 2522 4974 2763 5053; x_wconf 77' lang='grc' dir='ltr'>ρυπῶσαι</span> <span class='ocrx_word' id='word_1_804' title='bbox 2787 4972 3049 5032; x_wconf 80' lang='lat' dir='ltr'>additum</span> <span class='ocrx_word' id='word_1_805' title='bbox 3070 4991 3144 5030; x_wconf 84' lang='lat' dir='ltr'>ex</span> <span class='ocrx_word' id='word_1_806' title='bbox 3176 4974 3246 5030; x_wconf 87' lang='lat' dir='ltr'>V.</span> <span class='ocrx_word' id='word_1_807' title='bbox 3271 4970 3344 5030; x_wconf 93' lang='grc' dir='ltr'>Θ.</span> <span class='ocrx_word' id='word_1_808' title='bbox 3363 5006 3424 5019; x_wconf 92' lang='lat'><em>—</em></span> <span class='ocrx_word' id='word_1_809' title='bbox 3468 4970 3542 5029; x_wconf 82' lang='lat'>18</span> <span class='ocrx_word' id='word_1_810' title='bbox 3570 4967 3609 5041; x_wconf 70' lang='grc' dir='ltr'>ἢ</span> <span class='ocrx_word' id='word_1_811' title='bbox 3631 4992 3689 5030; x_wconf 77' lang='grc' dir='ltr'>κ.</span> 
     </span>
    </p>
   </div>
   <div class='ocr_carea' id='block_1_6' title="bbox 2142 5063 2537 5141">
    <p class='ocr_par' dir='ltr' id='par_1_22' title="bbox 2142 5063 2537 5141">
     <span class='ocr_line' id='line_1_110' title="bbox 2142 5063 2537 5141; baseline 0 -21"><span class='ocrx_word' id='word_1_812' title='bbox 2142 5064 2303 5141; x_wconf 77' lang='grc' dir='ltr'>αἰγῶν</span> <span class='ocrx_word' id='word_1_813' title='bbox 2332 5080 2445 5119; x_wconf 86' lang='lat' dir='ltr'>om.</span> <span class='ocrx_word' id='word_1_814' title='bbox 2465 5063 2537 5120; x_wconf 85' lang='grc' dir='ltr'>Θ.</span> 
     </span>
    </p>
   </div>
  </div>
 </body>
</html>
