3859 5725
1659 200 1916 294 rmri.

3248 197 3364 250 555

225 358 543 428 Dobraeus,
568 341 797 414 frustra'
808 351 1105 429 corrigens
1138 345 1317 406 infimi
1352 364 1463 402 ενι
1492 336 1751 419 scripto·
1841 330 2072 411 μέγιστα
2111 331 2216 390 τῶν
2245 325 2514 405 δημοσίων
2553 323 2881 408 πραγμάτων
2923 322 3170 406 ἐκρίνετο.
3212 311 3278 393 ἦν
3321 318 3378 379 δὲ

231 466 371 506 rem.
397 451 579 504 Dum.
599 478 665 492 --
693 440 761 497 16
781 437 1206 520 ζαρομάγουλον,
1227 433 1265 493 i.
1295 452 1345 492 e.
1368 430 1469 509 qui
1494 427 1753 490 maxillas
1839 422 2028 512 χιλίων
2055 417 2414 480 πεντακοσίων
2454 415 2545 477 καὶ
2588 415 2715 483 ἑνός.
2762 412 3023 494 συνῄεσαν
3072 412 3127 470 δὲ
3177 414 3226 472 οἱ
3280 408 3379 489 μὲν

230 533 407 592 habet
424 550 678 609 rugosas
706 526 1050 590 Addendum
1077 522 1189 582 hoc
1214 518 1563 580 vocabulum
1583 517 1756 575 Glos-
1840 510 2008 596 χίλιοι
2031 506 2372 570 πεντακόσιοι
2402 508 2466 565 ἐκ
2491 508 2651 586 τριῶν
2682 503 2878 584 φυλῶν.
2920 500 3146 575 Quodsi
3177 519 3384 558 verum

233 620 384 681 sario
416 617 716 696 Ducangii.
742 618 923 676 Idem.

676 723 692 753 ἱ

318 771 429 841 267
450 813 466 840 ,
506 769 579 825 26
618 721 858 838 κῗηλήτην
899 763 1073 824 Paris.
1097 795 1157 807 —
1192 759 1262 819 34
1307 760 1411 818 τῶν
1442 753 1548 827 ἔτι-η
1580 754 1759 813 Paris.

236 852 355 915 ἴσον
378 854 490 913 ἐστὶ
511 857 588 933 τῷ
615 858 757 929 Reg.

323 945 436 1002 268
461 945 545 1001 sic
568 944 630 1000 in
649 946 744 1013 V„
766 937 827 998 τὸ
849 935 967 1008 ἑξῆς
986 923 1031 994 ὦ
1055 933 1303 1020 ἀγγείλας
1322 930 1517 1013 χρυσὸν
1548 926 1636 987 διὰ
1656 930 1761 986 τῶν

242 1036 400 1093 ἐπῶν.
429 1033 653 1096 ἀττικῶς
699 1030 886 1106 (corr.
931 1021 1178 1099 Ἀττικὴ)
1220 1028 1256 1094 ἡ
1292 1018 1540 1091 συνήθεια
1561 1041 1575 1055 ·
1611 1013 1764 1083 ὡςδὲ

241 1118 546 1199 πολύπειροι
576 1131 631 1176 et
656 1135 782 1193 quae
807 1123 1126 1192 sequuntur
1153 1111 1190 1173 l.
1223 1121 1315 1180 40.
1335 1146 1397 1158 -
1422 1109 1496 1166 36
1521 1104 1767 1186 ἀγγείλας

245 1213 304 1270 ἐκ
328 1211 433 1267 τῶν
458 1209 598 1265 ἐπῶν
622 1212 690 1264 R.
718 1201 755 1274 ἢ
785 1223 897 1262 om.
923 1203 995 1263 Θ.
1228 1209 1243 1218 ’

328 1298 471 1370 269,
503 1306 577 1365 40
611 1291 704 1364 τὴν
731 1289 992 1350 πλουσίαν
1021 1292 1115 1347 ὑπ.
1148 1289 1220 1346 V.
1252 1327 1317 1338 —
1344 1297 1413 1357 41
1456 1281 1767 1366 ἀπογραφήν

246 1384 373 1444 Ald.
410 1383 467 1442 δὲ
494 1403 607 1441 om.
629 1387 700 1444 R.
723 1385 793 1440 V.
824 1406 850 1433 α
876 1378 1199 1456 Exscripsit
1240 1376 1447 1437 Suidas
1487 1393 1668 1452 usque
1696 1372 1769 1431 ad

245 1471 488 1556 πλούσιοί
517 1473 647 1530 εἶσιν
680 1471 717 1529 l.
745 1478 818 1542 47
849 1470 908 1527 iu
940 1466 1122 1547 Σωρὸν
1150 1464 1442 1549 χρημάτων
1470 1461 1770 1542 ἀγγέλλεις,

248 1562 471 1621 omissis
501 1558 649 1641 σορὸς
674 1555 837 1616 δὲ-ω
862 1554 1262 1635 μεγάλου,ι]υεε
1280 1555 1335 1612 in
1361 1550 1492 1612 Ald.
1535 1551 1774 1609 adnota-

250 1652 397 1710 tioni
420 1647 673 1706 finitimae
690 1645 761 1704 ad
779 1665 831 1704 v.
858 1664 968 1716 270
987 1641 1294 1719 subjuncta
1312 1646 1521 1700 Portus
1537 1640 1598 1698 in
1620 1639 1775 1696 hunc

250 1737 705 1798 commodiorem
740 1734 932 1791 locum
977 1740 1365 1790 revocaverat.
1393 1757 1415 1778 ι
1450 1731 1674 1786 Ηιικετ.
1714 1763 1777 1777 --

255 1831 326 1899 43
355 1826 414 1887 τὸ
441 1824 653 1901 συνάγω
680 1828 749 1881 R.
787 1817 1250 1904 σορὸς-μεγάλου
1282 1837 1399 1876 om.
1433 1817 1608 1874 etiam
1638 1815 1777 1875 9.-

258 1918 330 1985 45
356 1914 447 1975 καὶ
467 1933 583 1972 om.
614 1910 742 1969 Ald.
774 1906 1003 1988 μεγάλου
1026 1927 1143 1965 om.
1168 1910 1236 1964 V.
1267 1943 1330 1956 -
1354 1904 1431 1962 46
1457 1905 1781 1968 εὖθυνοῢντες

255 2005 325 2064 Θ.
351 2002 482 2062 Ald.
511 2037 576 2051 —
604 2008 675 2070 47
708 1999 835 2056 εἰσιν
865 2016 979 2054 om.
1000 2000 1069 2055 V.

341 2110 474 2162 270,
507 2087 573 2147 51
605 2098 739 2165 post
756 2079 1130 2161 συμπτώματα
1158 2082 1220 2138 in
1240 2086 1310 2139 V.
1340 2091 1663 2157 sequuntur
1684 2077 1782 2136 illa

260 2178 495 2250 θηλυκῶς
521 2174 716 2252 (scrib.
756 2171 904 2253 σορὸς
937 2169 992 2228 δὲ
1021 2168 1275 2245 θηλυκῶς)
1315 2164 1572 2226 ἐπὶ-διὰ
1596 2170 1688 2223 τοῦ
1712 2187 1778 2225 ω.

342 2285 412 2337 27
428 2285 476 2337 1,
507 2263 579 2322 53
604 2259 665 2320 τὸ
686 2257 1025 2341 προκείμενον
1053 2255 1090 2330 ἢ
1116 2253 1403 2341 προκόμιον
1432 2259 1503 2313 V.
1521 2288 1588 2302 -
1608 2274 1640 2310 2
1661 2250 1786 2312 Ἄλ-

259 2350 567 2419 λως-ἄκος
594 2370 709 2408 om.
738 2353 811 2407 R.
850 2348 923 2406 Θ.
959 2360 1017 2406 et
1057 2346 1264 2406 Suidas
1293 2366 1338 2403 s.
1380 2341 1621 2415 Φενάκη.
1646 2376 1718 2388 -
1750 2342 1784 2399 3

261 2440 453 2521 κυρίως
506 2437 577 2497 ,δὲ
628 2442 702 2495 V.
740 2436 955 2495 omisso
1032 2433 1252 2518 φενάκη.
1274 2469 1337 2482 -
1360 2435 1392 2492 5
1470 2433 1786 2491 ἅπατουσῶν

261 2527 395 2587 libri
428 2539 487 2586 et
522 2523 745 2584 Suidas.
780 2523 1078 2581 ἀπατωσῶν
1122 2524 1343 2580 Hemst.
1374 2518 1436 2578 τὸ
1478 2517 1787 2578 ἐπείσακτον

261 2620 355 2688 τῆς
380 2613 550 2692 κόμης
573 2612 701 2672 Ald.

343 2721 490 2775 272,
529 2720 567 2775 9
607 2698 643 2772 ἢ
685 2695 1013 2780 τὸ--μιαρόν
1043 2695 1299 2756 additum
1345 2716 1418 2754 ex
1457 2699 1528 2752 V.
1563 2731 1627 2744 —
1657 2716 1727 2753 10
1753 2699 1790 2767 ἡ

265 2812 378 2849 om.
409 2791 479 2851 Θ.
506 2787 659 2868 βάσιν
684 2790 1068 2868 νεαροποιοῧσα
1089 2808 1105 2822 ·
1130 2783 1165 2856 ἢ
1196 2789 1268 2843 V.
1289 2821 1353 2833 —
1383 2805 1406 2840 1
1424 2805 1449 2841 1
1499 2782 1577 2850 τίς
1611 2785 1751 2843 ἐστιν
1774 2828 1792 2858 ,

264 2878 418 2939 οἱονεὶ
446 2876 646 2957 βάσεως
669 2876 740 2936 Θ.
764 2875 887 2934 ΑΙά.
911 2870 946 2945 ἢ
974 2873 1053 2941 τὶς
1074 2878 1168 2945 τῆς
1193 2872 1316 2952 βάσ.
1347 2877 1418 2930 G.
1439 2869 1530 2931 καὶ
1553 2874 1606 2930 ἓν
1629 2875 1795 2932 πλεο-

264 2970 456 3046 νασμῷ
488 2967 559 3026 Θ.
578 2962 710 3024 Ald.
735 2999 796 3010 —
830 2983 851 3021 ι
867 2982 899 3019 2
921 2960 1122 3027 Ἄλλως
1146 2981 1219 3019 ex
1239 2966 1312 3019 V.
1338 2959 1619 3018 additum.
1649 2959 1792 3020 πάν-

265 3078 350 3121 τες
373 3050 476 3133 γὰρ
514 3052 563 3111 οἳ
595 3049 724 3109 Ald.
758 3048 952 3114 πάντες
987 3044 1044 3105 δὲ
1091 3048 1141 3105 οἳ
1179 3048 1251 3107 Θ.
1288 3083 1351 3096 -—
1385 3046 1453 3104 15
1506 3044 1796 3126 ἀμύνεσθαι

269 3140 393 3201 Αἰά.

351 3235 465 3301 274
508 3224 762 3301 Regius:
794 3222 970 3282 Τοῦτο
1007 3218 1202 3303 φησὶν,
1241 3219 1323 3280 ὅτι
1376 3224 1553 3290 κακῶς
1597 3222 1799 3304 κρίνετε

271 3312 732 3393 ὖπολαμὸάνοντες
773 3309 871 3389 ἐμὲ
916 3311 1147 3392 φυσικῶς
1176 3307 1239 3368 τὸ
1277 3310 1465 3391 ψεῦδος
1536 3311 1660 3368 ιλεῖν
1687 3332 1701 3347 ·
1738 3311 1799 3368 οὗ

271 3403 371 3488 γὰρ
399 3402 681 3487 ἔφενάκισα
710 3402 842 3476 ὑμᾶς
859 3442 876 3470 ,
904 3395 1040 3457 ἀλλὰ
1072 3398 1453 3476 σεμνυνόμενος
1476 3421 1501 3457 ε
1523 3421 1638 3457 πον.

354 3493 493 3565 275,
523 3491 596 3548 25
634 3485 772 3556 ἄξιος
814 3485 905 3546 καὶ
937 3485 1141 3566 βλάὸης
1184 3490 1254 3544 G.
1275 3529 1337 3541 .-
1366 3508 1441 3563 29
1469 3500 1603 3566 post
1628 3484 1689 3544 τὸ
1710 3509 1802 3565 γε·

272 3579 415 3641 νικόν
468 3575 796 3637 addendum
852 3573 1114 3655 ἒπήγαγεν
1159 3596 1232 3633 ex
1291 3576 1516 3634 scholio
1562 3575 1799 3636 Aldino.

274 3675 462 3729 Dum.
511 3664 667 3725 πέδαι
707 3667 778 3725 G.
813 3663 995 3730 πέδαις
1038 3665 1110 3722 V.
1138 3701 1202 3714 —
1254 3665 1329 3722 30
1375 3661 1684 3745 ἕξήρτηνται
1730 3669 1798 3723 G.

277 3753 626 3840 ἐξηρτημέναι
648 3757 713 3811 V.
746 3756 1008 3829 Uterque
1037 3750 1427 3829 ἔμποδίζουσαι.

359 3846 493 3918 276,
530 3843 602 3900 33
638 3841 792 3919 ἰδικὶζι
828 3844 900 3898 It.
924 3878 989 3889 —
1015 3842 1085 3909 31.
1127 3839 1354 3920 χοίνικες
1384 3841 1557 3900 etiam
1600 3840 1805 3900 Suidas

279 3955 324 3993 s.
360 3931 617 3995 Χοίνικες.
667 3926 946 4007 χοινικίδες
990 3927 1120 3989 Ald.
1153 3963 1215 3975 —
1243 3930 1316 3987 36
1359 3928 1637 3996 ἰδιωτικῶς
1682 3948 1799 3985 om.

279 4021 457 4081 Paris.
1706 4050 1707 4053 =

365 4127 501 4179 277.
551 4104 641 4163 Λᾶ
686 4104 803 4162 haec
858 4103 1079 4162 scholia
1118 4104 1579 4165 dissertationem
1630 4104 1807 4164 edidit

281 4202 494 4271 Georg.
522 4196 616 4252 Fr.
648 4192 1058 4253 Schoemannus
1078 4235 1095 4264 ,
1140 4193 1222 4257 ita
1258 4193 1594 4270 inscriptam
1630 4215 1642 4250 :
1675 4195 1810 4253 Dis-

282 4282 518 4342 sei-tatio
547 4280 620 4339 de
642 4280 947 4339 sortitione
966 4279 1231 4357 judicum
1257 4279 1409 4359 apud
1428 4280 1809 4341 Athenienses

281 4371 355 4430 ad
374 4370 572 4429 scholi.
596 4367 887 4447 Aristoph.
910 4368 1057 4425 Plut.
1092 4388 1151 4426 v.
1187 4368 1811 4447 277.Gryphiswaldiae

289 4457 685 4535 1820.-39τῷ
697 4453 848 4534 τάφῳ
861 4454 1083 4524 9.-42
1110 4454 1170 4514 τὸ
1196 4453 1417 4539 πράγμα
1441 4456 1572 4534 [sic]
1592 4456 1806 4524 V.-—43

284 4548 547 4625 sequitur
570 4545 631 4603 in
656 4549 725 4601 V.
760 4543 950 4609 ἄλλως.
984 4542 1038 4601 ἑν
1070 4550 1186 4611 ταῖς
1206 4542 1662 4625 Ἀθήναις-χωρὶς
1682 4543 1815 4617 κλή-

286 4658 376 4717 ρου
393 4630 856 4696 δικάσαι.Ἄλλως.
874 4631 1021 4713 παρὰ
1044 4640 1151 4698 τοῖς
1167 4630 1663 4717 Ἀθηναίοις-παρ’
1685 4635 1813 4693 ὑπό-

284 4745 426 4782 νοιαν
467 4719 658 4789 παίζει.
684 4753 755 4763 —-
783 4727 857 4787 44
902 4716 1013 4786 ἔθος
1041 4718 1142 4801 γὰρ
1170 4722 1240 4778 R.
1291 4722 1357 4777 V.
1403 4714 1635 4781 ,Iudices
1675 4720 1815 4781 κατὰ.

284 4808 446 4892 φυλὰς
472 4807 689 4866 divisos
725 4817 934 4884 praeter
962 4805 1324 4865 scholiastam
1353 4826 1499 4864 unus
1535 4823 1816 4871 memorat

287 4899 539 4975 scriptor
555 4895 726 4953 lexici
746 4894 1022 4954 rhetorici
1039 4892 1097 4953 in
1114 4896 1351 4954 Bekkeri
1369 4894 1583 4963 Anecd.
1602 4917 1662 4977 p.
1681 4898 1816 4969 262,

294 5005 365 5051 10
391 5005 406 5043 t
429 4980 681 5059 Ἥλιαία,
713 4980 852 5067 μέγα
881 4980 1214 5073 δικαστήριον
1243 4970 1553 5067 Ἀθήνησιν,
1584 4982 1638 5043 ἔν
1675 4966 1720 5043 ὅ
1748 4983 1815 5043 τὰ

1691 5046 1707 5077 ⁶.

1842 601 1903 662 hi
1934 595 2296 675 grammatici
2324 593 2554 664 dicunt,
2581 610 2701 649 non
2727 590 3063 666 intelligitur
3088 585 3383 665 quomodo

1845 687 1970 746 fieri
1999 704 2252 762 unquam
2284 681 2571 760 potuerit,
2607 678 2765 756 quod
2809 698 2960 755 saepe
3005 676 3217 735 sactum
3259 694 3384 733 esse

1847 775 1987 836 dicit
2010 771 2426 849 Aristophanes
2451 790 2505 826 v.
2544 789 2565 825 ι
2584 770 2688 841 167
2730 765 2902 841 hujus
2931 764 3160 832 fabulae,
3187 776 3254 820 ut
3275 764 3386 820 ali-

1848 863 1981 940 quis
2004 858 2272 939 pluribus
2301 856 2470 914 simul
2514 854 2764 912 decuriis
2802 850 3236 910 adscriberetur
3264 848 3387 926 (οὐκ

1849 948 1960 1015 ἐτὸς
1987 946 2212 1010 ἅπαντες
2233 946 2281 1003 οἳ
2307 943 2601 1010 δικάζοντες
2620 940 2765 1016 θαμὰ
2798 939 2809 1017 Ι
2845 936 3159 996 σπεύδουσιν
3181 938 3235 993 ἐν
3262 937 3394 993 πολ-

1849 1039 1961 1105 λοὶς
1987 1033 2278 1114 γεγράφθαι
2321 1027 2702 1114 γράμμασιν),
2746 1028 2859 1086 nisi
2891 1027 2940 1085 si
2968 1025 3188 1086 tribum
3226 1044 3389 1083 suam

1851 1121 2235 1201 dissimularet
2257 1132 2450 1194 atque,
2471 1128 2781 1194 postquam
2800 1116 2955 1174 inter
2972 1133 3141 1171 veros
3152 1111 3394 1170 tribules

1854 1228 1988 1267 suos
2020 1208 2271 1284 scriptus
2285 1216 2452 1277 esset,
2476 1203 2646 1261 aliam
2684 1191 2899 1260 tribum
2925 1200 3267 1258 mentiretur
3287 1242 3304 1271 ,
3327 1212 3394 1257 ut

1853 1298 2025 1356 etiam
2039 1296 2097 1353 in
2111 1294 2282 1372 hujus
2294 1291 2584 1352 decuriam
2597 1291 2896 1367 irreperet3
2911 1289 3097 1367 qualis
3111 1289 3263 1345 fraus
3275 1307 3393 1346 non

1856 1396 2101 1464 apparet
2128 1382 2423 1461 quomodo
2452 1381 2544 1438 vel
2573 1380 2860 1443 tantillum
2895 1376 3176 1455 temporis
3218 1377 3396 1434 latere

1858 1472 2119 1549 potuerit
2136 1514 2152 1543 ,
2176 1489 2358 1547 quum
2373 1511 2390 1541 ‚
2414 1466 2640 1526 etiamsi
2661 1468 2813 1523 forte
2830 1483 2948 1521 non
2974 1482 3178 1521 omnes
3208 1461 3395 1521 tribu-

1859 1560 1967 1630 les,
1990 1570 2052 1616 at
2073 1569 2229 1618 certe
2252 1551 2478 1632 δημόται
2505 1554 2628 1612 noti
2658 1553 2815 1612 inter
2844 1570 2905 1609 se
2933 1561 3143 1622 essent,
3171 1561 3235 1607 ut
3259 1550 3398 1608 alie-

1860 1666 1999 1714 uum
2024 1646 2223 1706 statim
2246 1664 2279 1700 a
2317 1643 2517 1701 multis
2550 1640 2786 1719 agnosci
2816 1650 3137 1717 oporteret.
3167 1638 3400 1696 Manife-

1862 1745 1983 1793 stus
2009 1735 2068 1791 in
2094 1733 2185 1791 his
2205 1751 2369 1791 error
2389 1743 2476 1789 est
2500 1729 3007 1808 grammaticorum
3023 1726 3279 1799 illorum,
3295 1726 3401 1798 sic,

1862 1837 1929 1880 ut
1952 1822 2199 1892 videtur,
2224 1820 2621 1897 explicandus.
2650 1821 2860 1876 Decem
2887 1814 3120 1874 fuerunt
3134 1813 3400 1890 judicum
3469 1841 3476 1848 ’

1866 1909 2117 1968 decuriae
2141 1908 2467 1966 litterarum
2503 1905 2659 1962 notis
2693 1902 2765 1961 ab
2801 1910 2847 1960 A
2876 1902 2948 1962 ad
2984 1908 3041 1961 K
3069 1902 3354 1961 distinctae
3391 1925 3405 1960 ε

1864 1998 1987 2070 hae,
2015 2015 2195 2075 quum
2222 1994 2444 2073 judicia
2467 1992 2735 2052 habenda
2767 1993 2957 2049 essent
2977 2034 2994 2063 ‚
3021 1990 3086 2049 in
3129 2001 3343 2049 sortem
3371 2010 3408 2047 a

1867 2085 2272 2145 thesmothetis
2314 2082 2586 2161 conjectae
2627 2103 2702 2140 ex
2744 2082 2933 2158 iisque
2979 2079 3218 2138 totidem
3272 2092 3408 2138 sunt

1869 2173 2092 2232 eductae
2123 2185 2265 2252 quot
2290 2170 2510 2248 judicia
2537 2191 2608 2230 eo
2649 2170 2742 2228 die
2777 2170 2971 2227 lutura
3007 2180 3216 2226 essent.
3243 2167 3408 2226 Idem

1866 2283 2048 2341 quum
2066 2276 2218 2322 esset
2241 2263 2484 2322 Athenis
2522 2261 2780 2320 tribuum
2808 2277 3088 2318 numerus
3124 2271 3196 2317 et·
3214 2277 3410 2318 annua

1871 2351 2101 2408 sortitio
2112 2348 2375 2426 judicum
2392 2348 2543 2408 haud
2561 2348 2739 2406 dubie
2756 2345 3017 2405 tributim
3031 2344 3210 2418 fieret,
3226 2365 3412 2421 gram-

1876 2437 2069 2495 matici
2097 2436 2339 2515 quidam
2361 2436 2625 2494 decurias
2649 2434 2776 2494 illas
2798 2433 3069 2512 judicum
3092 2474 3110 2504 ‚
3150 2450 3296 2508 quas
3328 2432 3412 2490 δι-

1873 2523 2136 2605 καστήρια
2160 2538 2370 2583 vocant
2391 2524 2816 2582 Demosthenes
2834 2541 2893 2598 p.
2916 2540 3051 2593 702,
3083 2528 3180 2590 24,
3204 2521 3414 2579 Pollux

1877 2616 1943 2687 8,
1978 2623 2088 2684 124
2112 2626 2170 2672 et
2198 2612 2582 2691 Harpocratio
2622 2631 2668 2668 s.
2698 2607 2948 2681 Ἥλιαία,
2976 2628 3108 2666 cum
3145 2608 3416 2667 tribubus

1877 2702 2127 2783 (φυλαῖς)
2153 2702 2566 2768 confuderunt,
2592 2718 2717 2775 quae
2754 2698 2926 2775 plane
2959 2700 3037 2759 ab
3064 2697 3182 2756 illis
3210 2697 3413 2774 sejun-

1842 2837 1853 2842 ,
1878 2802 1985 2847 ctae
2012 2789 2278 2859 suerunt,
2307 2788 2389 2845 ita
2418 2800 2482 2845 ut
2508 2788 2609 2864 qui
2640 2784 2898 2863 ejusdem
2922 2796 3115 2844 essent
3146 2783 3415 2857 decuriae,

1878 2880 2140 2939 tribuum
2170 2879 2531 2935 diversarum
2549 2917 2565 2943 ‚
2588 2876 2690 2952 qui
2721 2875 2893 2933 unius
2924 2873 3134 2943 tribus,
3157 2872 3419 2930 diversa-

1878 2989 2011 3027 rum
2041 2967 2406 3025 decuriarum
2438 2984 2561 3023 esse
2583 2975 2837 3040 possent.
2860 2967 2997 3023 Haec
3015 2973 3220 3021 contra
3247 2962 3422 3019 scho-

1884 3056 2113 3113 liastam
2138 3054 2361 3110 monuit
2381 3052 2800 3111 Schoemanuus
2813 3070 2873 3128 p.
2901 3052 3045 3107 16οῐ
3063 3052 3272 3107 20-23.
3292 3051 3422 3107 Nor.

1882 3140 2136 3200 melioris
2164 3153 2317 3198 notae
2361 3139 2681 3197 absurdum
2729 3138 2874 3196 illud
2900 3151 3298 3197 commentum
3338 3157 3424 3196 est

1883 3229 1955 3287 de
1982 3228 2181 3287 decem
2211 3226 2510 3305 judicibus
2527 3267 2544 3298 ‚
2571 3224 2764 3284 verbis
2786 3226 3066 3304 proximis
3091 3226 3421 3304 expositum

1883 3306 2002 3375 εἶτα
2027 3314 2134 3373 ἀπὸ
2180 3315 2639 3391 μιᾶς-ἐποίουν
2679 3312 2943 3382 δικάζειν,
2991 3315 3424 3392 repetitumque

1883 3405 1947 3462 in
1977 3403 2156 3462 schol.
2188 3422 2241 3460 v.
2264 3424 2410 3479 972,
2439 3403 2618 3461 etiam
2647 3421 2680 3460 a
2714 3402 3094 3461 Valckenario
3125 3414 3424 3475 notatum,

1887 3504 1954 3551 ut
1974 3512 2047 3550 ex
2073 3490 2198 3569 ejus
2222 3492 2449 3549 schedis
2485 3490 2662 3550 refert
2693 3488 2999 3549 Dobraeus.
3042 3495 3227 3549 Dum.
3261 3528 3320 3543 -..
3352 3490 3426 3555 46

1886 3577 2044 3640 πέντε
2071 3581 2148 3638 ἑλ.
2182 3576 2374 3660 ἄνδρας
2399 3583 2471 3637 V.
2493 3615 2558 3629 -
2580 3587 2651 3651 47
2683 3581 2789 3637 τῶν
2820 3600 2845 3636 ε
2873 3574 2967 3637 ἕνα
2998 3583 3067 3637 R.
3099 3577 3187 3636 τὸν
3212 3575 3426 3635 ἔννατον

1887 3668 2020 3727 Ald.
2048 3666 2138 3726 τὸν
2174 3664 2265 3726 ἵνα
2292 3667 2378 3725 τὸν
2407 3668 2477 3726 Θ.
2503 3678 2562 3725 et
2580 3667 2676 3726 ed.
2701 3668 2874 3726 Basil.
2898 3703 2959 3717 -
2987 3669 3062 3739 48
3095 3671 3187 3726 τοῦ
3215 3686 3332 3725 om.
3358 3671 3424 3723 V.

1888 3793 1953 3805 -
1975 3762 2050 3832 49
2071 3752 2163 3813 καὶ
2189 3753 2252 3814 τὸ
2270 3754 2540 3836 ψήφισμα,
2563 3751 2598 3814 ὅ
2612 3756 2753 3814 ἐστιν
2775 3758 2803 3814 ὁ
2830 3756 3022 3836 κλῆρος
3034 3755 3189 3815 delet
3208 3758 3430 3813 Hemst.

1889 3840 2142 3925 ψήφισμα
2183 3861 2294 3919 pro
2330 3855 2537 3899 tessera
2580 3846 2859 3903 electIom's
2891 3841 3041 3899 dixit
3083 3841 3393 3900 scholiasta
3412 3883 3429 3911 ,

1891 3929 2050 4007 quod
2088 3928 2497 3991 animadvertit
2542 3931 2852 3989 Dobraeus.
2874 3966 2939 3981 -
2973 3928 3048 3987 50
3090 3928 3183 3988 καὶ
3212 3948 3329 3986 om.
3362 3933 3428 3986 V.

1892 4022 2160 4076 Fortasse
2192 4016 2506 4076 delendum
2535 4016 2626 4076 καὶ
2659 4015 2914 4088 δικαστὴν
2937 4017 3031 4076 vel
3058 4015 3432 4077 scribendum

1894 4107 2147 4182 δικαστήν
2172 4130 2231 4168 σε
2248 4152 2264 4181 ,
2288 4107 2478 4169 deleto
2507 4106 2756 4177 δικάζειν.
2785 4112 2970 4168 Dum.
3012 4106 3322 4175 καθέζεσθαι
3353 4109 3428 4170 Θ.

1892 4196 2031 4256 Ald.
2055 4233 2119 4244 —
2138 4197 2207 4255 51
2241 4192 2372 4276 πρὸς
2393 4192 2568 4274 ἕτερον
2607 4195 2676 4257 τὰ
2715 4197 2842 4276 παρ’
2867 4198 2937 4258 Θ.
2963 4231 3025 4245 -
3058 4196 3131 4253 53
3167 4197 3392 4275 φονικῶν
3413 4238 3431 4269 ,

1894 4285 1968 4343 de
1984 4283 2139 4345 caede
2160 4282 2558 4361 similibusque
2578 4284 2942 4355 criminibus,
2962 4283 3249 4345 veneficiis
3271 4294 3432 4361 puta,

1896 4371 2240 4439 vulneribus
2276 4372 2586 4435 occidendi
2620 4372 2817 4430 auimo
2845 4371 3079 4433 inflictis
3124 4384 3303 4448 atque
3345 4371 3435 4437 in·-

1896 4459 2115 4523 cendiis
2140 4478 2158 4521 ε
2186 4459 2308 4519 haec
2329 4460 2482 4521 enim
2504 4461 2678 4537 vulgo
2695 4462 2800 4523 τῶν
2824 4461 3047 4549 φονικῶν
3074 4458 3305 4527 nomime
3327 4457 3436 4523 dea

1897 4548 2112 4626 signari
2137 4547 2359 4619 solent3
2387 4547 2510 4631 περὶ
2540 4548 2876 4627 δημοτικῶν,
2916 4547 2989 4606 de
3017 4547 3206 4609 causis
3244 4546 3437 4607 civili-2

1897 4634 2027 4697 hus,
2074 4639 2454 4695 Scaurinum.
2491 4655 2549 4712 p.
2601 4635 2835 4704 6.-54
2870 4631 3089 4699 ἕκαστος
3125 4630 3182 4693 δὲ
3212 4638 3277 4691 V.
3311 4635 3440 4703 sine

1899 4720 2013 4781 καὶ.
2040 4759 2101 4770 -
2127 4744 2149 4780 1
2188 4720 2352 4781 ἶδικὸν
2395 4728 2465 4785 R.
2491 4727 2566 4780 V.
2587 4760 2647 4771 —
2670 4742 2704 4785 2
2729 4721 2861 4783 ἄλλο
2895 4721 3180 4799 λεγόμενον
3225 4723 3278 4800 β.
3304 4721 3435 4795 Ald.

1900 4807 2031 4868 ἄλλο
2061 4813 2122 4888 β,
2150 4832 2209 4887 γ,
2238 4810 2326 4877 καὶ
2353 4810 2382 4866 δ
2424 4808 2826 4877 tabem-3
2852 4812 3083 4868 xalcV.
3111 4807 3434 4882 ulomss.

1900 4894 2063 4962 οὕτως
2091 4897 2284 4961 addidi
2307 4918 2379 4956 ex
2398 4902 2467 4957 V.
2487 4897 2737 4959 Dobraeo
2759 4910 2944 4957 totum
2971 4897 3083 4956 hoc
3104 4896 3165 4956 τὸ
3195 4896 3228 4955 δ
3254 4895 3347 4957 καὶ
3371 4898 3440 4959 τὸ

1902 5006 1929 5043 ε
1956 4984 2045 5044 καὶ
2078 4981 2178 5053 ἕως
2199 4988 2290 5047 τοῦ
2319 5007 2370 5044 κ.
2397 4985 2523 5046 δέκα
2549 4982 2652 5071 γὰρ
2680 4976 2744 5059 ἦν
2769 4985 2835 5046 τὰ
2868 4985 3183 5067 δικαστήρια
3203 4983 3276 5046 τὰ
3296 4984 3437 5047 πάν-
