3859 5725
442 238 556 291 562
1240 216 1251 235 ⁸
1591 227 2037 288 ADNOTATIO
2079 227 2162 287 ΙΝ
2204 227 2470 289 SCHOL.

432 361 619 437 paulo
654 368 807 436 post,
850 356 949 414 sed
977 356 1214 415 alterius
1263 355 1706 416 scholiastaezoi
1751 360 1970 436 Δωριεῖς

439 447 699 511 οἷκοῦντις
725 466 815 525 πρ.
840 442 937 515 τὴν
964 447 1039 506 Π.
1077 467 1135 521 μ,
1169 434 1247 503 οὗ.
1270 448 1366 516 τῆς
1397 467 1450 505 τ.
1476 447 1571 514 τῆς
1596 446 1651 503 ἐν
1686 442 1968 524 Περεὸοίᾳ,

438 534 530 612 ἀφ.
567 535 641 602 εἰς
674 531 771 604 τὴν
800 554 862 610 μ.
901 531 1071 605 Οἴτης
1110 532 1203 591 καὶ
1234 535 1523 612 Παρνασοῦ
1559 536 1622 592 Δ.
1667 530 1741 600 ἐξ.
1774 521 1967 590 οὖσαν·

439 622 556 683 ἔστι
592 623 649 683 δὲ
682 623 769 684 Ἦ.
802 624 873 684 Κ.
907 626 969 683 Β.
1008 626 1073 683 Λ.
1117 623 1367 704 Κοίρφαια
1398 622 1696 705 (Σκάρφεια
1719 623 1971 682 restituit

442 712 660 771 Berkel.
692 713 766 772 ad
814 713 1014 790 Steph.
1045 713 1108 770 in
1134 710 1360 771 Λίλαια·
1403 731 1511 789 ego
1562 712 1739 770 terune
1775 712 1967 769 malim

430 800 788 883 -Σπιρχείαν),
807 804 872 859 Δ.
889 801 951 857 ἐκ
969 797 1025 858 δὲ
1047 797 1244 858 τούτων
1264 797 1357 857 σὺν
1382 806 1487 864 τοῖς
1507 797 1876 878 Ἡρακλείδαις
1899 799 1972 864 εἰς

442 885 815 965 Λακεδαίμονα
876 884 1257 967 κατέρχονται·
1307 886 1408 945 ubi
1452 886 1705 963 primum
1752 885 1973 943 facinus

439 978 771 1054 improbum
816 975 1045 1035 admisit
1081 975 1297 1035 Comici
1336 976 1692 1046 scholiastes,
1721 974 1823 1051 qui
1865 976 1971 1032 ista

443 1063 899 1142 praecedentibus
961 1064 1406 1141 agglutinaverit
1463 1063 1683 1121 inserto
1744 1060 1834 1142 ἀφ’
1884 1051 1973 1132 ἧς,

442 1152 659 1211 scilicet
692 1153 882 1233 φυλῆς,
915 1163 1088 1227 atque
1125 1172 1191 1209 ea
1223 1152 1445 1210 ratione
1486 1170 1621 1209 vere
1651 1162 1972 1207 monstrum

443 1239 615 1298 nobis
650 1239 1126 1315 chronologicum
1168 1238 1432 1296 ediderit.
1461 1237 1689 1296 Deinde
1727 1254 1972 1315 pravum

440 1326 585 1385 illud
614 1326 698 1384 ἐπ’
722 1323 943 1407 Εὗὸοία,
971 1324 1134 1401 cujus
1146 1325 1361 1383 erroris
1384 1325 1664 1402 originem
1689 1324 1974 1382 detexisse

444 1415 553 1473 sibi
586 1412 897 1472 videbatur
939 1413 1252 1471 Palmerius
1286 1413 1343 1469 in
1388 1413 1682 1490 corruptis
1726 1411 1971 1469 Diodori

442 1500 742 1560 codicibus
767 1509 823 1569 4,
859 1502 957 1571 67,
986 1499 1047 1557 in
1077 1498 1290 1577 quibus
1320 1501 1443 1558 sine
1467 1500 1858 1557 controversia
1878 1499 1970 1555 vi-

444 1592 591 1649 tiose
637 1590 847 1668 legitur
896 1586 1097 1670 Εὗὸοία
1122 1609 1233 1667 pro
1273 1587 1361 1646 καὶ
1406 1587 1572 1668 Βοίῳ,
1609 1589 1779 1665 longe
1813 1586 1972 1645 aliud

442 1678 760 1736 remedium
780 1675 1067 1753 postulat:
1090 1697 1267 1753 quum
1293 1676 1445 1734 enim
1469 1676 1531 1733 in
1557 1675 1791 1734 Pindari
1810 1674 1977 1732 scho-

444 1766 609 1825 liasta
658 1764 945 1825 scribatur
989 1765 1044 1821 ἕν
1083 1763 1533 1846 nepa601q2‚inde
1578 1765 1689 1822 levi
1736 1763 1974 1839 negotio

444 1856 728 1912 conficere
744 1853 879 1910 licet
900 1851 954 1907 ἐν
978 1852 1277 1933 Περραιὸίᾳ
1294 1876 1307 1889 ·
1334 1866 1511 1930 atque
1539 1854 1619 1910 ita
1651 1872 1769 1909 non
1793 1850 1974 1910 multo

442 1940 705 2006 inferiust
728 1937 920 2003 Πίνδος
943 1935 998 1999 δὲ
1018 1938 1339 2021 Περραιὸίας
1367 1939 1482 2021 ὄρος
1504 1960 1614 2018 pro
1637 1937 1975 2020 Περριὸοίας,

444 2030 533 2088 vel
556 2030 936 2110 Περραιὸοίας,
956 2029 1114 2109 qnod
1140 2050 1254 2087 una
1276 2041 1499 2087 tantum
1518 2030 1682 2087 litera
1709 2030 1972 2087 vitiatum

442 2129 629 2175 exstat
658 2119 717 2176 in
748 2119 1046 2178 Theocriti
1077 2130 1410 2176 enarratore
1433 2117 1506 2176 ad
1539 2117 1626 2175 Id.
1667 2138 1716 2187 1,
1743 2118 1848 2189 673
1872 2118 1973 2175 sed

438 2207 661 2282 optime
690 2207 923 2266 lectioni
950 2207 1229 2264 restitntae
1252 2207 1648 2285 patrocinatur
1676 2204 1800 2281 ipse
1831 2206 1970 2263 Pin-

445 2293 571 2353 dari
600 2294 781 2354 schol.
808 2295 883 2354 ad
921 2295 1089 2371 Pyth.
1112 2316 1169 2370 9,
1199 2315 1268 2366 27
1293 2317 1307 2351 ε
1334 2293 1528 2360 Πίνδος
1548 2290 1651 2373 γὰρ
1681 2294 1798 2373 ὅρος
1832 2295 1974 2374 Περ-

446 2381 622 2462 ριὸίας
654 2382 1022 2466 (Περραιὸίας)
1044 2407 1058 2420 ·
1088 2389 1123 2456 ἡ
1151 2379 1207 2441 δὲ
1249 2381 1518 2465 Πιρρεὸία
1544 2380 1854 2463 τετράπολις
1881 2385 1976 2452 τῆς

443 2472 777 2538 Θεσσαλίας·
801 2474 900 2531 ubi
931 2472 1255 2531 Perrhaebia
1293 2470 1463 2529 nobis
1496 2472 1749 2529 occurrit
1785 2470 1974 2528 Thes-

436 2560 601 2619 salioe
620 2560 946 2639 tetrapolis,
968 2560 1123 2619 haud
1161 2579 1298 2619 sane
1332 2558 1560 2617 diversa
1585 2557 1661 2616 ab
1692 2577 1779 2629 ea,
1799 2577 1974 2634 quam

442 2650 540 2706 hic
559 2663 988 2719 commemorat,
1018 2648 1284 2726 tetrapoli
1308 2652 1373 2728 τῇ
1403 2649 1456 2705 ἐν
1482 2645 1804 2727 Περραιὸίᾳ·
1830 2647 1972 2704 nihil

438 2737 641 2812 itaque
656 2736 845 2794 minus
864 2750 951 2794 est
978 2735 1431 2813 intelligendum,
1457 2756 1651 2812 quam,
1671 2734 1831 2811 quod
1855 2734 1976 2793 Pal·

440 2824 659 2883 merius
678 2824 1045 2883 existimabat
1064 2824 1313 2901 graviter
1329 2823 1672 2884 scholiasten
1688 2823 1974 2897 incusans,
2003 2875 2006 2878 .

443 2911 741 2989 tetrapolis
759 2913 972 2979 Attica3
993 2911 1064 2969 de
1086 2931 1200 2989 qua
1225 2912 1271 2969 si
1299 2914 1449 2971 forte
1473 2911 1755 2987 cogitasse
1781 2910 1973 2970 creda·

444 3010 540 3057 tur
566 3000 972 3078 Aristophanis
1001 3010 1299 3057 enarrator
1329 2997 1407 3056 ob
1445 2998 1780 3056 mendosam
1823 2998 1972 3056 scri-

444 3100 675 3164 pturam
706 3085 789 3146 ἐπ’
826 3086 1029 3168 Εὐὸοίᾳ
1057 3100 1116 3146 et
1165 3088 1370 3145 Atticae
1400 3106 1537 3144 mox
1566 3086 1774 3145 factam
1806 3105 1971 3143 men-

444 3175 684 3248 tionem,
725 3176 868 3234 tanti
888 3176 1103 3234 erroris
1133 3187 1290 3232 certe
1320 3193 1560 3253 prorsus
1586 3174 1861 3233 immunis
1889 3187 1976 3232 est

445 3264 678 3322 Pindari
716 3264 1071 3322 scholiastes.
1101 3263 1372 3321 Meminit
1411 3262 1585 3322 etiam
1627 3262 1859 3321 Doricae
1890 3274 1975 3320 te-

412 3352 733 3429 ·trapoleos
757 3352 887 3408 loco
922 3350 1087 3410 valde
1112 3350 1356 3410 notabili
1393 3350 1604 3410 Strabo
1642 3371 1701 3425 9,
1741 3370 1799 3428 p.
1835 3351 1971 3417 654.

420 3444 605 3504 ,Inter
632 3451 910 3515 utrosque
929 3443 1147 3496 Locros
1166 3436 1318 3517 μέσοι
1335 3440 1555 3519 Δωριεῖς
1568 3459 1583 3474 ·
1612 3431 1752 3496 οὗτοι
1769 3435 1864 3515 μὲν
1884 3428 1973 3495 οὖν

444 3524 577 3584 εἰσὶν
615 3527 665 3583 οἱ
691 3524 788 3598 τὴν
818 3523 1133 3604 τετράπολιν
1161 3524 1497 3596 οἰκήσαντες·
1539 3522 1605 3594 ἥν
1652 3546 1813 3604 φασιν
1840 3515 1975 3582 εἶναι

447 3612 771 3694 μητρόπολιν
792 3616 898 3671 τῶν
933 3611 1182 3671 ἁπάντων
1211 3609 1462 3691 Δωριέων
1478 3633 1491 3648 ·
1519 3609 1706 3691 ἶπόλεις
1737 3609 1793 3668 δὲ
1829 3601 1973 3690 εἶχον

446 3697 699 3779 Ἐρινεὸν,
734 3701 909 3773 Βοῖον,
937 3699 1159 3774 Πίνδον,
1199 3698 1440 3759 Κυτίνιον
1461 3722 1474 3736 ·
1523 3696 1829 3779 ὑπέρκειται
1866 3699 1911 3757 δ’
1947 3705 1976 3759 ὁ

444 3785 638 3852 Πίνδος
664 3791 757 3845 τοῦ
790 3786 1058 3867 Ἐρινεοῦ·
1098 3794 1357 3868 παραρρεῖ
1401 3785 1447 3844 δ’
1489 3784 1652 3857 αὐτὴν
1695 3784 1973 3864 ὁμώνυμος

443 3874 678 3953 ποταμὸς
694 3873 973 3954 ἕμὸάλλων
1001 3878 1074 3942 εἰς
1103 3873 1192 3934 τὸν
1225 3876 1500 3955 Κηφισσὸν
1517 3876 1577 3934 οὗ
1601 3874 1737 3934 πολὺ
1760 3879 1855 3947 τῆς
1876 3879 1976 3936 Λι-

442 3962 595 4029 λαίας
617 3963 824 4022 ἄπωθεν
839 3986 853 4000 ·
869 3963 1003 4031 τινὲς
1022 3963 1066 4022 δ’
1097 3961 1393 4045 Ἀκύφαντα
1414 3962 1622 4041 λέγουσι
1640 3962 1729 4022 τὸν
1754 3963 1969 4026 Πίνδον.

441 4052 610 4111 Pindi
635 4054 857 4111 nullum
876 4053 939 4110 in
968 4054 1075 4110 hac
1094 4054 1328 4129 regione
1354 4052 1663 4129 vestigium
1684 4052 1842 4128 apud
1872 4073 1972 4112 re-

440 4141 633 4217 liquos
648 4160 846 4199 omnes
864 4140 1112 4198 inveniri
1136 4142 1347 4198 miror:
1373 4160 1504 4199 nam
1532 4140 1690 4199 Melie
1714 4140 1889 4199 verba
1914 4162 1971 4215 α,

443 4229 498 4302 3,
530 4229 626 4302 58,
652 4235 708 4286 in
728 4233 934 4286 Doe'ide
951 4232 1184 4299 Pindus,
1218 4243 1271 4285 et
1284 4237 1458 4302 jeu-ta
1486 4236 1646 4288 situm
1687 4232 1972 4302 Emeum,

438 4317 500 4374 in
516 4316 727 4393 quibus
741 4316 1113 4376 emendandis
1137 4318 1361 4375 solitam
1392 4317 1609 4396 ingenii
1632 4317 1970 4378 modestiam

422 4425 558 4463 ·non
602 4405 954 4484 approbavit
1010 4424 1251 4482 magnus
1296 4407 1622 4479 PintianuS,
1667 4427 1847 4484 quum
1908 4409 1968 4464 in

440 4493 733 4569 omnibns,
763 4515 894 4572 quae
918 4494 1153 4563 viderit,
1181 4494 1627 4572 exemplaribus
1649 4495 1848 4554 abesse
1883 4508 1971 4553 te-

442 4592 627 4641 stetur
658 4587 730 4642 Is.
768 4584 1027 4656 Vossius,
1059 4603 1170 4662 pro
1214 4584 1432 4661 spuriis
1465 4598 1523 4641 et
1562 4603 1639 4642 ex
1688 4582 1971 4643 Strabone

441 4672 759 4749 suppositis
829 4672 1094 4731 habenda
1168 4673 1665 4732 verosimillimum
1716 4672 1967 4730 videtur.

442 4764 637 4832 Quare
663 4760 886 4834 dubito,
911 4781 984 4819 an
1008 4761 1199 4839 decipi
1228 4781 1289 4819 se
1323 4780 1522 4839 passus
1547 4760 1715 4817 suerit
1748 4759 1838 4817 vir
1868 4779 1970 4818 ac-

441 4849 854 4923 curatissimus,
878 4862 954 4922 et,
989 4871 1121 4929 quae
1153 4851 1407 4928 scriptor
1445 4847 1655 4927 aliquis
1705 4861 1969 4908 vetustus

442 4935 515 4995 de
543 4939 812 5016 tetrapoli
836 4939 1193 4998 Perrhaebica
1222 4938 1554 5008 tradiderat,
1577 4937 1649 4997 ad
1683 4936 1828 4997 hanc
1854 4958 1965 5014 po-

443 5024 742 5083 steriorem
769 5028 998 5084 Dorica!
1026 5029 1208 5105 gentis
1239 5026 1431 5086 sedem
1461 5026 1847 5086 transtulerit:
1872 5025 1964 5083 cui

2055 370 2267 416 nostrae
2293 358 2609 436 suspicioni
2647 360 2888 419 mirifice
2929 362 3084 423 favet
3127 362 3362 422 Pindari
3408 364 3606 423 schol.

2057 450 2338 505 Praeterea
2367 443 2592 527 Ἀκῦφας
2629 469 2661 505 a
2707 449 3005 526 Stephano
3041 450 3397 510 describitur
3441 452 3608 519 πόλις

2057 532 2155 612 μία
2199 538 2292 606 τῆς
2338 538 2583 613 Δωρικῆς
2613 535 3001 617 τετραπόλεως·
3050 559 3165 616 qua
3205 541 3444 619 quidem
3505 541 3607 600 lo·

2057 621 2268 698 queudi
2291 623 2517 682 ratione
2533 642 2721 700 neque
2749 625 2808 682 in
2834 623 3098 706 Ἐρινεὸς,
3117 646 3222 685 nec
3248 627 3312 685 in
3342 627 3608 687 Κυτίνιον

2060 709 2168 767 fuit
2191 729 2327 769 usus
2345 733 2359 768 ε
2379 711 2529 769 inter
2553 708 2847 792 Ἀκῦφαντα
2878 732 3022 771 vero
3053 725 3113 772 et
3142 716 3385 774 Homeri
3411 714 3610 796 Κῦφον

2059 798 2122 855 11.
2149 799 2214 869 B,
2243 800 2385 876 748,
2421 799 2644 857 nullum
2689 799 2846 857 aliud
2875 799 3183 859 discrimen
3224 815 3442 876 statuo,
3485 803 3608 861 nisi

2059 884 2344 945 diversam
2385 907 2591 945 vocum
2637 887 2919 945 formam:
2952 890 3165 966 parvus
3194 891 3375 949 schol.
3435 888 3606 950 πόλιν

2058 973 2181 1055 περὶ
2241 972 2338 1045 τὴν
2391 972 2688 1053 Περαιὸίαν
2708 977 2969 1052 exponit,
2994 989 3054 1035 et
3081 976 3350 1037 Straboni
3413 978 3606 1059 Κύφος

2060 1060 2419 1144 Περραιὸικὸν
2449 1060 2569 1142 ὄρος
2603 1059 2886 1141 ὁμώνυμον
2919 1064 3194 1123 κατοικίαν
3243 1064 3366 1145 ἔχον
3420 1088 3482 1142 9,
3538 1089 3602 1145 p.

2061 1150 2132 1221 67
2145 1151 2199 1223 5,
2233 1156 2313 1209 A:
2340 1169 2472 1208 nam
2515 1151 2676 1227 quod
2706 1152 3039 1229 Stephanus
3078 1153 3370 1231 duplicem
3423 1155 3606 1227 facit,

2060 1236 2482 1297 Perrhaebioem
2507 1238 2766 1310 alteram,
2795 1240 3033 1298 alteram
3061 1242 3472 1316 Thessalicam,
3503 1264 3606 1300 er-

2062 1344 2196 1382 rore
2243 1344 2358 1383 non
2389 1338 2583 1383 vacat:
2611 1326 2748 1384 huic
2788 1339 2981 1385 autem
3015 1327 3171 1388 idem
3203 1342 3380 1408 atque
3405 1330 3607 1389 Pindo

2059 1412 2321 1489 contigit,
2353 1425 2420 1471 ut
2453 1417 2686 1479 montis,
2721 1414 2903 1487 fluvii,
2942 1417 3266 1495 oppidique
3294 1417 3468 1495 juxta
3502 1420 3605 1476 siti

2061 1502 2294 1559 nomina
2327 1522 2446 1560 non
2493 1503 2843 1579 discrepent.
2892 1508 3021 1562 Jam
3059 1506 3369 1564 Dorienses
3417 1507 3607 1567 variis

2061 1589 2174 1646 acti
2200 1588 2427 1648 casibus
2457 1590 2596 1649 alias
2621 1610 2691 1647 ex
2712 1590 2841 1647 aliis
2861 1589 3028 1648 sedes
3050 1589 3412 1664 habuerunt3
3443 1596 3606 1653 anti-

2061 1678 2368 1754 quissimas
2396 1677 2548 1735 circa
2585 1679 2788 1738 Ossam
2814 1689 2873 1735 et
2897 1679 3216 1754 Olympum
3259 1680 3318 1737 in
3343 1681 3606 1749 Doride,

2061 1784 2190 1841 quae
2236 1765 2607 1842 postmodum
2666 1766 2980 1825 Histiaeotis
3032 1767 3184 1825 dicta
3211 1790 3225 1825 ε
3252 1766 3386 1827 inde
3443 1772 3607 1846 pulsi

2062 1853 2448 1912 Perrhaebiam
2483 1853 2843 1929 Pindumque
2867 1854 3257 1931 incoluerunt,
3279 1857 3610 1917 Macednu-

2062 1961 2189 1998 rum
2211 1961 2444 2020 quoque
2473 1961 2682 1999 nomen
2712 1955 2974 2017 gerentes
2998 1963 3012 1998 ε
3034 1943 3253 2001 idcirco
3280 1963 3352 2002 ex
3372 1949 3605 2006 veteri-

2061 2028 2173 2087 bus
2202 2029 2274 2087 ad
2310 2029 2754 2106 Lycophronem
2788 2030 3021 2090 scholiis
3058 2036 3294 2089 Tzetzes
3324 2052 3380 2090 v.
3429 2036 3607 2108 1388,

2061 2116 2318 2194 Λάκμων,
2345 2115 2462 2197 ὄρος
2480 2116 2831 2197 Περραιὸίας,
2864 2116 2988 2177 ἔνθα
3016 2116 3186 2199 ᾤκουν
3212 2122 3463 2199 Δωριεῖς·
3493 2143 3606 2182 ne-

2062 2224 2178 2282 que
2208 2205 2351 2265 alibi
2377 2225 2549 2284 quam
2577 2207 2668 2263 his
2693 2207 2750 2264 in
2784 2207 2930 2264 locis
2961 2219 3049 2265 est
3081 2207 3418 2268 collocanda
3443 2215 3482 2283 ἡ
3504 2234 3605 2270 τι-

2060 2292 2312 2376 τρᾶπολις
2333 2296 2369 2363 ἡ
2401 2295 2455 2352 ἐν
2483 2292 2804 2375 Περραιὸία,
2829 2312 2904 2352 ex
2937 2314 3052 2371 qua
3075 2295 3303 2354 tandem
3343 2298 3608 2359 devene-

2061 2394 2199 2439 runt
2226 2381 2276 2447 ἐς
2294 2380 2388 2454 τὴν
2412 2380 2702 2461 Δρυοπίδα,
2730 2401 2861 2458 quae
2881 2382 3113 2441 Pindari
3140 2384 3470 2444 scholiastae
3503 2388 3608 2446 di·-

2063 2471 2217 2529 citur
2239 2475 2273 2541 ἡ
2305 2467 2500 2547 μεταξὺ
2528 2468 2696 2541 Οἴτης
2719 2468 2810 2528 καὶ
2833 2471 3119 2550 Παρνασοῦ
3147 2470 3319 2552 Δωρὶς
3358 2472 3610 2543 ἑξάπολις

2061 2548 2195 2618 οὖσα
2218 2561 2276 2617 in
2306 2578 2405 2617 sex
2435 2558 2681 2618 urbibus
2717 2560 3045 2618 numeranti
3072 2559 3338 2641 Δρυόπην.
3370 2568 3606 2641 Migra-

2063 2647 2251 2704 tiones
2274 2645 2664 2716 Doriensium,
2684 2664 2828 2721 quas
2856 2647 3160 2723 proposui,
3193 2646 3308 2706 fide
3331 2650 3612 2708 nituntur

2063 2733 2369 2804 Herodoti,
2409 2752 2459 2806 1,
2493 2753 2545 2793 c.
2584 2734 2678 2804 56,
2703 2752 2833 2790 cum
2861 2753 2981 2809 quo
3015 2733 3134 2791 fere
3155 2737 3452 2813 conspirat
3476 2744 3606 2796 An-

2063 2822 2210 2882 dron
2243 2821 2449 2881 citatus
2473 2840 2507 2878 a
2526 2819 2716 2880 strab.
2748 2839 2836 2894 ιο,
2861 2841 2923 2900 p.
2949 2840 3086 2898 729,
3116 2828 3187 2897 A,
3208 2836 3267 2881 et
3300 2826 3607 2904 Stephano

2061 2912 2120 2970 in
2138 2908 2355 2993 Δώριον.
2378 2914 2462 2968 Ex
2488 2910 2576 2967 his
2601 2909 2830 2968 demum
2851 2911 3161 2987 postremis
3194 2912 3429 2972 sedibus
3451 2935 3604 2992 pro-

2063 3000 2195 3058 fecti
2227 3019 2357 3057 cum
2387 2997 2706 3056 Heraclidis
2745 3011 2966 3075 partem
3001 3000 3386 3079 Peloponnesi
3417 3023 3598 3062 occu-

2063 3100 2313 3164 parunt:
2342 3086 2562 3144 idcirco
2589 3085 2924 3161 Thucydidi
2962 3088 3182 3167 Δωριεῖς
3204 3091 3240 3159 ἡ
3271 3090 3603 3170 μητρόπολις

2059 3177 2165 3232 τῶν
2191 3171 2623 3249 Λακεδαιμονίων
2653 3192 2703 3243 1,
2728 3193 2831 3245 107
2852 3195 2870 3245 ;
2898 3175 2956 3246 3,
2981 3194 3079 3248 92,
3100 3176 3203 3251 qui
3227 3177 3463 3251 quando
3483 3190 3601 3237 tres

2062 3274 2283 3321 tautum
2328 3280 2533 3319 eorum
2591 3258 2767 3318 urbes
2812 3280 2944 3319 cum
2997 3262 3262 3321 Diodoro
3317 3279 3598 3338 recenset,

2061 3354 2278 3420 Boetnn,
2308 3349 2583 3421 Erineon,
2599 3360 2657 3406 et
2681 3349 3008 3424 Cytinium,
3032 3349 3094 3406 id
3127 3351 3348 3409 scilicet
3375 3353 3599 3414 indicio

2061 3450 2168 3510 est,
2199 3437 2452 3514 reliquas
2480 3434 2601 3512 jam
2634 3448 2757 3492 tuni
2791 3437 3020 3495 avulsas
3066 3437 3123 3494 in
3152 3438 3396 3496 alienam
3426 3439 3602 3499 ditio-

2061 3546 2193 3584 nem
2219 3524 2588 3582 concessisse.
2614 3523 2787 3581 Mitto
2818 3544 3046 3582 errores
3075 3526 3312 3584 Meursii
3357 3528 3601 3588 Misceu.

2061 3618 2274 3671 Lacon.
2309 3611 2456 3686 3,9;
2502 3619 2559 3683 4,
2588 3610 2645 3679 6,
2681 3610 3075 3688 aliorumque:
3098 3611 3220 3670 haec
3260 3633 3294 3670 a
3333 3613 3510 3673 uobis
3539 3618 3603 3675 in

2063 3715 2396 3760 transcursu
2427 3699 2707 3756 duntaxat
2737 3696 2995 3756 breviter
3031 3699 3298 3759 delibata.
3325 3704 3604 3781 Denique

2061 3803 2265 3867 stupor
2289 3787 2638 3846 enarratoris
2657 3787 2841 3844 nostri
2862 3788 2936 3845 ad
2961 3789 3130 3848 finem
3159 3790 3492 3869 importune
3517 3796 3604 3853 in·

2061 3877 2260 3947 seruit,
2294 3877 2659 3952 ἀναχωροῦσιν
2688 3877 2822 3950 ὁμοῦ
2862 3875 2923 3932 ἐκ
2966 3879 3059 3946 τῆς
3093 3875 3354 3950 Ἀττικῆς,
3380 3879 3604 3956 quibus

2060 3965 2216 4045 apud
2245 3962 2556 4022 Pindarum
2601 3961 2798 4039 ejusve
2835 3962 3184 4023 scholiasten
3227 3967 3376 4025 nihil
3407 3981 3604 4027 exstat

2060 4054 2265 4113 simile.
2297 4054 2501 4127 Neque
2527 4062 2716 4108 tamen
2745 4062 3056 4128 propterea
3078 4069 3386 4129 negaverO,
3413 4075 3604 4131 quos-

2060 4142 2192 4200 dam
2227 4140 2543 4197 Atticorum
2573 4138 2896 4197 Heraclidis
2925 4139 3098 4196 fuisse
3129 4140 3369 4199 comites
3399 4161 3600 4200 susec-

2060 4242 2176 4308 ptae
2227 4230 2286 4286 in
2339 4226 2801 4304 Peloponnesum
2845 4226 3234 4303 expeditionis
3275 4247 3291 4283 ε
3336 4248 3472 4288 nam
3512 4232 3604 4291 ita

2060 4322 2296 4376 Tzetzes
2347 4312 2551 4372 scribit
2591 4312 2664 4370 ad
2713 4313 3000 4390 Lycophr.
3031 4332 3090 4370 v.
3130 4314 3299 4385 1388,
3330 4315 3600 4395 μετέσχον

2057 4405 2160 4485 γὰρ
2187 4401 2279 4462 καὶ
2302 4401 2572 4472 Ἀθηναῖοι
2596 4404 2690 4472 τῆς
2713 4401 2957 4466 ἀποικίας
2984 4404 3090 4459 τῶν
3122 4400 3502 4484 Ἡρακὶιιδῦν,
3525 4434 3554 4458 ι

2140 4494 2278 4565 386,
2306 4492 2381 4549 50
2404 4488 2505 4571 γὰρ
2529 4511 2646 4549 om.
2671 4496 2741 4547 V.
2764 4518 2828 4530 -—
2852 4492 2946 4548 52.
2975 4486 3038 4548 ἂν
3057 4493 3331 4571 παρέσχον
3355 4491 3416 4551 ἂν
3458 4495 3598 4554 ΑΙά.

2055 4581 2181 4640 τινί.
2210 4579 2330 4639 οὐδὲ
2352 4580 2604 4640 Ισπευδον
2619 4576 2740 4644 τοὺς
2775 4574 3037 4657 χρηστοὺς
3064 4578 3345 4638 πλουτίσαι
3362 4602 3375 4616 ·
3406 4582 3595 4656 ἐπειδὴ

2057 4668 2112 4728 δὲ
2131 4667 2248 4735 τοὺς
2278 4666 2512 4732 δικαίους
2544 4668 2670 4746 (τοῖς
2700 4666 2920 4731 δικαίοις
2946 4667 3041 4741 G.)
3061 4665 3372 4747 προήρηααι
3408 4670 3597 4731 δοῦναι

2055 4763 2255 4818 Venet.

2138 4848 2253 4906 388
2283 4847 2341 4904 in
2364 4850 2428 4905 V.
2445 4844 2706 4903 inversus
2722 4842 2867 4901 ordo
2891 4842 3266 4917 scholiorum,
3292 4859 3598 4925 συνωνυμεῖ

2058 4934 2338 5006 -λέξεωᾳ
2360 4932 2578 5001 Ἄλλως.
2594 4930 3259 5014 ὀξυτόνως-προσλαὸιῖν.
3282 4965 3354 4981 —
3371 4955 3402 5006 7
3429 4935 3598 5004 Ὀξυ-

2053 5023 2219 5092 τόνως
2253 5022 2371 5083 ἀντὶ
2400 5028 2494 5082 τοῦ
2523 5020 2912 5103 ἀπηρτισμένος
2942 5023 3047 5102 (sic
3082 5027 3143 5083 V.
3187 5043 3305 5081 non
3346 5023 3442 5102 G.)
3474 5027 3596 5084 ad·-

3809 288 3814 471 ᾧ
