3859 5725
1583 281 1975 344 SGHOLIA
2027 279 2125 341 IN
2178 280 2493 343 PAGEM.

405 448 421 459 ·
504 439 602 480 990.
643 415 723 478 Τὸ
749 438 790 497 χ
808 414 890 475 ὅτι
911 416 971 475 οὗ
995 416 1266 496 συμφωνεῖ
1289 413 1394 480 τοῖς
1414 413 1622 495 χρόνοις
1646 412 1681 472 ἃ
1703 410 1869 493 λέγει.
1897 411 1991 471 καί

425 511 481 568 ἐν
504 507 613 575 τοῖς
640 505 949 584 Ἀχαρνεῦσι
976 502 1100 582 [m]
1124 501 1254 584 φησί
1282 529 1306 556 α
1335 499 1471 582 ἕκτῳ
1498 506 1548 561 σ’
1576 500 1681 560 ἔτει
1716 503 1991 581 προσεῖδον

426 599 499 664 εἰς
520 595 587 655 τὰ
609 592 800 676 χωρία.
827 620 851 645 υ
878 590 1014 651 ἀλλὰ
1036 590 1129 650 καὶ
1151 595 1181 650 ὃ
1206 589 1502 673 Φιλόχορος
1525 590 1631 650 ἀπὸ
1657 588 1993 673 Πυθοδώρου,

425 682 515 764 ἀφ’
543 673 603 742 οὗ
638 685 673 753 ἡ
715 676 855 759 ἀρχὴ
887 683 981 736 τοῦ
1016 675 1250 755 πολέμου
1287 679 1427 736 δοκεῖ
1463 682 1799 757 γεγενῆσθαι,
1838 677 1996 759 μέχρι

371 800 401 839 5
428 768 674 850 Ἰσάρχου
703 762 1184 846 καταριθμούμενος
1214 766 1284 831 εἰς
1308 764 1375 823 τὰ
1402 765 1466 844 ιγ’
1498 764 1589 836 ἔτη
1628 765 1839 844 συνάγει
1876 764 1998 833 τοὺς

426 857 661 940 χρόνους.
697 854 858 914 πάλιν
891 850 1251 929 Θουκυδίδης,
1290 851 1432 911 κατὰ
1466 851 1561 920 τὰς
1587 858 1690 912 τῶν
1718 852 1997 935 χειμώνων

427 944 521 1005 καὶ
559 942 750 1024 θερέων
792 939 1031 1007 εἰσὸολὰς
1065 938 1156 998 τὸν
1192 938 1424 1018 πόλεμον
1461 944 1772 1020 γεγενῆσθαι
1811 939 1998 1020 λέγων,

428 1029 547 1092 οὐδὲ
575 1028 731 1096 αὐτὸς
761 1033 836 1097 εἰς
854 1033 1036 1086 τοῦτον
1065 1027 1158 1087 τὸν
1189 1026 1410 1109 ἀριθμὸν
1447 1027 1685 1108 ἔρχεται,
1715 1029 1833 1086 ἀλλ’
1864 1030 1998 1087 ἀπο-

428 1118 669 1178 λείπεται
694 1114 843 1197 παρὰ
865 1116 932 1173 τὰ
956 1119 999 1174 θ’
1031 1113 1140 1188 ἔτη.
1172 1115 1382 1176 λεκτέον
1414 1116 1585 1175 τοίνυν
1612 1115 1692 1175 ὅτι
1715 1114 1869 1183 αὐτὸς
1896 1119 2000 1174 αὖ-

354 1236 407 1276 10
431 1213 525 1267 τοῦ
550 1210 580 1264 ὃ
601 1202 972 1287 Ἀριστοφάνης
993 1202 1055 1263 τὸ
1078 1201 1348 1280 ἐνδόσιμον
1373 1203 1612 1272 δεδωκὼς
1639 1209 1716 1285 πῇ
1746 1202 1841 1282 μὲν
1870 1203 2000 1262 ἀνά-

430 1296 639 1355 παυλαν
666 1298 745 1371 πῇ
774 1294 829 1350 δὲ
862 1290 1092 1368 πόλεμον
1129 1291 1396 1371 γενέσθαι,
1426 1296 1496 1360 ὡς
1526 1290 1660 1372 μηδὲ
1695 1291 1792 1363 τὴν
1830 1292 2001 1374 ἀρχὴν

434 1381 653 1463 βεόαίαν
693 1372 825 1439 εἶναι
863 1378 997 1458 μήτε
1041 1384 1133 1438 τοῦ
1179 1378 1417 1457 πολέμου
1457 1380 1594 1459 μήτε
1628 1385 1724 1452 τῆς
1766 1379 2002 1461 εἰρήνης,

430 1468 570 1530 ὥστε
611 1471 666 1527 αἱ
711 1466 986 1547 διαφωνίαι
1027 1471 1134 1526 τῶν
1172 1467 1505 1550 πραγμάτων
1552 1468 1682 1528 εἰσὶν
1734 1467 2000 1546 ἀνόμοιαι.

430 1557 652 1625 Ἄλλως.
681 1556 743 1616 τὸ
776 1579 818 1636 χ
852 1553 931 1614 ὅτι
968 1557 1027 1614 οὖ
1068 1561 1341 1636 συμφωνεῖ
1363 1558 1473 1625 τοῖς
1507 1558 1733 1640 χρόνοις.
1766 1556 1872 1616 ἀπὸ
1898 1555 2003 1638 γὰρ

355 1673 406 1713 1⁶
437 1643 751 1726 Πυθοδώρου
794 1642 952 1725 μέχρι
984 1643 1229 1704 Ἀλκαίου
1260 1643 1302 1704 θ’
1346 1644 1460 1718 ἔτη.
1494 1644 1586 1704 καὶ
1615 1646 1667 1702 ἐν
1694 1643 2005 1724 Ἀχαρνεῦσι

432 1732 488 1794 δὲ
516 1725 661 1794 εἶπεν
686 1732 767 1792 ὅτι
792 1726 843 1801 ς’
872 1730 971 1804 ἔτη
1001 1731 1130 1790 εἰσὶν
1161 1732 1249 1814 ἀφ’
1277 1723 1337 1793 οὗ
1365 1736 1395 1792 ὁ
1422 1732 1665 1810 πόλεμος.
1694 1732 1800 1790 ἀπὸ
1831 1732 1887 1791 δὲ
1909 1736 2005 1803 τῆς

428 1826 534 1883 τῶν
563 1819 855 1902 Ἀχαρνέων
884 1819 1223 1888 διδασκαλίας
1248 1820 1296 1899 γ’
1326 1819 1419 1892 ἔτη
1447 1819 1601 1880 εἰσίν.
1632 1824 1681 1881 οἱ
1705 1819 1761 1879 δὲ
1784 1820 2004 1894 ποιηταὶ

429 1910 682 1978 πολλάκις
700 1909 1172 1988 ἀποσχεδιάζουσιν
1193 1911 1266 1977 εἰς
1281 1907 1402 1976 τοὺς
1411 1907 1645 1991 χρόνους.
1728 1913 1880 1968 τοῦτο
1899 1908 2005 1968 πά-

429 2001 515 2059 λιν
539 1996 600 2057 τὸ
630 1995 951 2078 μονόμετρον
999 1993 1203 2074 βέλτιον
1241 1993 1379 2055 κατὰ
1416 1994 1705 2079 παράθεσιν
1741 1995 2004 2074 ἀναγινώ-

349 2118 406 2159 20
432 2108 576 2145 σκειν
601 2081 925 2166 τριακαίδεκ’
948 2080 1063 2155 ἔτη.
1088 2095 1150 2142 V.
1373 2080 1377 2085 ’

512 2195 609 2235 991.
651 2169 972 2256 κορκορυγὰς
998 2191 1012 2233 :
1038 2171 1153 2239 Τὰς
1183 2169 1335 2251 βοὰς,
1362 2169 1456 2239 τὰς
1482 2170 1751 2253 ταραχὰς,
1774 2170 1898 2241 τοὺς
1924 2177 2007 2232 θο-

469 2261 643 2331 ύὸους.

438 2285 468 2345 ρ
515 2372 612 2413 999.
657 2348 879 2418 ἀστείως
905 2349 1156 2424 συνέθηκε
1176 2349 1273 2422 τὴν
1300 2348 1438 2420 λέξιν
1465 2349 1615 2432 παρὰ
1636 2349 1696 2411 τὸ
1721 2353 1881 2412 λῦσαι
1906 2351 2004 2425 τὴν

436 2439 637 2521 μάχην.
664 2451 724 2498 R.
748 2450 809 2499 V.

349 2565 407 2606 ,ὅ
512 2549 610 2590 993.
653 2529 898 2595 ὑπονοίας
921 2547 936 2589 :
956 2526 1075 2589 Ἵνα
1096 2526 1170 2607 μὴ
1191 2530 1453 2588 ὑπονοῶσι
1470 2524 1565 2595 τὰς
1584 2528 1831 2601 ἀλλήλων
1853 2552 2008 2589 σπον-

434 2616 545 2685 δάς.

513 2725 613 2765 995.
660 2701 777 2762 ἃντί
806 2708 900 2763 τοῦ
929 2705 1278 2786 φλυαροῦμεν.
1307 2715 1366 2762 R.

513 2812 611 2853 999.
658 2790 809 2871 μίξον
837 2792 883 2850 δ’
910 2795 1054 2871 ἡμᾶς
1083 2811 1098 2852 2
1133 2794 1227 2859 Εἷς
1249 2789 1426 2874 φιλίαν
1455 2789 1568 2870 ἄγε.

512 2901 610 2942 997.
652 2879 829 2962 φιλίας
857 2881 1007 2963 χυλῷ
1042 2900 1057 2942 :
1098 2879 1194 2948 Ὡς
1230 2880 1320 2940 ἐπὶ
1346 2877 1703 2958 κακουμένων.
1742 2882 1891 2964 χυλῷ
1918 2873 2006 2942 οὖν

349 3000 409 3043 ,0
433 2971 512 3051 τῷ
535 2967 818 3051 ῥοφήματι.

512 3077 610 3118 999.
652 3058 781 3136 ἡμῖν
813 3059 1021 3136 ἀγαθῶν
1059 3077 1075 3117 2
1115 3054 1402 3117 Τουτέστιν
1435 3055 1683 3139 ἀφθονίαν
1710 3061 1814 3118 τῶν
1841 3058 2009 3118 ὠνίων

435 3147 564 3224 ἡμῖν
591 3143 881 3226 παράσχες.
910 3142 1158 3228 ἁρμόδιον
1188 3141 1245 3203 δὲ
1271 3150 1427 3204 τοῦτο
1453 3149 1519 3223 τῇ
1550 3144 1750 3228 εἰρήνῃ.

520 3255 636 3295 1000.
679 3231 760 3292 ὅτι
794 3232 862 3293 τὰ
888 3232 1114 3315 σκόροδα
1138 3237 1199 3293 ἐκ
1228 3237 1324 3305 τῆς
1350 3232 1674 3315 Μεγαρίδος,
1703 3233 1803 3316 ἔφη
1836 3233 1927 3294 καὶ
1956 3237 2010 3294 ἐν

433 3322 541 3390 τοῖς
574 3319 968 3404 προειρημένοις
1000 3322 1157 3402 [502],
1198 3319 1365 3401 λέγων
1406 3349 1430 3374 ιι
1467 3324 1668 3402 πρῶτοι
1704 3322 1807 3405 γὰρ
1845 3321 2010 3395 αὐτὴν

353 3439 408 3480 86
435 3418 544 3478 τοῖς
571 3409 836 3491 σκορόδοις
861 3408 1135 3490 ἠλείψατε.
1167 3435 1192 3460 υ
1224 3421 1287 3467 V.
1481 3435 1486 3440 ·

519 3518 639 3558 1001.
685 3496 881 3557 σικύων
906 3521 950 3555 π
999 3496 1016 3578 s
1055 3520 1100 3557 »v
1130 3517 1146 3558 ε
1182 3496 1279 3557 Ἐν
1311 3495 1492 3579 εἰρήνῃ
1521 3495 1694 3556 πολλὰ
1724 3498 1791 3555 δι’
1818 3497 2009 3576 ἐπιμέ-

433 3587 580 3645 λειαν
607 3584 700 3645 καὶ
733 3589 888 3667 πρῷα
917 3609 942 3644 ε
963 3609 1079 3666 χον.
1110 3583 1191 3645 ὅτι
1224 3583 1280 3644 δὲ
1316 3585 1469 3645 καλοὶ
1497 3587 1544 3645 οἱ
1572 3583 1804 3667 πρώῖμοι
1833 3585 2011 3646 σικύαι

436 3673 529 3735 καὶ
555 3678 586 3745 ἠ
613 3673 874 3755 παροιμία
902 3674 1055 3746 δηλοῖ
1076 3674 1106 3728 ἀ
1136 3673 1443 3756 ἀρχομένων
1474 3672 1667 3733 σικύων
1695 3674 1787 3734 καί
1817 3677 2011 3754 ληγου-

435 3764 542 3820 σῶν
568 3765 910 3824 κολοκυντῶν.
941 3789 965 3815 ⁸

353 3888 411 3933 ω
515 3848 577 3908 τὸ
618 3850 809 3932 πρῴων
846 3848 976 3931 πρὸς
1023 3848 1084 3909 τὸ
1121 3847 1341 3908 σικύων·
1381 3851 1434 3908 ἐν
1473 3846 1566 3908 δύο
1610 3847 1666 3908 δὲ
1700 3849 2007 3919 συλλαὸαἴς.

436 3939 508 4005 ὣς
533 3936 626 3996 καὶ
660 3941 766 3997 τῶν
789 3936 982 4000 σικύων
1020 3935 1075 3996 δὲ
1102 3938 1310 3996 πολλῶν
1339 3935 1502 3995 ὄντων
1536 3937 1590 3994 ἐν
1628 3936 1891 4019 Μεγαρίδι
1917 3937 2011 3996 καί

438 4023 737 4107 φερομένων
774 4028 966 4086 ἐκεῖθεν
1003 4028 1074 4092 εἰς
1100 4023 1199 4096 τὴν
1238 4022 1500 4096 Ἀττικὴν,
1540 4028 1611 4091 ὣς
1643 4024 1736 4084 καὶ
1768 4023 1919 4092 αὐτὸς
1955 4028 2010 4084 ἐν

437 4112 749 4194 Ἀχαρνεῦσι
771 4114 896 4194 [990]
923 4113 1099 4196 φησίν.
1124 4116 1173 4172 οἰ
1198 4109 1254 4170 δὲ
1277 4111 1512 4193 πρώῖμοι
1537 4110 1716 4172 σικύαι
1741 4112 1895 4172 καλοὶ
1918 4113 2011 4172 καί

438 4199 707 4268 ἄόλαὸεῖς.
736 4199 772 4273 ἢ
796 4200 878 4261 ὅτι
900 4205 948 4261 οἱ
972 4204 1027 4261 ἐν
1051 4200 1230 4284 εἰρήνῃ
1254 4198 1398 4267 ὄντες
1420 4197 1593 4260 πολλὰ
1620 4202 1686 4259 δι’
1710 4200 2011 4278 ἐπιμελείας

356 4332 413 4376 ⁴⁵
441 4287 535 4349 καὶ
559 4293 718 4370 πρῷα
746 4280 906 4370 εἶχον.
949 4311 967 4350 ἰ
1113 4301 1120 4310 ”

517 4378 711 4463 πρῴων
756 4399 772 4439 :
813 4381 865 4437 Τ
865 4380 939 4436 ῶν
972 4375 1078 4459 πρὸ
1113 4380 1297 4457 καιροῦ
1336 4374 1681 4460 φαινομένων.
1726 4374 1814 4435 διὰ
1854 4377 1911 4437 δὲ
1950 4377 2012 4438 τὸ

438 4468 592 4541 ἀηδὲς
619 4472 713 4540 τῆς
740 4463 1003 4546 ἐργασίας.
1029 4477 1093 4524 V.

521 4577 643 4617 1009.
686 4557 793 4615 κάκ
821 4556 1066 4613 Βοιωτῶν
1092 4575 1150 4630 γε
1180 4571 1195 4612 2
1223 4549 1355 4612 Ὅτι
1383 4550 1738 4634 ὀρνιθοτρόφος
1765 4557 1799 4625 ἡ
1834 4556 2011 4614 Βοιω-

438 4643 554 4717 τία,
585 4642 678 4703 καὶ
711 4644 764 4701 ἐν
801 4642 1109 4723 Ἀχαρνεῦσι
1145 4639 1271 4718 [979]
1302 4637 1460 4721 φησὶν
1492 4666 1516 4693 α
1552 4638 1779 4721 ὡσπερεὶ
1806 4638 2010 4720 χειμὼν

357 4776 413 4818 ω
444 4759 467 4784 α
499 4723 653 4804 ἦλθες
681 4729 905 4811 ὀρνιθίας
931 4731 1003 4797 εἰς
1033 4726 1128 4799 τὴν
1162 4724 1357 4808 ἀγορὰν
1390 4725 1580 4810 φέρων,
1618 4755 1642 4779 »ι
1673 4726 1761 4785 ὅτε
1793 4728 1882 4787 ἐπὶ
1914 4733 2007 4789 τοῦ

441 4823 673 4880 Βοιωτοῦ
704 4817 867 4896 λέγει.

522 4928 642 4969 1009.
688 4900 912 4973 Κωπαῒς
940 4903 1102 4983 λίμνη
1132 4901 1412 4975 Βοιωτίας,
1437 4905 1492 4962 ἐν
1522 4894 1561 4983 ᾖ
1592 4901 1822 4982 μεγάλαι
1854 4903 2008 4985 ἐγχέ-

437 4998 545 5064 λεις
566 4993 830 5074 γίνονται,
864 4996 934 5061 ὣς
956 4992 1047 5053 καὶ
1078 4993 1131 5050 ἐν
1163 4990 1473 5074 Ἀχαρνεῦσι
1497 4991 1623 5070 [993]
1656 4990 1785 5074 φησί
1817 5019 1841 5044 «ι
1870 4990 2010 5077 πρέ-

439 5084 626 5166 σ6ειρα
650 5081 974 5156 πεντήκοντα
999 5073 1299 5142 Κωπαΐδων
1322 5088 1503 5162 κορᾶν.
1531 5107 1553 5133 υ

3534 291 3646 342 201

2169 432 2288 473 1007.
2332 412 2589 494 εὐκαίρως
2608 411 2670 471 τὸ
2691 412 3020 494 ὀψωνοῦντας
3040 411 3334 495 προσέθηκε
3358 399 3486 495 πρὸς
3510 415 3653 473 ἀντι-

2084 499 2365 573 διαστολὴν
2386 506 2480 560 τοῦ
2503 499 2737 577 πολέμου
2751 545 2768 573 ,
2793 502 2847 559 ἐν
2869 489 2915 580 ᾧ
2937 501 3202 582 δυσχερῶς
3222 498 3491 581 ὦψώνουν,
3516 503 3656 575 ἀπη-

2085 587 2405 669 σχολημένοι
2425 591 2478 648 ἐν
2497 592 2604 656 τοῖς
2626 588 2862 671 θορύὸοις
2883 592 3043 647 αὐτοῦ
3065 588 3158 647 καὶ
3175 590 3282 656 τοῖς
3296 590 3493 657 κακοῖς.
3517 601 3574 649 R.
3593 602 3657 648 V.

2083 674 2302 745 Ἄλλως.
2333 676 2394 736 τὸ
2423 680 2752 757 ὀψωνοῦντας
2777 674 3070 756 προσέθηκε
3096 675 3225 836 aab<
3258 675 3655 747 ἀντιδιαστολὴν

2084 772 2175 825 τοῦ
2212 764 2469 842 πολέμου.
2508 763 2600 823 καί
2629 761 2732 845 γὰρ
2758 761 2879 823 τότε
2912 762 3119 842 ἀνάγκη
3182 788 3209 821 ν
3243 766 3315 831 εἰς
3339 763 3399 823 τὸ
3427 763 3656 824 συνιέναι
3684 786 3711 825 9

2088 852 2301 927 αὐτοὺς,
2331 852 2382 912 εἴ
2408 851 2538 912 ποτέ
2564 876 2644 920 τις
2668 850 2879 934 ταραχὴ
2908 851 3140 930 γε’νοιτο,
3169 849 3308 910 κατὰ
3335 850 3504 925 εἴλας,
3530 876 3658 913 του-

2085 939 2231 999 τέστι
2270 939 2410 1000 κατὰ
2447 939 2767 1019 συστήματα
2805 938 3204 1021 συστρέφεσθαι.
3243 940 3335 999 καὶ
3371 942 3425 999 ἐν
3467 941 3658 1023 Ἀχαρ-

2086 1035 2230 1089 νεῦσι
2270 1029 2416 1108 [999]
2453 1028 2586 1111 φησί
2624 1056 2650 1082 ιι
2691 1026 2828 1107 μηδὲ
2864 1027 2966 1111 γὰρ
3005 1026 3173 1088 θανών
3211 1051 3305 1087 σου
3345 1028 3508 1112 χωρὶς
3547 1028 3660 1102 εἴην

2087 1116 2234 1177 ποτέ.
2264 1143 2287 1170 υ
2313 1128 2374 1175 V.

2171 1227 2291 1267 1009.
2337 1203 2601 1288 Μορύχῳ,
2619 1204 2795 1286 Τελέᾳ
2842 1226 2858 1265 t
2911 1205 3021 1266 Καὶ
3064 1205 3278 1272 τούτους
3320 1205 3402 1266 ἀεὶ
3450 1208 3659 1267 ἀπεῖναι
3694 1231 3745 1271 10

2093 1292 2338 1374 βούλεται
2376 1298 2481 1353 τῶν
2528 1294 2691 1377 ὄψων,
2742 1290 2830 1352 διὰ
2863 1293 3051 1354 τούτου
3095 1292 3281 1361 αὖτοὺς
3320 1295 3553 1365 κολάζων
3593 1300 3664 1365 ὣς

2089 1382 2537 1465 γαστριμάργους,
2561 1381 2633 1450 ὥς
2654 1405 2813 1464 φησιν
2835 1383 2889 1440 ἐν
2910 1390 3018 1450 τοῖς
3041 1381 3382 1463 Ἀχαρνεῦσιν
3403 1383 3547 1462 [997]
3569 1391 3662 1443 νῦν

2092 1473 2136 1533 δ’
2161 1476 2257 1533 οὐκ
2279 1464 2425 1546 οἶδα,
2450 1472 2591 1541 ὅπως
2619 1472 2681 1532 τὸ
2715 1471 2945 1531 ἐναντίον
2982 1472 3159 1554 φησίν.
3190 1470 3317 1540 ἴσως
3339 1463 3427 1532 οἶν
3459 1479 3527 1554 τῇ
3559 1498 3664 1535 πα-

2094 1561 2277 1644 ρουσίᾳ
2308 1560 2505 1621 τούτων
2537 1559 2831 1622 Μελάνθιον
2861 1563 3099 1633 λυπῆσαι
3138 1558 3384 1641 βούλεται
3416 1560 3543 1621 ὄντα
3572 1563 3663 1622 καὶ

2094 1638 2255 1710 αὐτὸν
2286 1648 2483 1728 λίχνον.
2513 1642 2578 1723 ἦν
2613 1647 2670 1707 δὲ
2702 1647 3001 1730 τραγῳδίας
3035 1646 3285 1722 ποιητὴς,
3317 1652 3388 1716 ὡς
3418 1648 3654 1733 προείρη-
3695 1667 3745 1708 15

2091 1760 2198 1798 ται.
2225 1749 2283 1797 R.
2302 1750 2364 1796 V.

2176 1846 2296 1885 1009.
2332 1823 2450 1884 ἀντὶ
2470 1828 2564 1883 τοῦ
2584 1823 2802 1904 λίχνοις.
2834 1822 3029 1882 τένδειν
3061 1820 3165 1904 γὰρ
3202 1821 3262 1883 τὸ
3296 1823 3509 1883 ἐσθίειν·
3536 1852 3562 1878 «ι
3586 1824 3665 1885 ὅτ’

2093 1911 2335 1980 ἀνόστεος
2374 1912 2430 1972 ὃν
2463 1910 2600 1971 πόδα
2640 1910 2826 1973 τένδει.
2858 1939 2884 1963 ν
2930 1910 3173 1979 Ἡσίοδος
3212 1919 3343 1986 [Op.
3375 1920 3495 1985 5221.
3536 1915 3662 1973 R.V'.

2090 1999 2311 2070 Ἄλλως.
2338 1999 2425 2068 οὒς
2451 2004 2607 2078 ἡμεῖς
2634 1998 2980 2081 σιναμώρους.
3008 1999 3100 2058 καὶ
3126 2000 3254 2080 παρ’
3279 1999 3510 2083 Ἡσιόδῳ
3535 2001 3667 2070 τινὲς

2094 2092 2255 2170 ὀρθῶς
2277 2092 2488 2150 δοκοῦσι
2515 2087 2732 2170 γράφειν
2759 2114 2783 2142 α
2812 2086 2887 2146 ὅτ’
2918 2086 3160 2155 ἀνόστεος
3197 2086 3255 2147 δν
3286 2087 3425 2149 πόδα
3457 2088 3622 2149 τένθει
3639 2118 3664 2143 ι
3693 2107 3748 2147 90

2096 2176 2181 2238 διὰ
2204 2184 2293 2239 τοῦ
2320 2183 2365 2238 θ.
2397 2188 2462 2237 V.

2177 2286 2296 2326 1011.
2340 2268 2566 2348 θρηνεῖν.
2603 2275 2660 2322 R.
2679 2275 2739 2323 V.

2196 2372 2315 2414 1012.
2359 2355 2421 2412 ἐκ
2445 2350 2682 2424 Μηδείας
2709 2372 2724 2412 :
2760 2350 2985 2425 Μήποτε
3018 2354 3079 2412 ἐκ
3104 2356 3198 2426 τῆς
3226 2351 3510 2433 Εὐριπίδου
3538 2356 3669 2426 Μη-

2096 2440 2234 2508 δείας
2268 2447 2360 2513 [90]
2396 2438 2736 2520 παραγράφει
2773 2441 2946 2499 ἐκεῖνα
2976 2468 3001 2493 ιι
3023 2428 3067 2500 ὦ
3099 2437 3347 2511 δύστηνος
3376 2440 3480 2519 ἐγὼ
3503 2441 3667 2516 μελέα

2094 2552 2152 2589 τε
2180 2528 2373 2601 πόνων,
2390 2530 2503 2594 πῶς
2531 2525 2595 2585 ἂν
2625 2527 2865 2607 ὀλοίμαν.
2893 2555 2916 2580 ¹·
2946 2527 3017 2606 (οἱ
3050 2525 3106 2586 δὲ
3134 2528 3293 2586 αὐτοῦ
3328 2534 3420 2587 τοῦ
3449 2532 3667 2590 Μελαν-
3693 2553 3747 2591 2⁵

2096 2617 2206 2676 θίου
2230 2616 2387 2698 φασὶν
2408 2605 2547 2674 εἶναί
2567 2613 2827 2687 Μήδειαν,
2845 2614 2898 2685 ἐξ
2920 2607 2982 2687 ἧς
3008 2616 3228 2693 ταῦτα.)

2182 2724 2300 2765 1014.
2347 2701 2718 2784 (λοχευομένας
2759 2725 2773 2765 2
2806 2702 2917 2764 Καὶ
2944 2706 2998 2763 ἐν
3033 2703 3138 2770 τοῖς
3165 2703 3500 2786 Ἀχαρνεῦσιν
3537 2707 3666 2788 [994]

2098 2792 2295 2876 ἔφαμεν
2322 2791 2441 2859 τοὺς
2466 2790 2746 2875 μαγείρους
2785 2789 2919 2871 μετὰ
2948 2789 3176 2850 τεύτλων
3211 2792 3354 2874 ἕψειν
3380 2793 3475 2863 τὰς
3506 2795 3667 2877 ἐγχέ-

2096 2884 2219 2949 λεις.
2249 2880 2427 2949 ἔπαιξε
2456 2879 2512 2939 δὲ
2540 2880 2701 2940 εἰπὼν
2728 2880 3083 2961 λοχευομένας
3110 2881 3229 2940 ἀντὶ
3257 2887 3350 2942 τοῦ
3386 2884 3660 2966 ἑψομένας.

2097 2969 2284 3044 ἡδίστη
2310 2968 2365 3029 δὲ
2391 2974 2426 3041 ἡ
2453 2968 2669 3048 ἔγχελυς
2695 2972 2750 3028 ἐν
2777 2969 3007 3036 τεύτλοις
3029 2967 3222 3049 ἐστίν.)
3694 2988 3748 3029 90

2181 3079 2300 3119 1019.
2344 3055 2461 3124 τοὺς
2490 3058 2534 3115 δ’
2569 3056 2872 3137 ἀνθρώπους
2909 3055 3201 3139 ἐπιχαίρειν
3231 3078 3246 3118 :
3278 3055 3416 3126 Τοὺς
3438 3062 3667 3140 ὁρῶντας

2099 3145 2388 3227 ἐπιχαίρειν
2417 3147 2561 3227 αὐτῷ
2588 3150 2880 3226 θρηνοῦντι.

2182 3253 2300 3293 1010.
2344 3233 2503 3303 διπλῆ
2527 3231 2618 3318 καὶ
2642 3231 2841 3299 ἔκθεσις
2863 3235 2937 3300 εἰς
2958 3230 3182 3310 ἰάμὸους
3203 3232 3509 3319 τριμέτρους
3531 3240 3667 3300 ἀχα-

2098 3321 2387 3393 ταλήκτους
2415 3319 2477 3390 ζ’.
2505 3332 2569 3380 V.

2178 3409 2259 3468 ὅτι
2281 3407 2535 3479 ἐξεὸλήθη
2561 3406 2621 3467 τὸ
2646 3432 2700 3480 η.
2730 3419 2794 3468 V.
3691 3440 3746 3480 ³5

2184 3518 2304 3558 1019.
2346 3499 2447 3577 οὔχ
2471 3496 2657 3569 ἥδεται
2700 3516 2715 3556 :
2744 3499 2934 3557 Ταῦτα
2961 3494 3093 3577 πρὸς
3132 3495 3194 3555 τὸ
3230 3495 3366 3564 ἔθος·
3396 3500 3525 3581 φασί
3563 3501 3666 3586 γὰρ

2098 3588 2164 3666 τῇ
2204 3589 2309 3644 τῶν
2340 3582 2675 3644 συνοικεσίων
2716 3586 2871 3665 ἑορτῇ
2916 3582 3099 3643 θυσίαν
3145 3585 3407 3645 τελεῖσθαι
3439 3590 3667 3671 Εἰρήνῃ,

2097 3673 2185 3733 τὸν
2216 3673 2269 3734 δὲ
2303 3672 2479 3753 βωμὸν
2507 3671 2581 3751 μὴ
2607 3674 2985 3750 αἱματοῦσθαι,
3016 3671 3482 3751 Ἑκατομὸαιῶνος
3505 3680 3668 3756 μηνὸς

2102 3759 2251 3841 (ἕκτῃ
2288 3759 2376 3820 ἐπὶ
2400 3759 2544 3820 δέκα.
2576 3758 2708 3827 τινὲς
2737 3758 2795 3818 δέ
2822 3781 2979 3834 φασιν
3005 3762 3065 3818 ἐκ
3090 3764 3183 3831 τῆς
3204 3761 3473 3844 παρούσης
3497 3767 3667 3837 αἰτίας

2100 3847 2261 3917 οὕτως
2278 3851 2412 3929 αὐτῇ
2435 3847 2592 3921 θύειν,
2618 3846 2840 3926 αἵματος
2854 3845 3041 3914 αὖτοὺς
3065 3849 3467 3918 ἀπαλλάξασαν.
3550 3853 3668 3916 Ἀλ-
3694 3876 3746 3917 ⁴0

2098 3938 2220 4004 λως.
2267 3937 2397 4019 πρὸς
2438 3936 2708 4017 σύγκρισιν
2746 3941 2837 3995 τοῦ
2882 3934 3117 4015 πολέμου
3157 3940 3334 4006 καλῶς
3376 3938 3538 4022 ἔφησε
3588 3946 3665 4024 μὴ

2098 4025 2301 4106 χαίρειν
2342 4023 2438 4096 τὴν
2474 4023 2704 4105 Εἰρήνην
2743 4026 2996 4106 σφαγαῖς·
3029 4023 3178 4103 μόνοι
3211 4026 3314 4108 γὰρ
3347 4031 3394 4088 οἱ
3421 4031 3665 4111 πολέμιοι

2100 4110 2287 4189 αἵματι
2312 4111 2402 4170 καὶ
2427 4110 2599 4193 φόνοις
2620 4110 2902 4192 χαίρουσι.)

2181 4220 2301 4260 1020.
2346 4199 2439 4258 καὶ
2464 4204 2618 4259 τοῦτο
2644 4199 2774 4281 πρὸς
2801 4198 3074 4282 σύγκρισιν
3097 4206 3189 4261 τοῦ
3211 4201 3474 4281 πολέμου,
3497 4203 3552 4274 ὃς
3578 4207 3664 4266 αἵ-

2101 4310 2233 4366 μασι
2259 4286 2453 4367 χαίρει.
3690 4313 3744 4353 46

2183 4376 2308 4454 (οὐδ’
2337 4379 2653 4452 αἱματοῦται
2680 4394 2694 4436 :
2726 4375 2821 4436 Ἐν
2848 4374 2951 4456 γὰρ
2979 4379 3046 4456 τῇ
3067 4379 3172 4435 τῶν
3195 4377 3527 4439 συνοικεσίων
3552 4385 3665 4464 ἑορ-

2098 4466 2164 4543 τῇ
2192 4466 2241 4522 οἱ
2270 4461 2365 4540 μέν
2397 4485 2555 4540 φασιν
2586 4461 2786 4544 Εἰρήνῃ
2812 4461 2995 4521 θυσίαν
3017 4464 3306 4537 τελεῖσθαι,
3330 4457 3393 4537 ἧς
3425 4470 3454 4525 ὁ
3489 4470 3665 4549 βωμὸς

2099 4553 2197 4630 οὐχ
2229 4552 2564 4629 αἱματοῦται.
2593 4552 2642 4607 οἱ
2671 4548 2725 4607 δὲ
2755 4552 3019 4608 ἑστιῶσιν·
3044 4553 3114 4618 ὣς
3143 4549 3247 4633 ἄρα
3272 4550 3392 4612 τότε
3419 4555 3660 4627 σώζεται.

2098 4639 2189 4697 καί
2219 4637 2361 4705 ἰδίως
2383 4635 2644 4715 ἀναιμωτὶ
2675 4635 2879 4717 Εἰρήνῃ
2903 4635 3128 4717 θύουσι.)

2182 4747 2302 4787 1022.
2343 4726 2520 4806 χοῦτω
2547 4725 2608 4784 τὸ
2628 4724 2896 4805 πρόὸατον
2925 4746 2939 4786 :
2969 4724 3071 4786 Διὰ
3092 4726 3152 4786 τὸ
3177 4725 3252 4805 μὴ
3278 4726 3488 4791 θύεσθαι
3511 4735 3564 4792 ἐν
3587 4739 3662 4816 τῷ
3689 4760 3743 4801 ω

2098 4812 2327 4895 θεάτρῳ,
2359 4811 2495 4873 ἀλλὰ
2525 4812 2613 4871 τὸν
2639 4812 2868 4894 χορηγὸν
2897 4816 2973 4895 τῷ
3004 4814 3170 4873 δοκεῖν
3195 4815 3334 4875 θύειν
3356 4821 3664 4904 ἀποκερδαί·

2098 4927 2252 4963 νοντα
2292 4903 2352 4962 τὸ
2393 4908 2554 4981 θῦμα.
2595 4907 2701 4961 τῶν
2743 4902 2844 4984 γὰρ
2873 4902 3145 4963 ἐντοσθίων
3185 4907 3475 4988 αἰρομένων
3516 4914 3662 4995 παρὰ

2099 4995 2203 5050 τῶν
2248 4989 2497 5067 θυόντων,
2538 4988 2600 5048 τὸ
2639 4988 2821 5048 λοιπὸν
2867 4994 3023 5068 σῶμα
3067 4991 3361 5064 σωθήσεται
3399 4999 3476 5078 τῷ
3510 5002 3662 5082 ἱερεῖ,

2102 5076 2236 5137 ἐπὰν
2265 5076 2506 5137 θύσωσιν.
