3859 5725
1774 252 2015 313 PAClS.
3357 265 3425 316 47
3445 269 3462 316 ι

320 390 597 472 παφλάγον
622 390 750 467 (sic)
769 389 873 471 γαρ
899 390 961 448 τὸ
979 388 1154 470 ὄρνεον
1184 391 1220 459 ἡ
1249 385 1403 445 κίττα
1425 386 1480 454 ἐξ
1503 377 1567 458 ἧς
1595 388 1853 465 μετῆκται

327 478 662 556 (μετήνεκται
689 478 787 554 G.)
809 480 883 546 εἷς
906 473 997 541 τὰς
1020 473 1245 540 κυούσας
1277 473 1339 533 τὸ
1365 482 1565 534 κιττᾶν.

402 567 536 637 500,
564 568 636 637 34
657 566 1036 646 Μεταφορικῶς
1056 564 1174 643 βαδ.
1214 567 1287 620 V.
1316 561 1551 641 βαδίζετε
1574 566 1646 623 Β.
1668 596 1753 612 -
1777 562 1850 622 35

321 651 383 711 τὸ
412 654 465 719 k
486 650 715 733 κόρακας
737 672 856 713 om.
890 656 955 711 V.

405 743 539 814 502,
571 742 646 799 38
671 742 753 799 sic
778 745 850 799 R.
888 737 1061 799 αἰτίαν
1095 737 1151 796 δὲ
1183 727 1328 817 εἶχον
1358 737 1584 819 ἀρχηγοὶ
1622 743 1694 796 V.
1724 737 1850 796 ΑΜ.

404 837 537 897 505.
581 843 672 897 De
713 836 947 895 scholiis
972 836 1046 894 ad
1080 856 1136 894 v.
1174 835 1286 893 505
1319 834 1440 894 haec
1466 833 1643 893 habet
1681 834 1850 893 Ald.:

323 926 377 983 ἐν
415 924 587 983 οὐδενὶ
624 924 795 985 ἱκανοὶ
832 925 952 982 ἐστὶ
989 920 1128 994 πλὴν
1172 923 1227 980 ἐν
1266 926 1344 1003 τῷ
1382 921 1627 991 δικάζειν.
1657 921 1770 982 δέον
1798 919 1853 980 δὲ

323 1014 489 1072 εἰπεῖν
511 1012 627 1072 ἀντὶ
652 1017 747 1073 τοῦ
781 1011 1019 1081 δικάζετε
1055 1009 1377 1088 ἐμποδίζετε.
1397 1041 1476 1056 —
1495 1011 1679 1079 48-52
1707 1006 1852 1068 οὐδὲν

322 1099 738 1182 πρὸς-ποίημα
762 1099 942 1160 habet
968 1100 1140 1159 etiam
1166 1106 1238 1160 R.
1269 1138 1348 1152 —-
1365 1099 1439 1157 52
1482 1097 1755 1157 διαὸἄλλει
1779 1103 1852 1156 V.

325 1221 398 1234 —
430 1209 453 1246 ι
483 1189 812 1248 Dindorfius
840 1188 1211 1284 scribendum
1246 1200 1416 1265 putat
1444 1184 1582 1246 κατὰ
1603 1185 1667 1245 τὸ
1700 1185 1856 1246 ἀδιά-

324 1297 479 1355 φορον
503 1277 597 1336 vel
620 1279 698 1356 τῷ
721 1274 1013 1358 ἀδιαφόρῳ.

405 1367 541 1437 507,
574 1367 644 1422 13
668 1363 905 1423 Ικωπτον
936 1371 1007 1424 V.
1037 1362 1257 1423 ἔκοπτον
1289 1368 1356 1441 (ᾗ,

404 1454 543 1528 509,
570 1454 645 1510 25
670 1451 961 1533 διὸ-ἔργον
986 1471 1099 1509 om.
1128 1454 1196 1510 G.

406 1545 544 1615 517,
576 1544 651 1604 38
681 1540 818 1602 οὔτω
845 1541 947 1623 γὰρ
979 1547 1046 1598 V.
1079 1540 1205 1599 Ald.

404 1629 543 1702 522,
566 1631 638 1688 53
670 1651 765 1688 σου
796 1634 868 1689 Β.
890 1635 958 1687 V.
982 1633 1075 1687 τοῦ
1100 1628 1222 1686 ΔΙά.
1250 1670 1315 1682 ...
1336 1644 1371 1683 2
1398 1648 1461 1702 γε
1487 1626 1581 1685 καὶ
1604 1624 1764 1708 μέχρι
1785 1632 1854 1686 Β.

324 1718 632 1799 ὄστέρηνται
649 1723 717 1775 V.
751 1716 1041 1798 χρημάτων
1067 1715 1194 1775 Ald.

406 1806 544 1877 523,
571 1808 604 1863 3
625 1803 721 1863 σὺν
741 1808 807 1882 τῇ
831 1804 980 1887 “sspqt
1006 1810 1078 1865 V.
1105 1802 1240 1863 Ald.

410 1896 521 1965 527
543 1937 560 1966 ,
601 1915 639 1970 9
674 1891 958 1970 πλέγματα
1004 1888 1384 1971 στρατιωτικὰ,
1419 1890 1616 1949 τούτων
1649 1889 1739 1948 καὶ
1766 1897 1858 1962 V.‚

326 1982 429 2058 qui
454 1984 560 2040 τῶν
586 2001 700 2040 om.
728 2021 788 2033 ...
828 1982 896 2037 ι3
927 1978 1145 2052 πλέκος,
1173 1977 1409 2057 πλέγμα.
1446 1984 1672 2045 τοιοῦτος
1701 1977 1803 2060 γὰρ
1834 1982 1861 2037 ὁ

326 2065 535 2147 γρύλιος
584 2066 853 2147 πλέγματι
898 2065 1210 2146 σκευοφόρον
1261 2065 1635 2147 στρατιωτικὸν
1682 2072 1750 2124 V.
1804 2079 1862 2125 et

330 2158 543 2234 partim
577 2156 710 2214 And.
749 2187 831 2200 —
874 2163 942 2222 14
972 2155 1306 2214 ἀποτίθενται
1344 2160 1413 2213 Β.
1443 2153 1770 2212 κατετίθεντο
1792 2159 1860 2211 V.

327 2244 457 2307 Ald.
481 2257 540 2302 et
562 2242 767 2304 suidas
789 2265 831 2301 s.
854 2241 1055 2310 Γύλιος.
1076 2242 1282 2324 κρόμυα
1297 2248 1367 2301 R.
1386 2289 1449 2300 .-
1465 2244 1533 2299 15
1553 2239 1646 2299 καὶ
1667 2263 1782 2301 om.
1797 2249 1862 2302 V.

329 2333 483 2406 Ald„
495 2351 624 2409 quae
640 2351 759 2389 non
775 2321 1026 2390 hubctofi
1041 2377 1100 2387 .-
1116 2329 1292 2409 γύλιόν
1303 2354 1374 2389 τι.
1387 2329 1667 2412 Ἠράκλεις
1683 2339 1863 2409 πνῖγος

328 2417 504 2497 γύλιόν
536 2442 591 2478 τι
612 2439 726 2478 om.
756 2425 825 2478 R.
845 2417 1038 2477 Verba
1064 2431 1367 2498 corrupta,
1395 2418 1740 2497 quibuscum
1760 2419 1864 2477 ali·

331 2507 471 2586 quid
513 2507 903 2566 similitudinis
946 2508 1119 2566 habet
1166 2510 1373 2566 mimus
1419 2508 1746 2586 Sophronis
1788 2505 1864 2565 ab

331 2595 634 2656 Eustathio
657 2595 729 2652 ad
748 2599 981 2653 Homer.
1010 2616 1066 2674 p.
1087 2596 1195 2654 561
1218 2608 1566 2655 memoratus
1587 2616 1661 2653 ex
1680 2600 1865 2655 Hero-

334 2683 509 2742 diano
526 2727 543 2756 ,
571 2680 839 2763 Ἢρακλῆς
869 2683 1142 2756 ἠπιάλητα
1169 2682 1388 2761 πνίγων.
1425 2683 1599 2762 Apud
1630 2683 1863 2742 Suidam

335 2773 614 2847 scriptum
640 2784 730 2829 est
765 2770 877 2830 ἔστι
908 2768 965 2829 δὲ
994 2770 1085 2830 καὶ
1115 2774 1245 2851 ζῷον
1274 2775 1302 2830 ὁ
1335 2771 1650 2848 καλούμενος
1680 2793 1863 2853 χοιρο-

331 2856 587 2941 γρύλλιος.
618 2857 829 2938 λέγεται
865 2858 921 2917 δὲ
954 2858 1045 2918 καὶ
1073 2864 1103 2917 δ
1133 2858 1402 2939 Ἡρακλῆς
1427 2858 1618 2937 γύλιος.
1649 2859 1740 2918 καὶ
1763 2857 1862 2940 γύ-

332 2948 444 3006 λιον
481 2949 687 3026 ἀγγεῖον
724 2945 967 3006 πλεκτόν.
1006 2953 1188 3007 Dum.
1217 2993 1277 3005 ..
1326 2949 1396 3004 16
1424 2946 1536 3005 ἔστι
1569 2947 1624 3006 δὲ
1650 2968 1768 3007 om.
1794 2954 1864 3009 R.

332 3085 722 3169 χοιρογρύλλιος
755 3086 959 3144 Suidas
982 3041 1378 3167 χοιροῖιρύλλιος
1414 3091 1483 3146 R.
1509 3070 1867 3171 χοιρογρύλιος

335 3176 459 3232 ΔΜ.
490 3172 792 3256 χοιρόγλυος
815 3180 878 3231 V.
905 3172 1276 3254 χοιρόγρυλλος
1305 3179 1375 3232 G.
1404 3186 1462 3233 et
1485 3190 1780 3236 correctus
1797 3183 1865 3235 V.

419 3272 533 3328 528
562 3273 769 3329 lemma
785 3267 976 3334 πλέκος
1003 3269 1220 3329 addidit
1245 3271 1422 3330 Dind.
1449 3302 1528 3317 —
1554 3275 1626 3331 18
1654 3272 1865 3353 Ἐσχη-

337 3356 530 3436 μᾶτικε
551 3356 607 3418 δὲ
627 3360 816 3433 ὣς,,20
839 3355 1088 3439 Τηλέφου
1115 3357 1150 3429 ἢ
1184 3359 1541 3438 Τληπολέμου
1568 3363 1771 3421 codex.

419 3459 566 3533 529,
606 3477 678 3515 22
720 3454 975 3536 ἀπεψείας
1001 3456 1128 3516 Ald.
1151 3455 1620 3540 Ἀπεψίας-ἐρυγή
1643 3473 1702 3518 et
1727 3458 1784 3519 δὲ
1811 3474 1868 3520 et

337 3547 413 3606 25
439 3546 527 3607 τὸν
560 3567 672 3605 om.
702 3552 801 3621 V.‚
831 3546 934 3623 qui
960 3543 1192 3624 πόλεμον
1224 3565 1359 3605 cum
1384 3548 1569 3609 Suida
1601 3570 1645 3608 ε.
1680 3553 1869 3632 Κρομ-

336 3632 707 3716 μυοξυρεγμία.
735 3634 894 3695 πότον
924 3632 1054 3693 Ald.

416 3725 554 3794 531,
575 3724 649 3792 34
673 3722 889 3781 πάντων
917 3726 989 3781 Β.
1013 3719 1217 3788 πάντας
1234 3725 1302 3781 V.
1328 3768 1393 3781 ....
1420 3724 1495 3783 36
1518 3724 1610 3783 καὶ
1639 3727 1684 3783 εἰ
1713 3731 1783 3785 V.
1807 3773 1868 3785 -.

339 3821 368 3880 4
386 3832 403 3867 ι
446 3819 624 3887 γενεᾶς
650 3810 866 3892 ἀφθίτου
890 3808 1144 3889 λαχόντες
1172 3811 1313 3870 θείου
1341 3813 1547 3871 codex.
1574 3815 1867 3874 Emenda-

338 3910 473 3956 runt
499 3899 832 3957 Dindorfius
862 3910 921 3957 et
942 3899 1223 3976 Bergkius
1250 3901 1309 3957 in
1327 3901 1567 3959 Dissert.
1596 3901 1669 3960 de
1688 3903 1866 3982 Soph.

339 3990 540 4065 fragm.
569 4008 628 4066 p.
654 3989 743 4046 13.
766 4019 842 4034 —-
865 3989 936 4046 50
953 3988 1167 4048 πάντων
1189 3992 1294 4049 τῶν
1319 3990 1634 4068 ποιημάτων
1662 3993 1868 4053 Suidas

338 4097 382 4136 s,
414 4073 691 4154 Στρουθός.

419 4163 532 4231 534
568 4167 637 4221 R.
663 4161 840 4220 habet
859 4161 1108 4238 glossam
1131 4159 1361 4239 ἐχόντων
1387 4160 1596 4229 πεύσεις
1618 4165 1712 4224 καὶ
1736 4167 1873 4225 ἀπο-

337 4249 553 4332 κρίσεις.
587 4249 770 4318 -“54
796 4246 890 4316 τὰς
911 4246 1121 4314 πεύσεις
1146 4255 1213 4309 V.

420 4337 920 4412 535,4τῆςληνοῧ
949 4333 1268 4395 v.-88n
1295 4354 1407 4395 om.
1438 4343 1511 4396 V.

423 4426 560 4497 537,
595 4445 665 4501 ¹9
693 4424 903 4483 lemma
928 4421 1394 4504 ἀνατετραμμένου
1420 4422 1558 4503 χοώς
1578 4425 1753 4485 habet
1779 4432 1869 4501 R„

339 4514 441 4591 qui
465 4511 914 4592 ἅνακαλυφθίντος
931 4558 948 4589 ,
979 4526 1042 4571 ιιι
1068 4513 1199 4572 Ald.
1225 4526 1283 4572 et
1307 4513 1508 4573 Suidas
1534 4534 1580 4573 ε.
1608 4513 1763 4582 Χοός.
1791 4548 1871 4561 ·—

342 4619 417 4658 20
442 4600 542 4660 ὑπὸ
569 4599 731 4678 μέθης
757 4619 870 4659 οη).
896 4604 963 4659 R.
994 4619 1146 4658 ...2)
1175 4597 1245 4659 τὰ
1266 4620 1382 4661 om.
1401 4606 1470 4660 V.

424 4690 559 4758 538,
592 4690 664 4747 23
694 4686 869 4756 ἄλλοις
896 4689 1108 4754 πολλοῖς
1135 4694 1207 4747 G.

425 4776 561 4848 541,
584 4796 654 4848 27
692 4774 906 4857 Σφόδρα
933 4779 999 4835 V.
1029 4789 1089 4834 et
1113 4775 1315 4835 Suidus
1337 4797 1379 4836 s.
1403 4774 1871 4856 Ὑπωπιασμόναι,

340 4865 443 4942 qui
473 4864 576 4923 ὑπὸ
606 4868 699 4923 τοῦ
726 4864 961 4941 πολέμου
1000 4865 1233 4923 omittit.
1274 4862 1421 4946 παρὰ
1460 4870 1552 4924 τοῦ
1592 4869 1663 4924 V.
1687 4901 1766 4913 -—-
1798 4870 1870 4925 28

336 4952 463 5033 περὶ
497 4952 721 5012 SuidaS.
747 4952 892 5035 παρὰ
922 4953 1050 5012 Ald.
1079 4952 1169 5012 καὶ
1204 4951 1350 5033 παρὰ
1375 4959 1444 5012 V.
1479 4956 1701 5015 Deinde
1735 4957 1870 5020 Ald.

1942 381 2113 465 ὄψεων
2138 404 2249 442 οη).
2282 387 2520 459 SuidaS,
2562 406 2662 463 qui
2692 391 2966 467 κρούματα
3005 399 3060 446 et
3091 406 3167 462 29
3196 383 3472 451 κονδύλους

1943 472 2117 555 φασίν.
2148 518 2210 531 ..
2237 475 2308 541 34
2341 472 2576 541 ἅπαντας
2602 472 2696 540 τὰς
2727 479 2793 532 V.

2027 563 2176 633 542,
2210 563 2283 619 35
2311 562 2614 639 προσθλῶσι
2646 565 2717 620 R.
2759 572 2819 619 et
2854 563 3046 622 snidae
3083 561 3262 640 (apud
3302 580 3474 638 quem

1942 648 2117 725 vulgo
2157 646 2490 729 προσφλῶσι)
2532 647 2757 706 codices
2795 649 2932 707 duc.
2968 651 3202 729 προθιῗισι
3226 654 3379 709 V...
3401 651 3474 707 36

1943 734 2307 817 ἅνατρίὸοντες
2344 740 2413 794 V.
2454 748 2512 795 et
2554 727 2778 812 SuidaJS.
2822 734 3275 815 συντρίὸοντες·Β.
3304 781 3367 795 -
3402 736 3475 794 38

1943 826 1996 883 ἐν
2028 821 2335 907 Ἰφιγίροντι
2357 844 2474 882 om.
2494 824 2722 883 SuidaS.

2026 911 2170 989 549,
2205 913 2277 969 52
2303 911 2419 970 ἀντὶ
2455 916 2548 971 τοῦ
2580 910 2755 969 κατεδ.
2785 910 3052 970 Dindorr.
3082 912 3379 970 ἀντεκατεδ.
3407 913 3476 967 V.

1943 998 2271 1077 Legebantur
2293 998 2330 1070 ἢ
2353 999 2531 1058 κατεδ.
2558 1033 2639 1045 —
2666 999 2736 1064 54
2762 996 2852 1056 τὸν
2882 995 3045 1074 μέσον
3070 1002 3175 1056 τῶν
3207 997 3478 1058 δακτύλων

1944 1086 2147 1145 Suidas
2170 1107 2213 1144 s.
2245 1085 2646 1162 Ἔσκιμάλισεν.
2677 1117 2753 1130 —-
2781 1104 2800 1141 ι
2838 1083 3106 1167 ἐνυὸρίσαι
3133 1086 3304 1144 idem.
3333 1121 3412 1134 —
3444 1105 3477 1142 2

1945 1172 2252 1240 ἐκτείνοντες
2280 1178 2347 1229 V.

2027 1261 2163 1332 553,
2189 1261 2225 1316 6
2256 1256 2374 1324 τοὺς
2402 1278 2514 1317 om.
2547 1263 2583 1316 ἶ

2030 1348 2142 1416 554
2161 1389 2178 1418 ,
2208 1349 2245 1407 8
2275 1346 2524 1428 Ἄρχαίας
2554 1344 2590 1417 ἢ
2629 1343 2745 1403 ἀντὶ
2770 1350 2863 1404 τοῦ
2895 1347 3125 1412 παλαιᾶς
3147 1352 3214 1405 Β.
3249 1346 3484 1406 Scholia

1945 1455 2003 1493 v.
2037 1437 2173 1509 555,
2201 1435 2315 1494 556
2344 1456 2461 1493 om.
2492 1439 2586 1508 G.‚
2619 1438 2688 1494 13
2714 1455 2843 1515 φασι
2863 1454 2979 1492 om.
3000 1441 3070 1494 V.

2028 1527 2164 1596 558,
2202 1547 2266 1598 ¹7
2294 1522 2457 1583 πολὺν
2484 1527 2577 1583 τοῦ
2599 1543 2715 1581 om.
2737 1526 2804 1580 V.
2822 1519 3009 1601 χρόνον
3036 1526 3128 1581 τοῦ
3157 1522 3389 1601 πολέμου
3411 1528 3483 1583 R.

2030 1614 2168 1690 561,
2199 1632 2265 1671 αι
2298 1617 2452 1671 τοῦτο
2478 1618 2569 1685 V.‚
2599 1612 2700 1689 qui
2722 1630 2836 1669 om.
2861 1609 3163 1672 αἰνίττεται.

2030 1700 2165 1773 562,
2192 1702 2264 1758 23
2291 1698 2592 1776 legebatur
2615 1697 2903 1774 συντόμως.
2928 1696 3056 1780 πρὸς
3081 1697 3167 1756 τὸν
3193 1697 3311 1756 λίαν
3332 1703 3401 1757 V.

2031 1789 2167 1859 564,
2197 1806 2270 1861 27
2298 1789 2367 1859 εἷς
2388 1785 2545 1868 ἀγρὸν
2579 1807 2693 1845 om.
2715 1793 2781 1843 V.
2803 1786 2936 1844 Ald.
2962 1786 3119 1866 φησὶν
3142 1776 3188 1844 3⁵»
3214 1790 3283 1844 Β.

2032 1877 2168 1950 565,
2196 1879 2270 1934 30
2298 1897 2382 1953 sq.
2409 1873 2931 1955 Πανδαισία-ἅρτος
2958 1875 3108 1934 infra
3130 1888 3259 1952 post
3293 1876 3484 1933 ἑστιω-

1950 1962 2146 2042 μένων,
2177 1965 2215 2024 l.
2243 1967 2338 2035 34,
2361 1964 2528 2041 ponit
2546 1968 2615 2022 Β.
2631 2009 2695 2022 -.
2713 1965 2781 2021 31
2809 1971 3033 2042 κραταῖα
3055 1964 3215 2041 εὐωχ.
3237 1967 3305 2020 Β.
3327 1962 3485 2020 Idem

1951 2072 2064 2109 om.
2094 2050 2296 2116 Ἄλλως
2333 2050 2427 2108 hic
2463 2061 2521 2108 et
2555 2052 2650 2117 34.
2681 2083 2759 2094 -
2793 2048 2867 2106 35
2899 2068 2983 2126 sq.
3018 2050 3102 2107 sic
3127 2050 3187 2107 in
3212 2052 3317 2123 R.‚
3344 2070 3485 2106 παν-

1952 2138 2158 2198 δαισίαν
2178 2136 2305 2219 φασί
2324 2159 2457 2203 τινες
2480 2135 2605 2194 ὅταν
2625 2137 2830 2195 δεῖπνον
2857 2133 3074 2203 ἕκαστος
3094 2137 3236 2215 αὐτῷ
3255 2134 3483 2213 κομίζων

1952 2229 2025 2293 εἰς
2048 2225 2108 2285 τὸ
2133 2225 2300 2286 κοινὸν
2331 2224 2468 2305 θήσῃ
2495 2224 2587 2284 καὶ
2614 2223 2806 2290 πάντες
2831 2222 3047 2282 πάντων
3082 2222 3366 2303 μετέχωσι.
3385 2221 3486 2303 γὰρ

1951 2335 2066 2372 om.
2099 2318 2167 2371 V.
2198 2345 2278 2357 —
2313 2314 2390 2370 36
2415 2310 2710 2390 μετέχωσι,
2739 2315 2813 2389 39
2843 2310 2939 2383 τὴν
2965 2312 3304 2383 ἐκποικίλλην
3332 2318 3398 2370 V.
3426 2313 3488 2370 ἐκ

1951 2401 2236 2463 ποικίλλων
2261 2403 2332 2461 G.

2033 2489 2170 2561 566,
2202 2498 2271 2561 47
2300 2484 2505 2568 θραύειν

2038 2575 2172 2649 567,
2208 2585 2284 2655 49
2306 2573 2374 2633 τὰ
2394 2575 2677 2656 σπέρματα
2699 2572 2766 2633 τὰ
2784 2573 2958 2656 ἄχυρα
2981 2580 3048 2632 V.

2037 2665 2154 2723 568
2181 2665 2263 2722 sic
2297 2665 2356 2723 in
2390 2668 2460 2722 R.
2477 2708 2495 2738 ,
2529 2661 2946 2741 μετακινήσειεν.
2972 2661 3109 2730 τινὲς
3128 2683 3404 2745 μετορχιον
3431 2664 3491 2723 τὸ

1957 2751 2151 2830 μεταξὺ
2191 2755 2296 2810 τῶν
2333 2754 2527 2834 φυτῶν.
2569 2749 2605 2821 ἢ
2647 2749 2707 2808 τὸ
2747 2748 2943 2830 μεταξὺ
2974 2755 3081 2811 τῶν
3117 2753 3329 2834 χωρίων
3361 2749 3490 2833 ὅπερ

1954 2840 2164 2920 λέγεται
2198 2838 2368 2922 ὀρχός.
2398 2841 2572 2906 καλῶς
2602 2837 2665 2899 ἂν
2704 2838 2832 2922 φαίη
2865 2840 3214 2919 μεταστήσειε
3251 2838 3320 2899 τὰ
3353 2841 3491 2920 φυτὰ

1957 2932 2063 2991 ἀπὸ
2087 2934 2193 2990 τῶν
2215 2932 2451 3012 ἀρουρῶν
2477 2931 2583 2987 τῶν
2609 2928 2991 3009 σπειρομένων.
3017 2928 3052 3001 ἢ
3074 2928 3351 3012 μετόρχιον
3377 2930 3490 2989 ἐστὶ

1954 3019 2015 3079 τὸ
2042 3016 2234 3098 μεταξὺ
2259 3020 2365 3077 τῶν
2388 3015 2895 3098 ὄρχων-γένωνται.
2921 3056 3002 3067 —-
3027 3036 3061 3075 2
3090 3021 3119 3077 ὁ
3142 3025 3284 3083 σῖτος
3301 3019 3355 3076 ἐν
3375 3016 3490 3098 ἅλῳ

1956 3105 2215 3188 ἔσπαρται
2242 3110 2309 3165 V.
2332 3103 2413 3163 ὅτι
2440 3124 2556 3162 om.
2591 3109 2662 3162 Β.
2683 3149 2745 3162 ...
2769 3123 2801 3175 7
2826 3105 3001 3173 καλῶς
3027 3102 3091 3163 ἂν
3113 3104 3242 3184 φαίη
3273 3127 3391 3183 μετ.
3418 3111 3486 3164 V.

2040 3198 2174 3268 570,
2211 3216 2273 3253 11
2303 3191 2552 3279 κρύπτειν
2580 3197 2652 3250 V.
2682 3190 2897 3252 κύπτειν
2919 3194 3048 3254 AJd.

2041 3286 2149 3357 571
2169 3326 2186 3355 ,
2221 3284 2289 3340 13
2325 3280 2387 3340 τὸ
2410 3280 2506 3359 μὲν
2539 3281 2685 3339 dicit
2706 3281 3019 3359 respiciens
3050 3281 3123 3340 ad
3148 3280 3305 3359 μέλος
3329 3288 3491 3365 χοροῦ

1960 3392 2011 3432 v.
2046 3374 2178 3431 582.
2214 3375 2515 3442 Ceterum,
2551 3370 2662 3428 nisi
2696 3370 2866 3447 plura
2904 3370 3271 3441 exciderunt,
3300 3375 3452 3430 corn-i
3473 3405 3493 3417 ·

1959 3460 2207 3540 gendum
2269 3457 2566 3518 δεκάκωλον
2620 3455 2923 3537 τροχαῖκόν.
2985 3458 3299 3519 Δεκάκωλον
3350 3460 3495 3519 dicit

1957 3551 2172 3609 omisso
2210 3566 2380 3608 versu
2419 3547 2773 3605 catalectico.
2801 3545 2912 3606 Sed
2955 3566 3163 3606 vereor
3202 3568 3279 3607 ne
3310 3546 3496 3608 ἕνδεκα

1957 3635 2143 3696 κώλων
2186 3636 2484 3718 τροχαϊκῶν
2547 3635 2874 3713 scripserit,
2928 3649 3060 3712 post
3105 3634 3493 3715 παρατέλευτον

1957 3736 2147 3784 autem
2183 3742 2381 3781 versus
2399 3721 2720 3780 catalectici
2742 3724 2966 3780 notatio
2993 3723 3292 3783 exciderit.
3310 3728 3493 3783 Dum.

2039 3816 2177 3885 574,
2207 3832 2281 3869 22
2309 3809 2547 3870 παλάθαι
2572 3815 2643 3870 R.
2670 3822 2729 3868 et
2759 3810 2967 3870 Suidas
2990 3832 3035 3869 s.
3065 3813 3332 3872 Παλᾶθαι.

2041 3903 2151 3974 577
2170 3946 2186 3975 ,
2217 3901 2291 3959 25
2316 3902 2386 3966 ὥς
2408 3902 2443 3969 ἡ
2470 3911 2528 3956 et
2557 3896 2779 3980 φύονται
2800 3904 2873 3957 V.
2907 3932 2987 3944 -
3016 3900 3091 3957 26
3118 3899 3313 3973 ἄλλως,
3337 3904 3411 3960 28
3436 3900 3497 3960 τὸ

1958 4011 2072 4050 om.
2096 3994 2167 4049 R.
2194 4025 2259 4038 -
2285 4007 2361 4064 29
2381 3985 2630 4046 δύνανται
2659 3992 2727 4043 V.

2041 4080 2176 4149 578,
2201 4078 2273 4133 33
2299 4074 2360 4134 τὸ
2379 4095 2493 4133 om.
2516 4080 2587 4135 G.
2612 4072 2674 4132 τὸ
2699 4075 2986 4152 ἑποθοῧμεν
3007 4079 3076 4133 Β.
3097 4074 3126 4134 ὃ
3148 4081 3408 4153 ποθοῦμεν
3422 4083 3494 4137 V.

2041 4165 2153 4223 582
2170 4206 2188 4235 ,
2227 4170 2305 4239 49
2330 4160 2463 4230 τινὲς
2484 4161 2771 4243 γράφωσιν
2802 4160 3093 4238 ἐδάμημεν.
3131 4169 3395 4242 Apparet
3422 4185 3496 4224 ex

1958 4253 2047 4311 his
2065 4251 2427 4310 scholi-‘astam
2461 4250 2694 4328 legisse,
2736 4249 2893 4327 quod
2927 4268 3035 4327 ego
3064 4270 3135 4309 ex
3164 4251 3498 4329 conjectura

1962 4339 2217 4413 restitui,
2245 4337 2463 4414 ἐδάμην,
2497 4338 2776 4415 pluralem
2803 4350 2995 4395 autem
3026 4357 3360 4411 numerum,
3395 4341 3493 4418 qui

1960 4430 2020 4487 in
2045 4428 2210 4487 libris
2230 4428 2457 4504 legitur,
2474 4426 2791 4485 correctori
2808 4424 3025 4496 deberi.
3044 4426 3078 4482 5
3089 4446 3114 4483 1
3134 4424 3495 4508 τετράμετρος,

1958 4532 2095 4579 sunt
2115 4518 2290 4577 verba
2316 4516 2563 4595 δαιμόνια
2587 4515 2901 4596 βουλόμενος
2921 4517 2991 4581 εἷς
3010 4515 3168 4597 ἀγρὸν
3191 4518 3491 4599 ἀνερπύσαι.

1959 4606 2187 4671 Deinde
2224 4605 2596 4665 scribendum
2633 4602 2725 4661 καὶ
2759 4604 2814 4661 ἐν
2842 4600 3138 4676 ἐπεκθέσει,
3183 4604 3255 4663 53
3301 4619 3492 4666 nantem
3541 4602 3548 4609 ‘

1960 4693 2330 4753 scribendum
2376 4692 2611 4750 videtur
2645 4680 2760 4748 εἶτα
2809 4691 2864 4747 ἅν
2905 4689 3232 4771 παραθέσει.
3278 4696 3496 4771 Ineptit
3581 4732 3589 4745 .

1964 4783 2059 4855 54,
2081 4780 2328 4860 ἰαμὸικὸν
2358 4779 2599 4860 δίμετρον
2625 4778 2837 4837 dicens,
2859 4783 3042 4836 Dum.
3071 4777 3296 4860 δίρυθμα
3313 4788 3406 4854 V.‚
3430 4796 3494 4841 ut

1961 4870 2124 4929 solet.
2155 4866 2559 4950 παρατελεύτιον
2592 4870 2663 4922 G.
2684 4897 2764 4909 -
2786 4885 2820 4921 2
2849 4866 3242 4947 συναλιφθίντος
3262 4873 3329 4927 Β.

2047 4956 2159 5015 583
2206 4957 2278 5021 εἰς
2310 4953 2500 5013 ἑνικόν.
2542 4957 2680 5011 Haec
2704 4972 2936 5030 quoque
2964 4958 3292 5030 annotatio,
3317 4978 3492 5035 quam

337 5038 377 5097 ἅ
404 5040 537 5099 εἰσιν
573 5037 881 5118 ἐκκαύματα
912 5039 1080 5124 ὄψεων
1126 5040 1216 5101 καὶ
1258 5043 1585 5123 κρούσματα.
1624 5042 1726 5103 ὑπὸ
1764 5048 1869 5104 τῶν
1964 5064 2079 5104 om.
2101 5049 2154 5102 G
2173 5087 2190 5117 ,
2215 5042 2284 5101 ad
2305 5040 2506 5119 ἐδάμην
2529 5040 2850 5101 reserenda.
2876 5042 3198 5119 Δαιαονίως,
3223 5047 3492 5127 σφοδρῶς,
