3859 5725
404 307 521 372 800

402 435 732 487 Aturrus.
764 424 991 485 Deinde
1032 420 1334 501 legebatur
1376 418 1758 502 Προὸόλινθος,
1802 420 1941 499 Τρι-

404 513 664 597 κόρινθος,
689 533 817 593 quae
845 512 1098 571 correxit
1127 511 1482 572 Dindorfius.

487 603 622 671 288,
661 603 728 661 15
770 600 830 661 τὸ
858 621 972 659 om.
1008 604 1081 658 R.
1109 604 1235 658 Bar.
1279 595 1433 676 σιμὸν
1477 595 1534 655 δὲ
1576 602 1702 655 Bar.
1743 592 1941 676 χωρίου

407 695 501 751 τοῦ
526 690 654 772 πρὸς
697 687 793 761 τὴν
846 694 921 747 K.
952 710 1008 767 χ.
1034 686 1094 747 τὸ
1128 685 1257 767 πρὸς
1292 691 1360 745 L.
1389 707 1446 764 χ.
1474 690 1567 743 τοῦ
1603 682 1828 756 πλησίον
1850 685 1944 752 τῆς

410 776 741 861 ἀκροπόλεως
782 783 910 836 Bar.
935 813 995 825 -
1016 777 1086 833 16
1108 774 1145 847 ἢ
1172 774 1250 834 ὄν.
1280 797 1335 853 χ.
1370 773 1629 832 additum
1663 792 1733 831 ex
1781 775 1946 830 R.—

418 868 488 924 18
525 864 756 925 Πλάτων
797 864 1102 923 Elmsleius
1125 864 1200 922 ad
1229 864 1477 921 Acharn.
1523 863 1657 932 377.
1689 856 1947 935 Legeba-

416 966 513 1011 tur
535 950 745 1022 πλατὺ,
787 954 961 1010 etiam
1000 971 1094 1030 ap.
1134 950 1367 1009 suidam
1400 969 1446 1007 s.
1485 946 1740 1025 Σιμός.-
1777 967 1845 1022 ¹9
1866 949 1948 1004 δεῖ

413 1040 567 1099 idem
598 1040 796 1098 Elmsl.
834 1040 1107 1097 restituit.
1137 1037 1465 1113 Legebantur
1486 1034 1586 1095 ἀεί.

499 1129 634 1206 289,
669 1146 737 1184 21
783 1125 990 1209 ἅμπρον
1034 1131 1104 1185 R.
1142 1140 1200 1185 et
1237 1125 1444 1186 Suidas
1475 1144 1518 1182 s.
1557 1121 1946 1203 Ἆμπρεύοντες.

415 1213 621 1295 ἄμπρος
641 1218 716 1273 K.
739 1220 868 1273 Bar.
896 1213 1128 1293 σχοινίου
1158 1217 1228 1272 R.
1248 1250 1313 1262 -
1331 1232 1402 1270 22
1429 1231 1515 1289 sq.
1544 1210 1718 1269 habet
1740 1216 1866 1270 Put.

501 1322 608 1378 291
641 1305 722 1361 sic
754 1302 813 1360 in
843 1306 974 1362 Bar.
984 1343 1005 1372 ‚
1045 1298 1408 1370 ἕξεπιώκατον.
1442 1299 1559 1358 ἀντὶ
1598 1303 1689 1358 τοῦ
1714 1299 1947 1379 ἔθλιψαν.

416 1394 494 1472 τῷ
517 1389 672 1470 ξύλῳ.
703 1384 825 1450 διίκ.
856 1388 1103 1471 μίρος.-
1132 1398 1207 1457 24
1233 1386 1269 1460 ἢ
1295 1387 1541 1469 ἔλίψατον
1569 1392 1634 1446 L.
1655 1385 1691 1459 ἢ
1731 1385 1950 1468 ἔθλιψαν

417 1485 493 1539 Κ.
515 1498 631 1539 om.
652 1484 794 1538 R.—
809 1480 883 1536 25
901 1478 1089 1545 δυῖκῶς
1109 1482 1176 1536 L.
1197 1476 1288 1535 καὶ
1304 1477 1492 1543 δυῖκῶς
1509 1481 1576 1535 R.
1593 1475 1857 1556 ’ἐνιμέρος
1874 1481 1949 1534 K.

501 1569 637 1644 293.
665 1572 788 1624 Hoc
809 1567 1069 1624 scholion
1091 1566 1167 1624 ad
1193 1587 1251 1624 v.
1279 1585 1391 1642 297
1417 1565 1668 1624 refertur
1694 1566 1754 1622 in
1786 1570 1916 1623 Put.
1934 1609 1951 1638 ‚

420 1657 520 1734 qui
543 1654 682 1734 ἔχων
707 1653 791 1712 δι’.

503 1752 614 1818 294
668 1746 802 1801 Put.
830 1743 926 1812 τῆς
967 1741 1089 1799 ὁδοῦ
1135 1740 1299 1819 (quae
1334 1738 1516 1798 verba
1558 1761 1679 1799 non
1716 1752 1852 1799 sunt
1892 1741 1955 1798 in

420 1832 802 1909 Frobeniana)
838 1826 1079 1903 δηλονότι
1114 1828 1189 1908 μὴ
1224 1819 1365 1908 ’μετὰ
1406 1845 1514 1890 etc.
1534 1867 1597 1879 -
1627 1851 1705 1906 29
1734 1830 1789 1890 δὲ
1837 1851 1952 1889 om.

422 1927 587 1996 Bar„
621 1922 683 1980 in
723 1939 841 1998 quo
881 1924 1033 1978 τοῦτο
1075 1918 1449 2001 παρεπιγραφή
1492 1919 1743 1978 refertur
1782 1920 1855 1978 nd
1897 1938 1955 1975 v.

426 2011 559 2087 296.

507 2100 642 2174 298,
689 2099 756 2156 31
806 2118 908 2175 μου
930 2099 1000 2155 R.
1022 2099 1090 2155 Ι..
1119 2100 1249 2154 Put.
1289 2116 1355 2172 με
1390 2097 1516 2155 Bar.
1547 2093 1677 2174 πρός
1704 2099 1777 2153 Κ.
1796 2132 1861 2144 -
1880 2096 1955 2154 33

423 2184 590 2245 κακὸν
614 2181 852 2262 Λήμνιον
881 2188 958 2241 K.
976 2220 1040 2232 —
1059 2185 1133 2251 34
1174 2182 1295 2240 haec
1332 2204 1365 2239 a
1394 2182 1794 2260 superioribus
1835 2182 1955 2240 dis-

415 2272 623 2350 juncta
644 2273 704 2331 in
736 2276 867 2329 Put.
905 2283 1042 2329 sunt
1069 2270 1366 2348 sequentis
1398 2270 1603 2328 scholii
1631 2270 1769 2328 vice.

506 2362 622 2419 300
652 2357 793 2419 Ἀντὶ
814 2363 908 2417 τοῦ
935 2377 1052 2417 om.
1088 2364 1158 2417 R.
1208 2364 1338 2416 Put.
1371 2359 1483 2432 Qui
1518 2357 1592 2415 ad
1621 2370 1958 2435 sequentem

425 2465 658 2506 versum
682 2444 858 2504 habet
884 2445 1131 2522 glossam
1160 2443 1333 2503 ἔδακε.
1353 2483 1416 2499 .-
1445 2455 1517 2515 44
1554 2443 1609 2503 δὲ
1630 2466 1746 2503 om.
1770 2450 1841 2504 R.

507 2533 623 2592 308
651 2529 1024 2601 Ξγκαταθίντες
1050 2532 1283 2591 videtur
1311 2532 1488 2591 fuisse
1514 2533 1574 2592 in
1613 2532 1813 2591 codice
1842 2552 1963 2610 quo

427 2641 567 2681 usus
586 2632 672 2679 est
693 2625 1066 2679 Puteanus.—
1082 2624 1156 2690 46
1187 2627 1370 2702 φαῖνον
1398 2625 1470 2679 R.
1507 2626 1636 2680 Bar.
1666 2627 1817 2702 φαῖον
1833 2626 1962 2680 Put.

429 2706 737 2792 φαινόμενον
770 2712 835 2766 L.
868 2708 1174 2786 ἀμπελινῶν
1194 2715 1326 2770 Put.

511 2799 626 2874 309
655 2796 861 2854 lemma
887 2794 1064 2853 habet
1096 2800 1222 2854 Put.
1262 2795 1408 2878 κριὸν
1435 2793 1539 2879 γὰρ
1562 2802 1631 2856 R.

512 2886 624 2943 312
666 2883 841 2943 habet
865 2889 997 2944 Put.
1021 2883 1084 2942 τὸ
1130 2883 1340 2965 φορτίον
1367 2908 1381 2944 z
1411 2884 1477 2944 τὰ
1496 2883 1643 2953 ξύλα.
1682 2884 1964 2945 Scholion

428 2970 782 3055 Ὑπὸ-φησι
798 2974 870 3031 ad
893 2993 951 3030 v.
983 2974 1049 3031 31
1068 2994 1091 3031 1
1128 2976 1316 3053 καπνῷ
1338 2972 1532 3040 πιέζειν
1561 2973 1749 3030 refert.

510 3062 624 3120 3ι3
653 3063 861 3120 lemma
884 3059 1057 3119 habet
1081 3066 1212 3119 Put.
1229 3098 1290 3111 -
1307 3064 1379 3121 52
1409 3060 1675 3143 Κρατερὸς
1694 3067 1822 3121 Bar.
1848 3064 1966 3119 Ce-

430 3150 541 3210 teri
590 3148 877 3233 Καρτερός.
902 3186 965 3199 -
982 3151 1054 3210 53
1098 3148 1230 3230 φησὶ
1273 3157 1442 3211 ταῦτα
1488 3153 1558 3213 Β.
1606 3157 1734 3210 Put.
1776 3152 1967 3209 Ceteri

429 3239 601 3299 ταῦτά
638 3261 815 3320 φασιν.
839 3272 903 3288 --
929 3260 951 3296 1
1001 3238 1361 3319 Στρατονίκου
1407 3246 1537 3298 Put.
1556 3273 1628 3286 —
1656 3241 1690 3298 3
1716 3242 1813 3311 τῆς
1850 3244 1968 3299 θεοῦ

429 3331 503 3387 R.
532 3327 724 3388 Ceteri
768 3334 876 3393 τοῖς
914 3330 1083 3403 θεοῖς,
1124 3327 1284 3405 quod
1320 3330 1415 3398 τῆς
1451 3330 1572 3393 θεας
1598 3326 1969 3386 scribendum

430 3435 556 3474 esse
580 3427 884 3476 monuerat
903 3417 1158 3473 Meierus
1177 3420 1265 3473 De
1285 3414 1456 3473 bonis
1476 3415 1727 3474 damnat.
1750 3435 1807 3493 p.
1835 3437 1856 3472 1
1869 3416 1968 3490 81,

435 3504 660 3561 215.-
688 3511 719 3573 4
749 3500 1139 3584 κατακεκόφθαι
1158 3507 1252 3576 L.,
1284 3503 1388 3579 qui
1418 3501 1451 3560 5
1481 3522 1594 3562 om.
1625 3502 1745 3562 κατ’
1788 3503 1967 3566 αὐτοῦ.

433 3623 510 3635 ·-
530 3611 568 3666 9
593 3590 773 3648 πλεῖον
796 3595 870 3648 Κ.

516 3678 630 3735 316
654 3680 786 3737 Put.
815 3699 828 3736 :
855 3674 951 3736 σὺν
978 3677 1096 3755 ἐμοὶ
1128 3677 1383 3755 κομίσεις.
1698 3694 1709 3705 ·

516 3768 652 3838 320,
684 3766 753 3823 16
787 3787 924 3831 τινες
943 3785 1056 3823 om.
1074 3770 1152 3824 K.
1174 3799 1254 3810 -
1282 3786 1348 3837 ¹7
1377 3763 1610 3836 ἀλλήλας
1634 3771 1707 3827 R.

515 3856 650 3926 321,
700 3874 771 3929 19
802 3842 958 3911 ἔσται
996 3857 1067 3912 R.
1099 3854 1212 3913 Νῦν
1234 3865 1294 3911 et
1322 3873 1397 3911 20
1419 3852 1510 3912 καὶ
1545 3867 1604 3914 et
1635 3856 1806 3916 αὐτῶν
1837 3856 1970 3933 (hoc

434 3962 564 4001 cum
591 3943 815 4013 lacuna)
842 3952 902 3999 et
928 3961 995 3999 21
1033 3939 1232 3999 ἄνωθεν
1256 3953 1318 4000 et
1347 3961 1421 3999 22
1450 3948 1563 4009 ταῖς
1594 3962 1708 4002 om.
1739 3949 1869 4002 Put.
1888 3978 1970 3990 —

435 4038 511 4100 24
535 4029 752 4108 Ὀνομα
785 4035 853 4090 R.

516 4120 651 4190 326,
687 4136 758 4189 27
806 4116 1015 4189 Μήπως
1043 4114 1258 4197 ὕστερον
1287 4123 1415 4176 Put.
1438 4116 1656 4198 ὕστερον
1692 4119 1863 4181 etiam
1898 4126 1969 4182 R.

435 4219 494 4264 et
517 4205 722 4265 Suidas
749 4225 796 4264 ³.
830 4206 980 4263 Μῶν.
1004 4205 1194 4265 Ceteri
1221 4203 1449 4288 ὕστερος.

517 4295 653 4365 327,
687 4293 763 4350 30
782 4290 1006 4372 κνεφαία
1030 4290 1209 4350 habet
1236 4297 1384 4364 Pul„
1413 4293 1631 4354 omittit
1662 4294 1699 4367 ἢ
1733 4295 1970 4377 ἔσπερία.

432 4418 515 4430 -
534 4384 601 4443 31
636 4383 783 4441 idem
808 4380 904 4454 τὴν
931 4383 1101 4441 οἰκίαν
1132 4380 1314 4463 ὑδρίαν
1363 4382 1619 4455 δηλονότι.
1663 4391 1971 4445 Ravennas

432 4473 497 4530 in
528 4483 716 4551 poetae
741 4469 938 4529 verbis
961 4468 1132 4530 οἰκίαν
1154 4468 1331 4528 habet
1354 4489 1466 4547 pro
1490 4471 1688 4552 ὑδρίαν.

515 4563 653 4637 329,
686 4560 759 4619 33
790 4559 851 4618 οὗ
878 4580 930 4637 γ.
956 4581 1013 4637 χ.
1038 4558 1200 4638 βάπτ.
1223 4559 1283 4616 in
1311 4557 1424 4615 fine
1455 4572 1591 4636 post
1620 4559 1836 4641 κρήναις
1861 4582 1970 4640 po-

432 4649 521 4708 nit
553 4647 780 4708 suidas».

519 4737 634 4795 332
665 4734 952 4815 Ἐπάρασα
994 4731 1090 4805 τὴν
1138 4733 1273 4815 ὖδρ.,
1309 4733 1651 4815 περικατάξαι
1697 4735 1879 4802 αὐταῖς
1910 4734 1973 4794 τὸ

434 4821 585 4890 ξύλον
634 4828 762 4882 Bar.
809 4823 902 4882 Sic
945 4821 1235 4883 Albertus.
1283 4822 1498 4882 Confer
1532 4822 1797 4882 scholion
1825 4824 1969 4898 357,

434 4910 538 4969 ubi
573 4911 721 4970 adde
744 4913 877 4970 Put.

519 5000 632 5056 336
659 4997 1098 5079 ἘπέρχεσθαιΒ.
1131 4999 1359 5071 Ceteri,
1398 5001 1569 5058 etiam
1610 5004 1738 5061 Put.
1758 5045 1774 5075 ,
1808 4998 1972 5081 σπέρ-

434 5090 644 5168 χεσθαι.

1528 288 1979 353 ΑΒΝΟΤΑΤῙΟ
2019 287 2103 350 IN
2143 284 2406 349 scnol..

2113 418 2248 490 337,
2275 426 2347 485 42
2380 414 2779 482 ὗποκαύσαντας
2807 421 2876 476 R.
2914 415 3303 486 ὗποκαῦσαντες
3340 422 3579 479 put.-

2034 513 2105 575 44
2133 502 2227 571 Ὡς
2250 524 2365 563 om.
2391 505 2566 563 etiam
2595 509 2724 564 Put.

2125 596 2236 663 343
2295 591 2423 652 Ἀπὸ
2465 616 2518 651 κ.
2574 599 2702 652 Put.
2730 594 3111 653 Scribebatm·
3157 590 3314 653 Κατὰ
3358 598 3570 655 κοινοῦ.

2032 680 2193 740 Idem
2217 681 2347 740 cod.
2373 682 2446 740 ad
2474 693 2809 759 sequentem
2832 702 3064 740 versum
3087 705 3102 740 ε
3129 680 3244 740 ἀντὶ
3270 687 3362 741 τοῦ
3390 682 3474 764 ἐφ’
3493 672 3581 740 ὧν

2035 766 2208 841 ἕνεκα,
2244 768 2404 847 ἤγουν
2432 768 2553 852 περὶ
2584 774 2681 841 τῆς
2718 768 2944 849 εἰρήνης.
2970 769 3296 830 Delendum
3334 769 3587 828 videtur

2036 857 2138 937 ἐφ’,
2168 877 2241 915 ex
2269 870 2458 935 poetae
2484 857 2677 916 verbis
2702 858 2944 916 illatum.

2119 947 2253 1022 349,
2277 944 2341 1003 51
2376 945 2530 1005 συσὸ.
2553 950 2623 1004 R.
2643 943 2933 1005 ἐσὸεννύειν
2963 950 3023 1005 L.
3049 951 3175 1005 Put.
3198 944 3464 1005 σθεννῦειν
3494 950 3582 1003 K.

2118 1033 2230 1103 354
2260 1036 2311 1094 Τ
2316 1033 2335 1091 ί
2355 1033 2625 1117 φοόεῖσθε,
2647 1034 2701 1091 τί
2723 1032 2943 1115 τρέμετε
2966 1038 3094 1093 Put.
3119 1038 3236 1109 Qui
3259 1055 3429 1093 versu
3454 1035 3584 1092 358

2036 1121 2214 1180 habet
2245 1124 2430 1202 ἀγγεῖα
2460 1124 2553 1202 (ad
2580 1122 2884 1200 κάλπιδας),
2928 1125 3034 1181 361
3079 1122 3200 1182 ὄνου
3233 1123 3327 1201 (ad
3369 1121 3587 1202 βουπά-

2036 1210 2179 1285 λου),
2207 1213 2320 1269 362
2352 1207 2447 1276 τὰς
2469 1210 2685 1288 γνάθους
2704 1209 2967 1282 δηλονότι.
3444 1263 3457 1275 ,

2123 1298 2235 1355 365
2269 1296 2403 1357 ’Ave’
2427 1303 2493 1357 L.
2533 1299 2627 1358 Ad
2652 1320 2706 1358 ν.
2739 1301 2855 1358 366
2891 1303 3018 1358 Put.
3053 1297 3214 1379 ἤγουν
3254 1297 3348 1367 τὰς
3383 1296 3589 1365 πολιὰς

2040 1382 2311 1458 ἕκσπάσῳ.

2124 1475 2260 1546 367,
2304 1493 2327 1530 1
2348 1494 2366 1530 ι
2411 1471 2644 1541 ἔξανύσω
2669 1473 2846 1534 habet
2883 1479 3012 1534 Bar.
3030 1520 3049 1550 ,
3079 1473 3263 1544 ἐξοίσω
3290 1474 3468 1545 ἰξῶσω
3501 1481 3579 1535 1..

2040 1558 2301 1638 ἐκθηρίσω
2331 1566 2458 1620 Put.

2123 1651 2239 1721 370
2267 1649 2608 1726 σκευάσωμεν
2631 1648 2693 1708 τὸ
2712 1655 2787 1709 K.
2810 1663 2869 1710 et
2891 1656 3021 1711 Bar.
3049 1664 3117 1710 ut
3139 1651 3387 1713 videtur.

2127 1740 2261 1808 372,
2296 1757 2363 1810 17
2394 1726 2438 1795 ὦ
2461 1757 2577 1796 om.
2606 1743 2679 1798 R.
2710 1743 2840 1797 Put.

2130 1826 2243 1897 376
2263 1830 2390 1884 Put.
2420 1824 2593 1885 habet
2616 1824 2855 1897 ὀπτήσω.
2885 1826 3126 1886 σταθεύω
3152 1827 3214 1887 τὸ
3241 1830 3484 1888 ὀπτέκ-
3502 1849 3592 1886 2ο

2046 1910 2350 1988 σταθμεύειν
2383 1916 2446 1970 L.
2477 1918 2628 1986 Bam,
2651 1927 2709 1972 et
2734 1914 2887 1973 infra
2921 1915 3296 1974 similiter.-
3320 1938 3395 1975 22
3418 1919 3591 1997 κρεά-

2047 2000 2155 2059 διον
2181 2005 2302 2058 Bar.
2333 2005 2399 2059 In
2428 2001 2882 2062 Acharnensium
2915 2024 3089 2062 versu
3111 2017 3200 2063 est
3225 2004 3458 2063 στάθευε.

2130 2090 2267 2162 378,
2293 2107 2362 2161 27
2399 2089 2578 2171 Κρητί
2622 2090 2917 2153 AlbertuS.
2955 2091 3334 2152 scribebatur
3374 2092 3589 2175 Κρήτῃ.

2132 2177 2246 2234 380
2277 2175 2544 2244 Δινεύσεις
2570 2183 2701 2237 Bar.

2130 2266 2205 2323 38
2220 2286 2238 2322 ι
2265 2265 2324 2322 in
2344 2270 2474 2323 Put.
2495 2264 2820 2347 Ἀχαρναίων
2844 2266 2969 2343 (sic)
2993 2266 3231 2344 ποταμὸς
3256 2271 3285 2326 ὁ
3309 2267 3590 2350 Ἀχελῷος.

2132 2355 2248 2413 385
2275 2352 2405 2413 Ἀπὸ
2427 2359 2518 2413 τοῦ
2551 2360 2614 2413 L.
2641 2359 2768 2413 Bar.
2795 2361 3031 2416 Lemma
3052 2369 3140 2415 est
3162 2355 3386 2436 τρέμων.

2133 2443 2276 2516 388,
2321 2443 2394 2512 45
2434 2440 2678 2521 βούλεται
2722 2446 3034 2502 ΒεὶιΙιετυε.
3083 2443 3414 2522 Legebatur
3452 2448 3586 2524 βου-

2049 2530 2272 2591 λεύεται.
2288 2562 2366 2574 -
2389 2531 2465 2588 50
2492 2528 2571 2588 ἔτι
2590 2537 2656 2590 L.
2685 2529 2767 2590 ὅτι.
2791 2538 2951 2591 K.-
2974 2533 3046 2590 52
3076 2532 3298 2601 ὁπλίτας
3320 2534 3590 2593 Diodor-

2051 2620 2158 2678 fius
2208 2630 2265 2676 et
2306 2617 2591 2676 Dobraeus
2631 2638 2704 2677 ex
2744 2639 2800 2678 v.
2850 2622 2984 2696 394.
3024 2624 3099 2678 K.
3142 2616 3399 2694 ἅπαντας,
3453 2624 3588 2679 Bar.

2053 2707 2349 2767 πάντα.-
2379 2727 2402 2764 1
2437 2705 2570 2764 fort.
2601 2715 2900 2766 πεπωκυῖοι.
2934 2706 3159 2766 Dubito
3183 2727 3256 2766 an
3279 2717 3593 2768 πεπτωκυῖα

2054 2796 2267 2855 dixerit
2296 2814 2366 2852 eo
2393 2813 2565 2853 sensu
2590 2793 2661 2852 de
2686 2814 2806 2873 quo
2835 2796 2896 2853 in
2926 2794 3108 2853 schol.
3133 2795 3205 2854 ad
3230 2815 3290 2856 v.
3317 2796 3532 2873 395.-
3553 2817 3587 2854 2

2053 2887 2234 2945 ἐωσῶν
2268 2889 2572 2943 Kusterus.
2610 2883 2774 2942 Libri
2802 2887 3020 2944 ἐουσῶν.
3062 2889 3188 2942 Put.
3219 2884 3393 2943 habet
3428 2884 3588 2964 ἤγουν

2055 2976 2109 3032 αἱ
2132 2971 2308 3055 ἑορταὶ
2332 2976 2423 3030 τοῦ
2445 2970 2702 3032 Διονύσου
2724 2972 2921 3033 πυκναὶ
2938 2971 3031 3031 καὶ
3055 2980 3306 3051 συνεχεῖς.
3330 2970 3591 3040 Σαὸάζιος

2056 3059 2113 3121 δὲ
2137 3064 2166 3119 ὁ
2190 3058 2455 3128 Διόνυσος.

2139 3152 2254 3226 389
2277 3154 2408 3208 Put.
2446 3147 2609 3227 ἤγουν
2637 3147 2699 3207 τὸ
2725 3147 2815 3208 τὸν
2836 3146 3056 3210 Ἄδωνιν
3084 3152 3266 3211 καλεῖν
3299 3151 3335 3224 ἢ
3367 3155 3586 3232 θρηνεῖν.

2055 3272 2135 3284 -
2164 3239 2232 3295 13
2262 3237 2656 3319 ὑπογράφουσιν
2685 3241 2816 3298 Bar.

2138 3325 2271 3402 395,
2299 3346 2366 3382 21
2395 3322 2705 3406 ἐπόρνευσεν
2729 3330 2858 3383 Bar.

2138 3418 2274 3491 397,
2308 3415 2383 3473 25
2419 3413 2693 3497 Δημόστρ.
2741 3419 2868 3474 Bar.
2895 3411 3262 3497 Φιλόστρατος
3299 3423 3471 3478 K.·-
3515 3421 3589 3478 26

2055 3500 2145 3562 καὶ
2172 3523 2288 3561 om.
2322 3508 2397 3562 R.
2432 3537 2513 3549 —
2553 3522 2625 3577 27
2656 3501 2862 3580 Δήμοις
2905 3506 3214 3563 Kusterus.
3267 3507 3592 3586 Legebamu-

2057 3590 2247 3672 Δήμῳ.

2139 3682 2253 3747 403
2304 3684 2434 3738 Put.
2468 3676 2748 3757 πάσχομεν
2782 3677 2881 3758 (ad
2926 3678 3104 3738 δίκαιά
3153 3680 3257 3760 γε).
3300 3679 3490 3741 ἁλυκὸν
3534 3684 3588 3742 ἐν

2058 3766 2193 3846 ἄλλῃ
2228 3765 2417 3848 βίὸλῳ.
2446 3766 2607 3842 ἤγουν
2650 3764 2962 3849 δριμύν.-
2992 3770 3064 3827 33
3101 3768 3401 3846 legebatur
3438 3770 3586 3828 Ἀλυ-

2056 3860 2193 3921 κοῧς.
2236 3859 2362 3913 Bar.
2415 3852 2631 3914 ἁλυκόν.
2681 3855 2953 3914 Correxit
3005 3856 3346 3917 Dindorfius
3385 3859 3591 3917 collato

2057 3943 2260 4023 steph.
2292 3946 2428 4019 Byz.
2455 3962 2502 4000 s.
2533 3942 2858 4008 Ἄλυκος.-
2880 3943 2954 4000 36
2981 3939 3254 4021 αὖχόμθα
3272 3950 3342 4004 Ι..

2140 4032 2272 4103 408,
2304 4040 2379 4100 40
2406 4032 2478 4098 ὡς
2495 4028 2845 4112 πρός-τινος
2876 4050 2992 4088 om.
3015 4034 3077 4088 P.

2141 4127 2254 4187 410
2278 4118 2341 4177 τὸ
2359 4139 2478 4176 om.
2502 4123 2651 4184 Fut..
2681 4118 2784 4195 qui
2808 4131 2946 4196 post
2974 4115 3032 4176 δὲ
3056 4130 3113 4177 et
3154 4133 3289 4197 post
3308 4117 3596 4200 κακὲμφα-

2057 4230 2146 4266 τον
2173 4208 2406 4265 lacunas
2433 4205 2632 4265 habet.
3411 4277 3416 4281 q

2141 4296 2254 4363 413
2288 4291 2385 4365 τὴν
2416 4292 2644 4371 βάλανον
2673 4297 2804 4350 Put.
2834 4292 3049 4374 ψιλλίου
3091 4298 3220 4353 Put.
3258 4297 3383 4351 Bar.
3409 4292 3594 4351 Addit

2057 4386 2185 4442 Put.
2214 4385 2280 4461 τῇ
2301 4379 2507 4459 γυναικὶ
2536 4378 2776 4450 δηλονότι
2802 4380 2905 4459 (ad
2943 4379 3169 4459 ἐκείνῃ),
3198 4394 3256 4440 et
3287 4381 3362 4439 ad
3390 4401 3445 4438 ν.
3477 4388 3587 4449 414

2057 4468 2111 4538 ἐξ
2134 4473 2287 4547 ἡμῶν
2321 4469 2427 4550 (ad
2466 4469 2613 4546 τις),
2641 4468 2714 4526 ad
2749 4469 2863 4536 416
2894 4490 2909 4526 2
2941 4466 3078 4528 Ἀντὶ
3119 4473 3211 4528 τοῦ·
3241 4471 3347 4527 τῶν
3382 4468 3591 4539 ποδῶν,

2058 4557 2325 4627 Ἀττικῶς.
2351 4562 2442 4617 τοῦ
2466 4557 2621 4624 ποδὸς
2653 4558 2706 4615 ἐν
2742 4555 2877 4636 ἄλλῃ
2907 4555 3078 4640 βυὸλρ
3111 4555 3367 4637 (Sic).1n
3398 4555 3592 4613 multis

2059 4645 2212 4703 enim
2238 4642 2357 4712 τοὺς
2378 4644 2564 4710 πόδας.

2141 4743 2285 4805 417,
2312 4734 2387 4802 46
2412 4754 2497 4811 sq.
2530 4730 2710 4812 Μέρος
2735 4735 2829 4790 τοῦ
2861 4731 3012 4789 σανδ.
3054 4731 3329 4808 proximo
3369 4729 3590 4789 scholio

2058 4823 2362 4901 postponit
2415 4829 2505 4895 R„
2534 4842 2650 4882 om.
2678 4827 2807 4880 Put.
2831 4855 2907 4866 —
2934 4830 3005 4892 47
3037 4819 3143 4879 ἀπὸ
3165 4826 3259 4880 τοῦ
3296 4823 3343 4889 ζ.
3367 4824 3435 4879 R.
3468 4820 3592 4878 sine

2059 4909 2176 4969 ἀντὶ
2199 4915 2308 4971 τοῦ.
2331 4944 2403 4955 -
2432 4920 2507 4987 49
2528 4909 2629 4993 γὰρ
2647 4912 2796 4981 καλ.,
2822 4911 2894 4967 50
2924 4906 3163 4987 συνέχειν
3188 4906 3496 4986 ἐξαγόμενον
3518 4910 3590 4964 Κ.

2056 5003 2185 5058 Bar.
2211 4998 2440 5059 Scholia
2468 4997 2536 5056 ad
2573 5008 2717 5075 419,
2753 5007 2869 5068 420
2897 4996 3072 5056 habet
3104 5000 3225 5054 Put.

2140 5098 2277 5161 421,
2303 5106 2336 5144 2
2363 5084 2674 5168 διῃρέθησαν
2712 5091 2784 5148 R.
2815 5089 2863 5145 κ’
2891 5089 2964 5145 R.
2993 5084 3060 5146 L.
3098 5094 3151 5162 χ’
3198 5088 3326 5144 Put.
3355 5088 3485 5143 Bar.
3517 5086 3588 5141 K.
