<?xml version="1.0" encoding="UTF-8"?>
<!DOCTYPE html PUBLIC "-//W3C//DTD XHTML 1.0 Transitional//EN"
    "http://www.w3.org/TR/xhtml1/DTD/xhtml1-transitional.dtd">
<html xmlns="http://www.w3.org/1999/xhtml" xml:lang="en" lang="en">
 <head>
  <title>
</title>
<meta http-equiv="Content-Type" content="text/html;charset=utf-8" />
  <meta name='ocr-system' content='tesseract 3.04.00' />
  <meta name='ocr-capabilities' content='ocr_page ocr_carea ocr_par ocr_line ocrx_word'/>
</head>
<body>
  <div class='ocr_page' id='page_1' title='image "./scholiagraecain02dbgoog_0476.png"; bbox 0 0 3859 5725; ppageno 0'>
   <div class='ocr_carea' id='block_1_1' title="bbox 49 4161 52 4705">
    <p class='ocr_par' dir='ltr' id='par_1_1' title="bbox 49 4161 52 4705">
     <span class='ocr_line' id='line_1_1' title="bbox 49 4161 52 4705; baseline 0 0"><span class='ocrx_word' id='word_1_1' title='bbox 49 4161 52 4705; x_wconf 95' lang='lat' dir='ltr'> </span> 
     </span>
    </p>
   </div>
   <div class='ocr_carea' id='block_1_2' title="bbox 459 247 2519 314">
    <p class='ocr_par' dir='ltr' id='par_1_2' title="bbox 459 247 2519 314">
     <span class='ocr_line' id='line_1_2' title="bbox 459 247 2519 314; baseline -0.001 -4"><span class='ocrx_word' id='word_1_2' title='bbox 459 255 569 314; x_wconf 67' lang='lat'>4:34</span> <span class='ocrx_word' id='word_1_3' title='bbox 1641 247 2089 311; x_wconf 77' lang='lat' dir='ltr'>ADNOTATlo</span> <span class='ocrx_word' id='word_1_4' title='bbox 2131 247 2209 307; x_wconf 74' lang='lat' dir='ltr'>IN</span> <span class='ocrx_word' id='word_1_5' title='bbox 2255 247 2519 309; x_wconf 85' lang='lat' dir='ltr'><strong>SCHOL.</strong></span> 
     </span>
    </p>
   </div>
   <div class='ocr_carea' id='block_1_3' title="bbox 440 381 2004 5112">
    <p class='ocr_par' dir='ltr' id='par_1_3' title="bbox 476 381 1994 468">
     <span class='ocr_line' id='line_1_3' title="bbox 476 381 1994 468; baseline -0.003 -25"><span class='ocrx_word' id='word_1_6' title='bbox 476 400 499 436; x_wconf 81' lang='lat'>1</span> <span class='ocrx_word' id='word_1_7' title='bbox 521 386 690 443; x_wconf 77' lang='grc' dir='ltr'>’νποῑον</span> <span class='ocrx_word' id='word_1_8' title='bbox 714 381 774 442; x_wconf 77' lang='grc' dir='ltr'>ἂν</span> <span class='ocrx_word' id='word_1_9' title='bbox 797 383 899 460; x_wconf 80' lang='grc' dir='ltr'>εἴη,</span> <span class='ocrx_word' id='word_1_10' title='bbox 927 396 985 441; x_wconf 87' lang='lat' dir='ltr'>et</span> <span class='ocrx_word' id='word_1_11' title='bbox 1003 385 1184 464; x_wconf 72' lang='grc' dir='ltr'>σμήνη</span> <span class='ocrx_word' id='word_1_12' title='bbox 1207 389 1274 443; x_wconf 99' lang='lat' dir='ltr'>V.</span> <span class='ocrx_word' id='word_1_13' title='bbox 1295 431 1356 443; x_wconf 89' lang='lat'>..</span> <span class='ocrx_word' id='word_1_14' title='bbox 1389 404 1421 440; x_wconf 87' lang='grc'><strong>2</strong></span> <span class='ocrx_word' id='word_1_15' title='bbox 1455 381 1507 451; x_wconf 73' lang='grc' dir='ltr'>ἐξ</span> <span class='ocrx_word' id='word_1_16' title='bbox 1532 403 1645 468; x_wconf 82' lang='grc'>0111.</span> <span class='ocrx_word' id='word_1_17' title='bbox 1668 387 1732 440; x_wconf 89' lang='lat' dir='ltr'>V.</span> <span class='ocrx_word' id='word_1_18' title='bbox 1757 382 1994 461; x_wconf 73' lang='grc' dir='ltr'>δπορρῶ·</span> 
     </span>
    </p>

    <p class='ocr_par' dir='ltr' id='par_1_4' title="bbox 440 468 1999 1518">
     <span class='ocr_line' id='line_1_4' title="bbox 483 468 1994 555; baseline -0.003 -25"><span class='ocrx_word' id='word_1_19' title='bbox 483 489 569 545; x_wconf 84' lang='grc' dir='ltr'>γος</span> <span class='ocrx_word' id='word_1_20' title='bbox 592 473 884 530; x_wconf 76' lang='lat' dir='ltr'>Gelenius.</span> <span class='ocrx_word' id='word_1_21' title='bbox 929 474 1212 555; x_wconf 74' lang='grc' dir='ltr'>ὑπορρῶγα</span> <span class='ocrx_word' id='word_1_22' title='bbox 1255 472 1385 530; x_wconf 85' lang='lat' dir='ltr'><strong>Ald.</strong></span> <span class='ocrx_word' id='word_1_23' title='bbox 1429 476 1747 551; x_wconf 77' lang='grc' dir='ltr'>ὖπωρυγμοῧ</span> <span class='ocrx_word' id='word_1_24' title='bbox 1801 475 1865 527; x_wconf 88' lang='lat' dir='ltr'>V.</span> <span class='ocrx_word' id='word_1_25' title='bbox 1905 468 1994 526; x_wconf 75' lang='grc' dir='ltr'>ὑπ’</span> 
     </span>
     <span class='ocr_line' id='line_1_5' title="bbox 464 556 1994 640; baseline -0.003 -22"><span class='ocrx_word' id='word_1_26' title='bbox 464 562 694 636; x_wconf 76' lang='grc' dir='ltr'>ὁρυγμοῧ</span> <span class='ocrx_word' id='word_1_27' title='bbox 731 562 800 618; x_wconf 81' lang='lat' dir='ltr'><strong>G.</strong></span> <span class='ocrx_word' id='word_1_28' title='bbox 833 606 897 619; x_wconf 73' lang='grc'>.-</span> <span class='ocrx_word' id='word_1_29' title='bbox 927 563 960 620; x_wconf 87' lang='grc'>3</span> <span class='ocrx_word' id='word_1_30' title='bbox 990 566 1171 630; x_wconf 82' lang='grc' dir='ltr'>τοῦτο,</span> <span class='ocrx_word' id='word_1_31' title='bbox 1217 573 1276 618; x_wconf 90' lang='lat' dir='ltr'>et</span> <span class='ocrx_word' id='word_1_32' title='bbox 1315 559 1521 640; x_wconf 78' lang='grc' dir='ltr'>ἔκριναν</span> <span class='ocrx_word' id='word_1_33' title='bbox 1559 559 1811 638; x_wconf 77' lang='grc' dir='ltr'>ἀρμάτιον</span> <span class='ocrx_word' id='word_1_34' title='bbox 1853 556 1994 634; x_wconf 87' lang='grc' dir='ltr'>(τινα</span> 
     </span>
     <span class='ocr_line' id='line_1_6' title="bbox 466 636 1996 732; baseline -0.001 -29"><span class='ocrx_word' id='word_1_35' title='bbox 466 648 557 703; x_wconf 81' lang='lat' dir='ltr'>luc</span> <span class='ocrx_word' id='word_1_36' title='bbox 581 647 739 705; x_wconf 78' lang='lat' dir='ltr'>addit</span> <span class='ocrx_word' id='word_1_37' title='bbox 771 653 868 722; x_wconf 90' lang='lat' dir='ltr'>G.)</span> <span class='ocrx_word' id='word_1_38' title='bbox 886 636 992 732; x_wconf 53' lang='grc' dir='ltr'>’ἀφ’</span> <span class='ocrx_word' id='word_1_39' title='bbox 1017 651 1214 707; x_wconf 72' lang='grc' dir='ltr'>ἑαυτῶν</span> <span class='ocrx_word' id='word_1_40' title='bbox 1245 672 1363 707; x_wconf 90' lang='grc' dir='ltr'>τινα</span> <span class='ocrx_word' id='word_1_41' title='bbox 1390 648 1620 717; x_wconf 74' lang='grc' dir='ltr'>κατελθ.,</span> <span class='ocrx_word' id='word_1_42' title='bbox 1653 649 1684 704; x_wconf 91' lang='grc'>5</span> <span class='ocrx_word' id='word_1_43' title='bbox 1709 644 1996 727; x_wconf 79' lang='grc' dir='ltr'>προήνεγκε</span> 
     </span>
     <span class='ocr_line' id='line_1_7' title="bbox 440 732 1995 818; baseline -0.001 -26"><span class='ocrx_word' id='word_1_44' title='bbox 440 735 561 813; x_wconf 84' lang='grc' dir='ltr'>·μὲν</span> <span class='ocrx_word' id='word_1_45' title='bbox 591 736 711 809; x_wconf 56' lang='lat' dir='ltr'>‚usk</span> <span class='ocrx_word' id='word_1_46' title='bbox 744 745 810 794; x_wconf 92' lang='lat' dir='ltr'>V.</span> <span class='ocrx_word' id='word_1_47' title='bbox 839 737 1142 818; x_wconf 78' lang='grc' dir='ltr'>προσήγαγε</span> <span class='ocrx_word' id='word_1_48' title='bbox 1171 738 1288 813; x_wconf 79' lang='grc' dir='ltr'>μελ.</span> <span class='ocrx_word' id='word_1_49' title='bbox 1313 737 1436 794; x_wconf 65' lang='lat' dir='ltr'>And.</span> <span class='ocrx_word' id='word_1_50' title='bbox 1460 779 1521 791; x_wconf 86' lang='grc'>-.</span> <span class='ocrx_word' id='word_1_51' title='bbox 1547 741 1580 795; x_wconf 91' lang='grc'><strong>8</strong></span> <span class='ocrx_word' id='word_1_52' title='bbox 1613 735 1809 812; x_wconf 45' lang='grc' dir='ltr'>λόγχας</span> <span class='ocrx_word' id='word_1_53' title='bbox 1831 732 1912 812; x_wconf 77' lang='grc' dir='ltr'>ἕχ.</span> <span class='ocrx_word' id='word_1_54' title='bbox 1938 747 1995 792; x_wconf 90' lang='lat' dir='ltr'>et</span> 
     </span>
     <span class='ocr_line' id='line_1_8' title="bbox 462 821 1996 905; baseline -0.004 -21"><span class='ocrx_word' id='word_1_55' title='bbox 462 822 583 892; x_wconf 71' lang='grc' dir='ltr'>τοὺς</span> <span class='ocrx_word' id='word_1_56' title='bbox 604 825 743 905; x_wconf 78' lang='grc' dir='ltr'>ὄφεις</span> <span class='ocrx_word' id='word_1_57' title='bbox 778 825 908 884; x_wconf 78' lang='lat' dir='ltr'><strong>Ald.</strong></span> <span class='ocrx_word' id='word_1_58' title='bbox 937 871 999 883; x_wconf 87' lang='grc'>...</span> <span class='ocrx_word' id='word_1_59' title='bbox 1026 845 1065 900; x_wconf 83' lang='grc'><strong>9</strong></span> <span class='ocrx_word' id='word_1_60' title='bbox 1092 824 1182 881; x_wconf 76' lang='grc' dir='ltr'>καὶ</span> <span class='ocrx_word' id='word_1_61' title='bbox 1213 844 1325 882; x_wconf 85' lang='grc'>0111.</span> <span class='ocrx_word' id='word_1_62' title='bbox 1346 831 1415 882; x_wconf 92' lang='lat' dir='ltr'>V.</span> <span class='ocrx_word' id='word_1_63' title='bbox 1438 838 1569 881; x_wconf 70' lang='lat' dir='ltr'>ante</span> <span class='ocrx_word' id='word_1_64' title='bbox 1602 821 1804 880; x_wconf 83' lang='grc' dir='ltr'>πολλοί.</span> <span class='ocrx_word' id='word_1_65' title='bbox 1832 868 1895 878; x_wconf 88' lang='grc'><strong>-</strong></span> <span class='ocrx_word' id='word_1_66' title='bbox 1925 842 1996 879; x_wconf 91' lang='grc'>10</span> 
     </span>
     <span class='ocr_line' id='line_1_9' title="bbox 467 908 1995 994; baseline -0.003 -23"><span class='ocrx_word' id='word_1_67' title='bbox 467 912 875 994; x_wconf 68' lang='grc' dir='ltr'>ἀνεπέμφθησαν</span> <span class='ocrx_word' id='word_1_68' title='bbox 947 912 1151 971; x_wconf 78' lang='lat' dir='ltr'>Suidus</span> <span class='ocrx_word' id='word_1_69' title='bbox 1189 932 1231 969; x_wconf 81' lang='lat' dir='ltr'>s,</span> <span class='ocrx_word' id='word_1_70' title='bbox 1279 910 1597 993; x_wconf 80' lang='grc' dir='ltr'>Τροφώνιος.</span> <span class='ocrx_word' id='word_1_71' title='bbox 1653 908 1995 989; x_wconf 72' lang='grc' dir='ltr'>ἐπέμφθησαν</span> 
     </span>
     <span class='ocr_line' id='line_1_10' title="bbox 466 992 1995 1077; baseline -0.003 -18"><span class='ocrx_word' id='word_1_72' title='bbox 466 1001 595 1059; x_wconf 77' lang='lat' dir='ltr'><strong>Ald.</strong></span> <span class='ocrx_word' id='word_1_73' title='bbox 624 1001 690 1058; x_wconf 77' lang='grc' dir='ltr'>δι’</span> <span class='ocrx_word' id='word_1_74' title='bbox 719 992 780 1058; x_wconf 73' lang='grc' dir='ltr'>οὗ</span> <span class='ocrx_word' id='word_1_75' title='bbox 805 999 1022 1077; x_wconf 75' lang='grc' dir='ltr'>στομίου</span> <span class='ocrx_word' id='word_1_76' title='bbox 1042 1000 1320 1072; x_wconf 65' lang='grc' dir='ltr'>κατῆλθον,</span> <span class='ocrx_word' id='word_1_77' title='bbox 1348 996 1534 1057; x_wconf 71' lang='grc' dir='ltr'>πολλοὶ</span> <span class='ocrx_word' id='word_1_78' title='bbox 1559 996 1613 1055; x_wconf 79' lang='grc' dir='ltr'>δὲ</span> <span class='ocrx_word' id='word_1_79' title='bbox 1638 997 1727 1055; x_wconf 78' lang='grc' dir='ltr'>καὶ</span> <span class='ocrx_word' id='word_1_80' title='bbox 1747 995 1831 1055; x_wconf 77' lang='grc' dir='ltr'>διὰ</span> <span class='ocrx_word' id='word_1_81' title='bbox 1857 996 1995 1055; x_wconf 84' lang='lat' dir='ltr'>Sui-</span> 
     </span>
     <span class='ocr_line' id='line_1_11' title="bbox 466 1086 1995 1170; baseline -0.004 -24"><span class='ocrx_word' id='word_1_82' title='bbox 466 1088 587 1159; x_wconf 75' lang='lat' dir='ltr'>das,</span> <span class='ocrx_word' id='word_1_83' title='bbox 617 1108 688 1146; x_wconf 86' lang='lat' dir='ltr'>ex</span> <span class='ocrx_word' id='word_1_84' title='bbox 712 1107 830 1164; x_wconf 87' lang='lat' dir='ltr'>quo</span> <span class='ocrx_word' id='word_1_85' title='bbox 847 1091 1060 1170; x_wconf 76' lang='grc' dir='ltr'>ἡμερῶν</span> <span class='ocrx_word' id='word_1_86' title='bbox 1082 1087 1360 1145; x_wconf 81' lang='lat' dir='ltr'>additum.</span> <span class='ocrx_word' id='word_1_87' title='bbox 1384 1132 1447 1145; x_wconf 85' lang='grc'>...</span> <span class='ocrx_word' id='word_1_88' title='bbox 1478 1106 1533 1142; x_wconf 89' lang='grc'>11</span> <span class='ocrx_word' id='word_1_89' title='bbox 1552 1105 1664 1142; x_wconf 81' lang='grc'>-21</span> <span class='ocrx_word' id='word_1_90' title='bbox 1689 1097 1775 1143; x_wconf 84' lang='lat' dir='ltr'>est</span> <span class='ocrx_word' id='word_1_91' title='bbox 1801 1086 1859 1142; x_wconf 87' lang='lat' dir='ltr'>in</span> <span class='ocrx_word' id='word_1_92' title='bbox 1881 1089 1995 1142; x_wconf 61' lang='lat' dir='ltr'>Reu</span> 
     </span>
     <span class='ocr_line' id='line_1_12' title="bbox 465 1172 1996 1252; baseline -0.002 -21"><span class='ocrx_word' id='word_1_93' title='bbox 465 1175 573 1250; x_wconf 73' lang='lat' dir='ltr'>giis</span> <span class='ocrx_word' id='word_1_94' title='bbox 602 1176 757 1231; x_wconf 83' lang='grc'>2820</span> <span class='ocrx_word' id='word_1_95' title='bbox 777 1187 836 1232; x_wconf 90' lang='lat' dir='ltr'>et</span> <span class='ocrx_word' id='word_1_96' title='bbox 860 1175 1008 1233; x_wconf 89' lang='grc'>2821</span> <span class='ocrx_word' id='word_1_97' title='bbox 1028 1216 1043 1243; x_wconf 90' lang='grc'>,</span> <span class='ocrx_word' id='word_1_98' title='bbox 1085 1175 1188 1252; x_wconf 85' lang='lat' dir='ltr'>qui</span> <span class='ocrx_word' id='word_1_99' title='bbox 1221 1196 1292 1249; x_wconf 84' lang='lat'>¹9</span> <span class='ocrx_word' id='word_1_100' title='bbox 1314 1172 1428 1232; x_wconf 77' lang='grc' dir='ltr'>ὅθεν</span> <span class='ocrx_word' id='word_1_101' title='bbox 1452 1176 1486 1244; x_wconf 80' lang='grc' dir='ltr'>ἡ</span> <span class='ocrx_word' id='word_1_102' title='bbox 1507 1195 1633 1252; x_wconf 88' lang='grc' dir='ltr'>παρ.</span> <span class='ocrx_word' id='word_1_103' title='bbox 1652 1217 1668 1246; x_wconf 92' lang='grc'>,</span> <span class='ocrx_word' id='word_1_104' title='bbox 1703 1175 1755 1230; x_wconf 73' lang='grc' dir='ltr'>ἕν</span> <span class='ocrx_word' id='word_1_105' title='bbox 1786 1174 1891 1251; x_wconf 80' lang='grc' dir='ltr'>Ἰ“ρ.</span> <span class='ocrx_word' id='word_1_106' title='bbox 1917 1193 1996 1248; x_wconf 89' lang='grc' dir='ltr'>μ.,</span> 
     </span>
     <span class='ocr_line' id='line_1_13' title="bbox 465 1260 1998 1344; baseline -0.002 -25"><span class='ocrx_word' id='word_1_107' title='bbox 465 1262 552 1320; x_wconf 76' lang='grc' dir='ltr'>ἐπὶ</span> <span class='ocrx_word' id='word_1_108' title='bbox 598 1265 704 1320; x_wconf 81' lang='grc' dir='ltr'>τῶν</span> <span class='ocrx_word' id='word_1_109' title='bbox 754 1265 1002 1344; x_wconf 76' lang='grc' dir='ltr'>κατηφῶν</span> <span class='ocrx_word' id='word_1_110' title='bbox 1043 1260 1321 1340; x_wconf 81' lang='grc' dir='ltr'>λεγομένη.</span> <span class='ocrx_word' id='word_1_111' title='bbox 1360 1307 1423 1318; x_wconf 89' lang='grc'>...</span> <span class='ocrx_word' id='word_1_112' title='bbox 1462 1263 1662 1319; x_wconf 81' lang='grc'>21-31</span> <span class='ocrx_word' id='word_1_113' title='bbox 1695 1260 1998 1336; x_wconf 77' lang='lat' dir='ltr'>descripsit</span> 
     </span>
     <span class='ocr_line' id='line_1_14' title="bbox 464 1344 1999 1427; baseline -0.001 -22"><span class='ocrx_word' id='word_1_114' title='bbox 464 1350 673 1408; x_wconf 74' lang='lat' dir='ltr'>Suidas</span> <span class='ocrx_word' id='word_1_115' title='bbox 708 1352 743 1408; x_wconf 85' lang='grc' dir='ltr'>Ι.</span> <span class='ocrx_word' id='word_1_116' title='bbox 773 1372 820 1407; x_wconf 83' lang='grc'>0.</span> <span class='ocrx_word' id='word_1_117' title='bbox 853 1350 1051 1427; x_wconf 80' lang='lat' dir='ltr'>paucis</span> <span class='ocrx_word' id='word_1_118' title='bbox 1078 1349 1272 1408; x_wconf 81' lang='lat' dir='ltr'>verbis</span> <span class='ocrx_word' id='word_1_119' title='bbox 1300 1349 1549 1406; x_wconf 83' lang='lat' dir='ltr'>mutatis.</span> <span class='ocrx_word' id='word_1_120' title='bbox 1583 1392 1646 1405; x_wconf 83' lang='lat'><strong>..</strong></span> <span class='ocrx_word' id='word_1_121' title='bbox 1676 1348 1749 1406; x_wconf 88' lang='grc'>25</span> <span class='ocrx_word' id='word_1_122' title='bbox 1768 1344 1999 1427; x_wconf 73' lang='grc' dir='ltr'>ὡρισμέ-</span> 
     </span>
     <span class='ocr_line' id='line_1_15' title="bbox 465 1434 1604 1518; baseline 0.002 -26"><span class='ocrx_word' id='word_1_123' title='bbox 465 1459 577 1506; x_wconf 86' lang='grc' dir='ltr'>ναις</span> <span class='ocrx_word' id='word_1_124' title='bbox 605 1435 848 1518; x_wconf 77' lang='grc' dir='ltr'>ἡμέραις,</span> <span class='ocrx_word' id='word_1_125' title='bbox 872 1440 946 1495; x_wconf 87' lang='grc'>30</span> <span class='ocrx_word' id='word_1_126' title='bbox 970 1434 1342 1495; x_wconf 79' lang='grc' dir='ltr'>συναντώντων</span> <span class='ocrx_word' id='word_1_127' title='bbox 1377 1435 1604 1494; x_wconf 87' lang='lat' dir='ltr'>Suidas.</span> 
     </span>
    </p>

    <p class='ocr_par' dir='ltr' id='par_1_5' title="bbox 549 1520 1651 1603">
     <span class='ocr_line' id='line_1_16' title="bbox 549 1520 1651 1603; baseline -0.002 -22"><span class='ocrx_word' id='word_1_128' title='bbox 549 1527 683 1601; x_wconf 86' lang='lat'><strong>509,</strong></span> <span class='ocrx_word' id='word_1_129' title='bbox 715 1526 789 1585; x_wconf 96' lang='grc'>35</span> <span class='ocrx_word' id='word_1_130' title='bbox 819 1521 1113 1603; x_wconf 79' lang='grc' dir='ltr'>στραγγεύῃ</span> <span class='ocrx_word' id='word_1_131' title='bbox 1136 1524 1265 1582; x_wconf 76' lang='grc' dir='ltr'>ΔΙά.</span> <span class='ocrx_word' id='word_1_132' title='bbox 1297 1520 1557 1602; x_wconf 71' lang='grc' dir='ltr'>στραγεύῃ</span> <span class='ocrx_word' id='word_1_133' title='bbox 1583 1528 1651 1582; x_wconf 92' lang='lat' dir='ltr'>V.</span> 
     </span>
    </p>

    <p class='ocr_par' dir='ltr' id='par_1_6' title="bbox 465 1610 1999 1954">
     <span class='ocr_line' id='line_1_17' title="bbox 549 1610 1999 1685; baseline -0.001 -17"><span class='ocrx_word' id='word_1_134' title='bbox 549 1614 698 1683; x_wconf 85' lang='grc'>510,</span> <span class='ocrx_word' id='word_1_135' title='bbox 743 1622 812 1685; x_wconf 84' lang='grc'>47</span> <span class='ocrx_word' id='word_1_136' title='bbox 858 1611 922 1670; x_wconf 81' lang='grc' dir='ltr'>τὸ</span> <span class='ocrx_word' id='word_1_137' title='bbox 958 1612 1181 1670; x_wconf 81' lang='lat' dir='ltr'>addidit</span> <span class='ocrx_word' id='word_1_138' title='bbox 1205 1616 1582 1669; x_wconf 79' lang='lat' dir='ltr'>Hermannus.</span> <span class='ocrx_word' id='word_1_139' title='bbox 1609 1654 1671 1666; x_wconf 87' lang='grc'>...</span> <span class='ocrx_word' id='word_1_140' title='bbox 1704 1610 1908 1667; x_wconf 77' lang='grc'>53-28</span> <span class='ocrx_word' id='word_1_141' title='bbox 1941 1611 1999 1667; x_wconf 87' lang='lat' dir='ltr'>in</span> 
     </span>
     <span class='ocr_line' id='line_1_18' title="bbox 466 1699 1995 1778; baseline 0 -21"><span class='ocrx_word' id='word_1_142' title='bbox 466 1702 667 1758; x_wconf 84' lang='lat' dir='ltr'>codice</span> <span class='ocrx_word' id='word_1_143' title='bbox 702 1702 903 1778; x_wconf 82' lang='lat' dir='ltr'>Regio.</span> <span class='ocrx_word' id='word_1_144' title='bbox 939 1704 1108 1759; x_wconf 84' lang='grc'>2821.</span> <span class='ocrx_word' id='word_1_145' title='bbox 1133 1747 1196 1759; x_wconf 88' lang='grc'>...</span> <span class='ocrx_word' id='word_1_146' title='bbox 1226 1722 1300 1756; x_wconf 74' lang='grc'>20</span> <span class='ocrx_word' id='word_1_147' title='bbox 1327 1699 1411 1757; x_wconf 80' lang='grc' dir='ltr'>διὰ</span> <span class='ocrx_word' id='word_1_148' title='bbox 1437 1699 1737 1759; x_wconf 63' lang='grc' dir='ltr'>Φιλωνίδου</span> <span class='ocrx_word' id='word_1_149' title='bbox 1760 1700 1995 1776; x_wconf 81' lang='lat' dir='ltr'>Regius,</span> 
     </span>
     <span class='ocr_line' id='line_1_19' title="bbox 468 1785 1993 1855; baseline -0.001 -11"><span class='ocrx_word' id='word_1_150' title='bbox 468 1801 527 1845; x_wconf 87' lang='lat' dir='ltr'>ut</span> <span class='ocrx_word' id='word_1_151' title='bbox 552 1788 948 1846; x_wconf 77' lang='lat' dir='ltr'>emendaverat</span> <span class='ocrx_word' id='word_1_152' title='bbox 974 1789 1346 1846; x_wconf 55' lang='lat' dir='ltr'>Hei-mannua.</span> <span class='ocrx_word' id='word_1_153' title='bbox 1371 1787 1522 1844; x_wconf 68' lang='lat' dir='ltr'><strong>Vix-t.</strong></span> <span class='ocrx_word' id='word_1_154' title='bbox 1556 1785 1646 1844; x_wconf 69' lang='grc' dir='ltr'>καὶ</span> <span class='ocrx_word' id='word_1_155' title='bbox 1672 1787 1802 1846; x_wconf 53' lang='lat' dir='ltr'>oo..</span> <span class='ocrx_word' id='word_1_156' title='bbox 1826 1831 1885 1843; x_wconf 89' lang='grc'>...</span> <span class='ocrx_word' id='word_1_157' title='bbox 1922 1796 1993 1855; x_wconf 87' lang='grc'>24</span> 
     </span>
     <span class='ocr_line' id='line_1_20' title="bbox 465 1876 956 1954; baseline 0 -22"><span class='ocrx_word' id='word_1_158' title='bbox 465 1876 691 1954; x_wconf 67' lang='grc' dir='ltr'>ἐπῃνέθη</span> <span class='ocrx_word' id='word_1_159' title='bbox 726 1877 956 1952; x_wconf 80' lang='lat' dir='ltr'>Regius.</span> 
     </span>
    </p>

    <p class='ocr_par' dir='ltr' id='par_1_7' title="bbox 466 1959 1999 2129">
     <span class='ocr_line' id='line_1_21' title="bbox 547 1959 1999 2040; baseline 0.001 -21"><span class='ocrx_word' id='word_1_160' title='bbox 547 1964 695 2032; x_wconf 83' lang='grc'>516,</span> <span class='ocrx_word' id='word_1_161' title='bbox 741 1965 936 2040; x_wconf 76' lang='lat' dir='ltr'><strong>32&#39;sq.</strong></span> <span class='ocrx_word' id='word_1_162' title='bbox 976 1962 1381 2038; x_wconf 77' lang='lat' dir='ltr'>corrigendum</span> <span class='ocrx_word' id='word_1_163' title='bbox 1420 1980 1493 2018; x_wconf 83' lang='lat' dir='ltr'>ex</span> <span class='ocrx_word' id='word_1_164' title='bbox 1521 1961 1703 2038; x_wconf 76' lang='lat' dir='ltr'>Regio</span> <span class='ocrx_word' id='word_1_165' title='bbox 1732 1960 1845 2018; x_wconf 71' lang='grc' dir='ltr'>ἐπεὶ</span> <span class='ocrx_word' id='word_1_166' title='bbox 1880 1959 1936 2018; x_wconf 76' lang='grc' dir='ltr'>δὲ</span> <span class='ocrx_word' id='word_1_167' title='bbox 1970 1965 1999 2021; x_wconf 80' lang='grc' dir='ltr'>δ</span> 
     </span>
     <span class='ocr_line' id='line_1_22' title="bbox 466 2048 1458 2129; baseline -0.002 -22"><span class='ocrx_word' id='word_1_168' title='bbox 466 2063 643 2129; x_wconf 79' lang='grc' dir='ltr'>χρωμ.</span> <span class='ocrx_word' id='word_1_169' title='bbox 676 2097 738 2108; x_wconf 81' lang='grc'>-..</span> <span class='ocrx_word' id='word_1_170' title='bbox 765 2051 985 2128; x_wconf 85' lang='grc' dir='ltr'>γίνεται,</span> <span class='ocrx_word' id='word_1_171' title='bbox 1010 2049 1161 2115; x_wconf 78' lang='grc' dir='ltr'>αὐτὸς</span> <span class='ocrx_word' id='word_1_172' title='bbox 1181 2049 1235 2108; x_wconf 70' lang='grc' dir='ltr'>δὲ</span> <span class='ocrx_word' id='word_1_173' title='bbox 1258 2048 1391 2108; x_wconf 74' lang='grc' dir='ltr'>κατὰ</span> <span class='ocrx_word' id='word_1_174' title='bbox 1412 2073 1458 2106; x_wconf 90' lang='grc' dir='ltr'>ν.</span> 
     </span>
    </p>

    <p class='ocr_par' dir='ltr' id='par_1_8' title="bbox 464 2136 2002 2918">
     <span class='ocr_line' id='line_1_23' title="bbox 547 2136 1997 2219; baseline 0 -23"><span class='ocrx_word' id='word_1_175' title='bbox 547 2141 685 2210; x_wconf 75' lang='grc'>518,</span> <span class='ocrx_word' id='word_1_176' title='bbox 722 2140 905 2214; x_wconf 84' lang='grc'>39-41</span> <span class='ocrx_word' id='word_1_177' title='bbox 933 2136 1232 2219; x_wconf 73' lang='grc' dir='ltr'>παράὸασις</span> <span class='ocrx_word' id='word_1_178' title='bbox 1252 2141 1346 2195; x_wconf 74' lang='grc' dir='ltr'>τοῦ</span> <span class='ocrx_word' id='word_1_179' title='bbox 1367 2142 1529 2217; x_wconf 76' lang='grc' dir='ltr'>χοροῦ</span> <span class='ocrx_word' id='word_1_180' title='bbox 1562 2141 1625 2194; x_wconf 84' lang='grc' dir='ltr'>Β.</span> <span class='ocrx_word' id='word_1_181' title='bbox 1647 2141 1716 2194; x_wconf 89' lang='lat' dir='ltr'>V.</span> <span class='ocrx_word' id='word_1_182' title='bbox 1746 2138 1840 2195; x_wconf 74' lang='grc'>-4</span> <span class='ocrx_word' id='word_1_183' title='bbox 1858 2160 1878 2195; x_wconf 90' lang='grc'>1</span> <span class='ocrx_word' id='word_1_184' title='bbox 1904 2139 1997 2196; x_wconf 74' lang='grc' dir='ltr'>ἐκ·</span> 
     </span>
     <span class='ocr_line' id='line_1_24' title="bbox 465 2224 1999 2307; baseline 0.001 -23"><span class='ocrx_word' id='word_1_185' title='bbox 465 2225 549 2291; x_wconf 78' lang='grc' dir='ltr'>τὸς</span> <span class='ocrx_word' id='word_1_186' title='bbox 574 2248 724 2307; x_wconf 88' lang='grc' dir='ltr'>προτ.</span> <span class='ocrx_word' id='word_1_187' title='bbox 752 2232 820 2285; x_wconf 97' lang='grc' dir='ltr'>Β.</span> <span class='ocrx_word' id='word_1_188' title='bbox 852 2272 914 2285; x_wconf 85' lang='grc'>....</span> <span class='ocrx_word' id='word_1_189' title='bbox 941 2235 1014 2295; x_wconf 90' lang='grc'>42</span> <span class='ocrx_word' id='word_1_190' title='bbox 1044 2224 1206 2293; x_wconf 75' lang='grc' dir='ltr'>οὕτως</span> <span class='ocrx_word' id='word_1_191' title='bbox 1234 2230 1303 2282; x_wconf 89' lang='lat' dir='ltr'>V.</span> <span class='ocrx_word' id='word_1_192' title='bbox 1330 2238 1419 2295; x_wconf 86' lang='lat' dir='ltr'>et,</span> <span class='ocrx_word' id='word_1_193' title='bbox 1445 2237 1506 2281; x_wconf 88' lang='lat' dir='ltr'>ut</span> <span class='ocrx_word' id='word_1_194' title='bbox 1530 2225 1788 2298; x_wconf 80' lang='lat' dir='ltr'>videtur,</span> <span class='ocrx_word' id='word_1_195' title='bbox 1820 2231 1911 2300; x_wconf 72' lang='lat' dir='ltr'>R„</span> <span class='ocrx_word' id='word_1_196' title='bbox 1943 2228 1999 2285; x_wconf 88' lang='lat' dir='ltr'>in</span> 
     </span>
     <span class='ocr_line' id='line_1_25' title="bbox 466 2313 2000 2395; baseline 0.003 -24"><span class='ocrx_word' id='word_1_197' title='bbox 466 2335 584 2392; x_wconf 85' lang='lat' dir='ltr'>quo</span> <span class='ocrx_word' id='word_1_198' title='bbox 612 2319 794 2375; x_wconf 80' lang='lat' dir='ltr'>literae</span> <span class='ocrx_word' id='word_1_199' title='bbox 843 2329 1220 2375; x_wconf 82' lang='lat' dir='ltr'>evanuerunt.</span> <span class='ocrx_word' id='word_1_200' title='bbox 1251 2313 1525 2392; x_wconf 78' lang='grc' dir='ltr'>ἀπαγγέλη</span> <span class='ocrx_word' id='word_1_201' title='bbox 1562 2319 1629 2372; x_wconf 89' lang='lat' dir='ltr'>R.</span> <span class='ocrx_word' id='word_1_202' title='bbox 1660 2316 1791 2373; x_wconf 79' lang='lat' dir='ltr'><strong>Ald.</strong></span> <span class='ocrx_word' id='word_1_203' title='bbox 1818 2317 2000 2395; x_wconf 80' lang='grc' dir='ltr'>ἄπαγ-</span> 
     </span>
     <span class='ocr_line' id='line_1_26' title="bbox 465 2401 2000 2483; baseline 0.001 -22"><span class='ocrx_word' id='word_1_204' title='bbox 465 2403 615 2483; x_wconf 82' lang='grc' dir='ltr'>γείλῃ</span> <span class='ocrx_word' id='word_1_205' title='bbox 656 2410 720 2463; x_wconf 88' lang='lat' dir='ltr'>V.</span> <span class='ocrx_word' id='word_1_206' title='bbox 762 2452 824 2462; x_wconf 85' lang='lat'>..</span> <span class='ocrx_word' id='word_1_207' title='bbox 853 2405 928 2463; x_wconf 74' lang='lat'>43</span> <span class='ocrx_word' id='word_1_208' title='bbox 956 2402 1068 2474; x_wconf 80' lang='grc' dir='ltr'>εἴδη</span> <span class='ocrx_word' id='word_1_209' title='bbox 1092 2402 1146 2460; x_wconf 69' lang='grc' dir='ltr'>δὲ</span> <span class='ocrx_word' id='word_1_210' title='bbox 1174 2406 1267 2472; x_wconf 75' lang='grc' dir='ltr'>τῆς</span> <span class='ocrx_word' id='word_1_211' title='bbox 1298 2401 1645 2483; x_wconf 75' lang='grc' dir='ltr'>παραὸάσεως</span> <span class='ocrx_word' id='word_1_212' title='bbox 1678 2403 1822 2460; x_wconf 71' lang='grc' dir='ltr'>ἁπλᾶ</span> <span class='ocrx_word' id='word_1_213' title='bbox 1849 2426 1882 2482; x_wconf 85' lang='grc' dir='ltr'>γ</span> <span class='ocrx_word' id='word_1_214' title='bbox 1909 2405 2000 2463; x_wconf 78' lang='grc' dir='ltr'>καὶ</span> 
     </span>
     <span class='ocr_line' id='line_1_27' title="bbox 466 2488 2000 2571; baseline 0.001 -24"><span class='ocrx_word' id='word_1_215' title='bbox 466 2488 605 2548; x_wconf 79' lang='grc' dir='ltr'>κατὰ</span> <span class='ocrx_word' id='word_1_216' title='bbox 631 2493 812 2569; x_wconf 79' lang='grc' dir='ltr'>σχέσιν</span> <span class='ocrx_word' id='word_1_217' title='bbox 841 2496 905 2548; x_wconf 89' lang='lat' dir='ltr'>V.</span> <span class='ocrx_word' id='word_1_218' title='bbox 931 2537 993 2548; x_wconf 80' lang='grc'>..</span> <span class='ocrx_word' id='word_1_219' title='bbox 1020 2492 1094 2557; x_wconf 88' lang='grc'>46</span> <span class='ocrx_word' id='word_1_220' title='bbox 1123 2494 1191 2568; x_wconf 84' lang='grc' dir='ltr'>τῇ</span> <span class='ocrx_word' id='word_1_221' title='bbox 1228 2492 1412 2562; x_wconf 87' lang='grc' dir='ltr'>ἀναπ.,</span> <span class='ocrx_word' id='word_1_222' title='bbox 1438 2500 1506 2561; x_wconf 83' lang='grc'>47</span> <span class='ocrx_word' id='word_1_223' title='bbox 1538 2511 1628 2546; x_wconf 87' lang='grc' dir='ltr'>πν.</span> <span class='ocrx_word' id='word_1_224' title='bbox 1657 2493 1685 2547; x_wconf 83' lang='grc' dir='ltr'>ὁ</span> <span class='ocrx_word' id='word_1_225' title='bbox 1713 2491 1912 2571; x_wconf 82' lang='grc' dir='ltr'>μακρός</span> <span class='ocrx_word' id='word_1_226' title='bbox 1929 2497 2000 2550; x_wconf 90' lang='lat' dir='ltr'>V.</span> 
     </span>
     <span class='ocr_line' id='line_1_28' title="bbox 464 2577 2001 2656; baseline 0.002 -22"><span class='ocrx_word' id='word_1_227' title='bbox 464 2623 525 2634; x_wconf 90' lang='grc'>...</span> <span class='ocrx_word' id='word_1_228' title='bbox 558 2600 669 2653; x_wconf 84' lang='grc'>1-9</span> <span class='ocrx_word' id='word_1_229' title='bbox 700 2577 834 2637; x_wconf 73' lang='grc' dir='ltr'>ἑπτὰ</span> <span class='ocrx_word' id='word_1_230' title='bbox 858 2579 922 2649; x_wconf 78' lang='grc' dir='ltr'>δὴ</span> <span class='ocrx_word' id='word_1_231' title='bbox 944 2577 1021 2656; x_wconf 75' lang='grc' dir='ltr'>(δὲ</span> <span class='ocrx_word' id='word_1_232' title='bbox 1049 2577 1360 2653; x_wconf 81' lang='lat' dir='ltr'>Kusterus)</span> <span class='ocrx_word' id='word_1_233' title='bbox 1382 2623 1445 2635; x_wconf 90' lang='grc'>...</span> <span class='ocrx_word' id='word_1_234' title='bbox 1465 2584 1749 2647; x_wconf 73' lang='grc' dir='ltr'>νενευκυῖα,</span> <span class='ocrx_word' id='word_1_235' title='bbox 1779 2599 1850 2635; x_wconf 82' lang='lat' dir='ltr'>ex</span> <span class='ocrx_word' id='word_1_236' title='bbox 1880 2583 2001 2637; x_wconf 89' lang='lat' dir='ltr'>He-</span> 
     </span>
     <span class='ocr_line' id='line_1_29' title="bbox 465 2663 2002 2746; baseline 0.002 -25"><span class='ocrx_word' id='word_1_237' title='bbox 465 2665 783 2743; x_wconf 78' lang='lat' dir='ltr'>phaestione</span> <span class='ocrx_word' id='word_1_238' title='bbox 824 2688 880 2744; x_wconf 81' lang='lat' dir='ltr'><strong>p.</strong></span> <span class='ocrx_word' id='word_1_239' title='bbox 928 2666 1036 2722; x_wconf 88' lang='grc'>135</span> <span class='ocrx_word' id='word_1_240' title='bbox 1076 2665 1263 2722; x_wconf 82' lang='lat' dir='ltr'>ducta.</span> <span class='ocrx_word' id='word_1_241' title='bbox 1297 2710 1359 2723; x_wconf 84' lang='lat'>..</span> <span class='ocrx_word' id='word_1_242' title='bbox 1402 2665 1434 2721; x_wconf 90' lang='grc'>5</span> <span class='ocrx_word' id='word_1_243' title='bbox 1478 2663 1797 2721; x_wconf 81' lang='grc' dir='ltr'>ἀποδιδῶται</span> <span class='ocrx_word' id='word_1_244' title='bbox 1824 2679 1882 2725; x_wconf 88' lang='lat' dir='ltr'>et</span> <span class='ocrx_word' id='word_1_245' title='bbox 1909 2668 2002 2746; x_wconf 75' lang='grc' dir='ltr'>ἐνῇ</span> 
     </span>
     <span class='ocr_line' id='line_1_30' title="bbox 467 2741 2000 2837; baseline 0.004 -28"><span class='ocrx_word' id='word_1_246' title='bbox 467 2754 810 2830; x_wconf 61' lang='lat' dir='ltr'>Hephaestio.</span> <span class='ocrx_word' id='word_1_247' title='bbox 887 2752 1191 2810; x_wconf 80' lang='grc' dir='ltr'>ἀποδίδοται</span> <span class='ocrx_word' id='word_1_248' title='bbox 1249 2765 1307 2808; x_wconf 89' lang='lat' dir='ltr'>et</span> <span class='ocrx_word' id='word_1_249' title='bbox 1340 2741 1376 2830; x_wconf 77' lang='grc' dir='ltr'>ᾖ</span> <span class='ocrx_word' id='word_1_250' title='bbox 1420 2752 1546 2808; x_wconf 77' lang='grc' dir='ltr'>ΑΜ.</span> <span class='ocrx_word' id='word_1_251' title='bbox 1587 2797 1651 2809; x_wconf 91' lang='grc'>...</span> <span class='ocrx_word' id='word_1_252' title='bbox 1707 2753 1779 2810; x_wconf 87' lang='grc'>25</span> <span class='ocrx_word' id='word_1_253' title='bbox 1825 2755 2000 2837; x_wconf 77' lang='grc' dir='ltr'>ἀργόν.</span> 
     </span>
     <span class='ocr_line' id='line_1_31' title="bbox 465 2841 1687 2918; baseline 0.002 -21"><span class='ocrx_word' id='word_1_254' title='bbox 465 2841 774 2901; x_wconf 71' lang='lat' dir='ltr'>Abundare</span> <span class='ocrx_word' id='word_1_255' title='bbox 807 2841 946 2900; x_wconf 89' lang='lat' dir='ltr'>dicit</span> <span class='ocrx_word' id='word_1_256' title='bbox 972 2841 1457 2918; x_wconf 57' lang='lat' dir='ltr'>praepositionem.</span> <span class='ocrx_word' id='word_1_257' title='bbox 1490 2843 1687 2901; x_wconf 66' lang='lat' dir='ltr'>Helix.</span> 
     </span>
    </p>

    <p class='ocr_par' dir='ltr' id='par_1_9' title="bbox 547 2928 1492 3007">
     <span class='ocr_line' id='line_1_32' title="bbox 547 2928 1492 3007; baseline 0 -22"><span class='ocrx_word' id='word_1_258' title='bbox 547 2930 694 3002; x_wconf 86' lang='grc'>520,</span> <span class='ocrx_word' id='word_1_259' title='bbox 722 2931 795 2986; x_wconf 88' lang='grc'>33</span> <span class='ocrx_word' id='word_1_260' title='bbox 825 2933 893 3007; x_wconf 83' lang='grc' dir='ltr'>τῇ</span> <span class='ocrx_word' id='word_1_261' title='bbox 925 2928 1213 2986; x_wconf 76' lang='lat' dir='ltr'>Dobraeus,</span> <span class='ocrx_word' id='word_1_262' title='bbox 1243 2932 1334 2985; x_wconf 83' lang='grc' dir='ltr'>τοῦ</span> <span class='ocrx_word' id='word_1_263' title='bbox 1362 2928 1492 2986; x_wconf 76' lang='lat' dir='ltr'><strong>Ald.</strong></span> 
     </span>
    </p>

    <p class='ocr_par' dir='ltr' id='par_1_10' title="bbox 466 3014 2002 3181">
     <span class='ocr_line' id='line_1_33' title="bbox 549 3014 2002 3100; baseline 0.004 -27"><span class='ocrx_word' id='word_1_264' title='bbox 549 3018 659 3074; x_wconf 84' lang='grc'>523</span> <span class='ocrx_word' id='word_1_265' title='bbox 676 3060 694 3088; x_wconf 92' lang='grc'>,</span> <span class='ocrx_word' id='word_1_266' title='bbox 719 3017 793 3074; x_wconf 88' lang='grc'>35</span> <span class='ocrx_word' id='word_1_267' title='bbox 819 3022 913 3074; x_wconf 77' lang='grc' dir='ltr'>τοῦ</span> <span class='ocrx_word' id='word_1_268' title='bbox 943 3015 1136 3084; x_wconf 79' lang='grc' dir='ltr'>διδάξει</span> <span class='ocrx_word' id='word_1_269' title='bbox 1156 3015 1344 3099; x_wconf 83' lang='grc' dir='ltr'>θρέψαι</span> <span class='ocrx_word' id='word_1_270' title='bbox 1372 3017 1434 3074; x_wconf 86' lang='grc' dir='ltr'>τὸ</span> <span class='ocrx_word' id='word_1_271' title='bbox 1454 3014 1629 3099; x_wconf 87' lang='grc' dir='ltr'>δράμα</span> <span class='ocrx_word' id='word_1_272' title='bbox 1651 3019 1720 3084; x_wconf 80' lang='grc' dir='ltr'>ὡς</span> <span class='ocrx_word' id='word_1_273' title='bbox 1751 3017 1838 3077; x_wconf 72' lang='grc' dir='ltr'>ἐπὶ</span> <span class='ocrx_word' id='word_1_274' title='bbox 1864 3023 2002 3100; x_wconf 84' lang='grc' dir='ltr'>βρω-</span> 
     </span>
     <span class='ocr_line' id='line_1_34' title="bbox 466 3101 1162 3181; baseline 0.004 -21"><span class='ocrx_word' id='word_1_275' title='bbox 466 3101 649 3178; x_wconf 80' lang='grc' dir='ltr'>μάτων</span> <span class='ocrx_word' id='word_1_276' title='bbox 676 3109 748 3160; x_wconf 87' lang='lat' dir='ltr'>V.</span> <span class='ocrx_word' id='word_1_277' title='bbox 782 3106 905 3161; x_wconf 86' lang='lat' dir='ltr'>sine</span> <span class='ocrx_word' id='word_1_278' title='bbox 929 3101 984 3161; x_wconf 83' lang='grc' dir='ltr'>δὲ</span> <span class='ocrx_word' id='word_1_279' title='bbox 1002 3103 1162 3181; x_wconf 82' lang='grc' dir='ltr'>λέγει.</span> 
     </span>
    </p>

    <p class='ocr_par' dir='ltr' id='par_1_11' title="bbox 466 3191 1999 3355">
     <span class='ocr_line' id='line_1_35' title="bbox 548 3191 1999 3269; baseline 0.004 -21"><span class='ocrx_word' id='word_1_280' title='bbox 548 3192 681 3251; x_wconf 93' lang='grc'>525.</span> <span class='ocrx_word' id='word_1_281' title='bbox 713 3192 860 3250; x_wconf 80' lang='lat' dir='ltr'>Vide</span> <span class='ocrx_word' id='word_1_282' title='bbox 894 3192 1160 3250; x_wconf 80' lang='lat' dir='ltr'>Geeiinm</span> <span class='ocrx_word' id='word_1_283' title='bbox 1197 3191 1257 3249; x_wconf 85' lang='lat' dir='ltr'>in</span> <span class='ocrx_word' id='word_1_284' title='bbox 1289 3191 1436 3249; x_wconf 88' lang='lat' dir='ltr'>Bibl.</span> <span class='ocrx_word' id='word_1_285' title='bbox 1477 3192 1602 3249; x_wconf 83' lang='lat' dir='ltr'>crit.</span> <span class='ocrx_word' id='word_1_286' title='bbox 1626 3212 1780 3252; x_wconf 77' lang='lat' dir='ltr'>nova</span> <span class='ocrx_word' id='word_1_287' title='bbox 1804 3197 1918 3254; x_wconf 72' lang='lat' dir='ltr'><strong>vol.</strong></span> <span class='ocrx_word' id='word_1_288' title='bbox 1943 3207 1999 3269; x_wconf 85' lang='grc'>4,</span> 
     </span>
     <span class='ocr_line' id='line_1_36' title="bbox 466 3281 830 3355; baseline 0.008 -21"><span class='ocrx_word' id='word_1_289' title='bbox 466 3297 522 3355; x_wconf 90' lang='lat' dir='ltr'>p.</span> <span class='ocrx_word' id='word_1_290' title='bbox 557 3281 611 3337; x_wconf 89' lang='grc'>8.</span> <span class='ocrx_word' id='word_1_291' title='bbox 637 3283 830 3337; x_wconf 72' lang='lat' dir='ltr'>nnn.</span> 
     </span>
    </p>

    <p class='ocr_par' dir='ltr' id='par_1_12' title="bbox 465 3360 2002 3532">
     <span class='ocr_line' id='line_1_37' title="bbox 550 3360 2002 3445; baseline 0.005 -23"><span class='ocrx_word' id='word_1_292' title='bbox 550 3368 663 3424; x_wconf 88' lang='grc'>528</span> <span class='ocrx_word' id='word_1_293' title='bbox 692 3368 766 3431; x_wconf 84' lang='grc' dir='ltr'>εἰς</span> <span class='ocrx_word' id='word_1_294' title='bbox 805 3369 933 3443; x_wconf 86' lang='lat' dir='ltr'>(scr.</span> <span class='ocrx_word' id='word_1_295' title='bbox 965 3360 1059 3444; x_wconf 76' lang='grc' dir='ltr'>οἷς)</span> <span class='ocrx_word' id='word_1_296' title='bbox 1099 3364 1159 3425; x_wconf 75' lang='grc' dir='ltr'>τὸ</span> <span class='ocrx_word' id='word_1_297' title='bbox 1190 3365 1285 3445; x_wconf 68' lang='grc' dir='ltr'>ἐμὲ</span> <span class='ocrx_word' id='word_1_298' title='bbox 1320 3367 1703 3426; x_wconf 73' lang='grc' dir='ltr'>ἐπιδείκνυσθαι</span> <span class='ocrx_word' id='word_1_299' title='bbox 1737 3368 1836 3440; x_wconf 81' lang='grc' dir='ltr'>ἡδύ</span> <span class='ocrx_word' id='word_1_300' title='bbox 1860 3372 2002 3429; x_wconf 83' lang='grc' dir='ltr'>ἐστιν</span> 
     </span>
     <span class='ocr_line' id='line_1_38' title="bbox 465 3451 1387 3532; baseline -0.001 -21"><span class='ocrx_word' id='word_1_301' title='bbox 465 3451 499 3523; x_wconf 75' lang='grc' dir='ltr'>ἢ</span> <span class='ocrx_word' id='word_1_302' title='bbox 524 3453 814 3531; x_wconf 71' lang='grc' dir='ltr'>ἱλλογίμοις</span> <span class='ocrx_word' id='word_1_303' title='bbox 840 3455 961 3512; x_wconf 81' lang='lat' dir='ltr'><strong>Ald.</strong></span> <span class='ocrx_word' id='word_1_304' title='bbox 984 3456 1035 3511; x_wconf 71' lang='grc' dir='ltr'>ἰν</span> <span class='ocrx_word' id='word_1_305' title='bbox 1066 3452 1300 3532; x_wconf 83' lang='grc' dir='ltr'>λογίμοις</span> <span class='ocrx_word' id='word_1_306' title='bbox 1318 3458 1387 3511; x_wconf 87' lang='grc' dir='ltr'>Β.</span> 
     </span>
    </p>

    <p class='ocr_par' dir='ltr' id='par_1_13' title="bbox 466 3538 2004 3795">
     <span class='ocr_line' id='line_1_39' title="bbox 548 3538 2004 3622; baseline 0.003 -26"><span class='ocrx_word' id='word_1_307' title='bbox 548 3543 700 3616; x_wconf 78' lang='grc'>529,</span> <span class='ocrx_word' id='word_1_308' title='bbox 747 3543 819 3608; x_wconf 87' lang='grc'>48</span> <span class='ocrx_word' id='word_1_309' title='bbox 856 3542 1015 3622; x_wconf 69' lang='grc' dir='ltr'>σοφὸν</span> <span class='ocrx_word' id='word_1_310' title='bbox 1062 3563 1198 3621; x_wconf 89' lang='grc' dir='ltr'>μειρ.</span> <span class='ocrx_word' id='word_1_311' title='bbox 1235 3545 1306 3597; x_wconf 88' lang='lat' dir='ltr'><strong>V.</strong></span> <span class='ocrx_word' id='word_1_312' title='bbox 1335 3586 1397 3598; x_wconf 86' lang='lat'>..</span> <span class='ocrx_word' id='word_1_313' title='bbox 1428 3542 1501 3598; x_wconf 92' lang='grc'>50</span> <span class='ocrx_word' id='word_1_314' title='bbox 1539 3538 1729 3617; x_wconf 86' lang='grc' dir='ltr'>λάγνος</span> <span class='ocrx_word' id='word_1_315' title='bbox 1756 3542 2004 3620; x_wconf 82' lang='lat' dir='ltr'>conjecit</span> 
     </span>
     <span class='ocr_line' id='line_1_40' title="bbox 466 3625 1999 3703; baseline 0.003 -18"><span class='ocrx_word' id='word_1_316' title='bbox 466 3632 847 3685; x_wconf 72' lang='lat' dir='ltr'>Hei-mannus.</span> <span class='ocrx_word' id='word_1_317' title='bbox 879 3672 940 3685; x_wconf 88' lang='lat'>...</span> <span class='ocrx_word' id='word_1_318' title='bbox 969 3630 1065 3697; x_wconf 85' lang='grc'>52,</span> <span class='ocrx_word' id='word_1_319' title='bbox 1099 3628 1171 3685; x_wconf 86' lang='grc'>53</span> <span class='ocrx_word' id='word_1_320' title='bbox 1195 3648 1309 3685; x_wconf 88' lang='grc'>0111.</span> <span class='ocrx_word' id='word_1_321' title='bbox 1343 3632 1413 3687; x_wconf 88' lang='lat' dir='ltr'>V.</span> <span class='ocrx_word' id='word_1_322' title='bbox 1441 3625 1797 3703; x_wconf 77' lang='grc' dir='ltr'>εὐδοκίμησαν</span> <span class='ocrx_word' id='word_1_323' title='bbox 1815 3631 1907 3688; x_wconf 89' lang='lat' dir='ltr'>hic</span> <span class='ocrx_word' id='word_1_324' title='bbox 1929 3635 1999 3689; x_wconf 91' lang='lat' dir='ltr'><strong>R.</strong></span> 
     </span>
     <span class='ocr_line' id='line_1_41' title="bbox 467 3714 1222 3795; baseline -0.003 -21"><span class='ocrx_word' id='word_1_325' title='bbox 467 3718 526 3774; x_wconf 79' lang='grc' dir='ltr'>οὐ</span> <span class='ocrx_word' id='word_1_326' title='bbox 551 3714 652 3795; x_wconf 74' lang='grc' dir='ltr'>γὰρ</span> <span class='ocrx_word' id='word_1_327' title='bbox 673 3714 792 3774; x_wconf 74' lang='grc' dir='ltr'>τότε</span> <span class='ocrx_word' id='word_1_328' title='bbox 825 3714 1062 3786; x_wconf 73' lang='grc' dir='ltr'>ἐνίκησεν</span> <span class='ocrx_word' id='word_1_329' title='bbox 1093 3714 1222 3774; x_wconf 80' lang='lat' dir='ltr'><strong>Ald.</strong></span> 
     </span>
    </p>

    <p class='ocr_par' dir='ltr' id='par_1_14' title="bbox 466 3799 2004 4828">
     <span class='ocr_line' id='line_1_42' title="bbox 552 3799 2002 3883; baseline 0.001 -23"><span class='ocrx_word' id='word_1_330' title='bbox 552 3806 698 3873; x_wconf 82' lang='grc'>530,</span> <span class='ocrx_word' id='word_1_331' title='bbox 743 3806 775 3860; x_wconf 83' lang='grc'>3</span> <span class='ocrx_word' id='word_1_332' title='bbox 805 3800 968 3868; x_wconf 78' lang='grc' dir='ltr'>οὕτως</span> <span class='ocrx_word' id='word_1_333' title='bbox 989 3800 1273 3883; x_wconf 68' lang='grc' dir='ltr'>ἐπέτρεπον</span> <span class='ocrx_word' id='word_1_334' title='bbox 1302 3806 1368 3857; x_wconf 89' lang='lat' dir='ltr'>V.</span> <span class='ocrx_word' id='word_1_335' title='bbox 1393 3847 1455 3859; x_wconf 91' lang='grc'>...</span> <span class='ocrx_word' id='word_1_336' title='bbox 1492 3811 1523 3871; x_wconf 90' lang='grc'>4</span> <span class='ocrx_word' id='word_1_337' title='bbox 1551 3799 1612 3859; x_wconf 78' lang='grc' dir='ltr'>τὸ</span> <span class='ocrx_word' id='word_1_338' title='bbox 1638 3822 1753 3860; x_wconf 90' lang='grc'>0111.</span> <span class='ocrx_word' id='word_1_339' title='bbox 1788 3810 1860 3866; x_wconf 87' lang='grc' dir='ltr'>Β.</span> <span class='ocrx_word' id='word_1_340' title='bbox 1885 3806 2002 3865; x_wconf 81' lang='lat' dir='ltr'>Pro</span> 
     </span>
     <span class='ocr_line' id='line_1_43' title="bbox 466 3887 1999 3971; baseline 0.001 -21"><span class='ocrx_word' id='word_1_341' title='bbox 466 3890 841 3969; x_wconf 80' lang='lat' dir='ltr'>sequentibus</span> <span class='ocrx_word' id='word_1_342' title='bbox 878 3891 1010 3949; x_wconf 79' lang='lat' dir='ltr'><strong>Ald.</strong></span> <span class='ocrx_word' id='word_1_343' title='bbox 1047 3890 1280 3971; x_wconf 70' lang='grc' dir='ltr'>δημοσίᾳ</span> <span class='ocrx_word' id='word_1_344' title='bbox 1314 3888 1402 3947; x_wconf 75' lang='grc' dir='ltr'>διὰ</span> <span class='ocrx_word' id='word_1_345' title='bbox 1422 3887 1485 3948; x_wconf 75' lang='grc' dir='ltr'>τὸ</span> <span class='ocrx_word' id='word_1_346' title='bbox 1511 3888 1626 3947; x_wconf 79' lang='grc' dir='ltr'>νέον</span> <span class='ocrx_word' id='word_1_347' title='bbox 1654 3893 1748 3962; x_wconf 77' lang='grc' dir='ltr'>τῆς</span> <span class='ocrx_word' id='word_1_348' title='bbox 1771 3895 1999 3963; x_wconf 83' lang='grc' dir='ltr'>ἡλικίας.</span> 
     </span>
     <span class='ocr_line' id='line_1_44' title="bbox 468 3975 2003 4059; baseline 0.001 -22"><span class='ocrx_word' id='word_1_349' title='bbox 468 3982 525 4037; x_wconf 79' lang='grc' dir='ltr'>οὐ</span> <span class='ocrx_word' id='word_1_350' title='bbox 569 3978 670 4058; x_wconf 82' lang='grc' dir='ltr'>γὰρ</span> <span class='ocrx_word' id='word_1_351' title='bbox 693 3981 901 4059; x_wconf 76' lang='grc' dir='ltr'>πρῶτον</span> <span class='ocrx_word' id='word_1_352' title='bbox 932 3977 1002 4036; x_wconf 83' lang='grc' dir='ltr'>δι’</span> <span class='ocrx_word' id='word_1_353' title='bbox 1031 3981 1219 4037; x_wconf 69' lang='grc' dir='ltr'>ἑαυτοῦ</span> <span class='ocrx_word' id='word_1_354' title='bbox 1243 3977 1410 4035; x_wconf 84' lang='grc' dir='ltr'>καθίει</span> <span class='ocrx_word' id='word_1_355' title='bbox 1436 3975 1501 4035; x_wconf 79' lang='grc' dir='ltr'>τὰ</span> <span class='ocrx_word' id='word_1_356' title='bbox 1530 3977 1775 4059; x_wconf 81' lang='grc' dir='ltr'>δράματα</span> <span class='ocrx_word' id='word_1_357' title='bbox 1797 3985 1825 4039; x_wconf 78' lang='grc' dir='ltr'><strong>ὁ</strong></span> <span class='ocrx_word' id='word_1_358' title='bbox 1841 4005 2003 4056; x_wconf 86' lang='grc' dir='ltr'>ποιη-</span> 
     </span>
     <span class='ocr_line' id='line_1_45' title="bbox 467 4062 2003 4146; baseline 0.003 -21"><span class='ocrx_word' id='word_1_359' title='bbox 467 4065 562 4137; x_wconf 82' lang='grc' dir='ltr'>τὴς</span> <span class='ocrx_word' id='word_1_360' title='bbox 585 4063 988 4142; x_wconf 77' lang='grc' dir='ltr'>εὖλαὸούμενος·</span> <span class='ocrx_word' id='word_1_361' title='bbox 1027 4064 1132 4123; x_wconf 76' lang='grc' dir='ltr'>ἀπὸ</span> <span class='ocrx_word' id='word_1_362' title='bbox 1157 4064 1212 4123; x_wconf 67' lang='grc' dir='ltr'>δὲ</span> <span class='ocrx_word' id='word_1_363' title='bbox 1238 4067 1343 4121; x_wconf 74' lang='grc' dir='ltr'>τῶν</span> <span class='ocrx_word' id='word_1_364' title='bbox 1371 4062 1598 4123; x_wconf 84' lang='grc' dir='ltr'>Ἱππέων</span> <span class='ocrx_word' id='word_1_365' title='bbox 1619 4064 1815 4146; x_wconf 63' lang='grc' dir='ltr'>ἤρξατο</span> <span class='ocrx_word' id='word_1_366' title='bbox 1842 4070 2003 4129; x_wconf 79' lang='grc' dir='ltr'>εἰσιέ-</span> 
     </span>
     <span class='ocr_line' id='line_1_46' title="bbox 468 4144 2003 4233; baseline 0.002 -20"><span class='ocrx_word' id='word_1_367' title='bbox 468 4179 571 4214; x_wconf 89' lang='grc' dir='ltr'>ναι.</span> <span class='ocrx_word' id='word_1_368' title='bbox 598 4154 753 4230; x_wconf 86' lang='grc' dir='ltr'>νόμος</span> <span class='ocrx_word' id='word_1_369' title='bbox 779 4150 833 4211; x_wconf 72' lang='grc' dir='ltr'>δὲ</span> <span class='ocrx_word' id='word_1_370' title='bbox 885 4144 948 4224; x_wconf 69' lang='grc' dir='ltr'>ἦν</span> <span class='ocrx_word' id='word_1_371' title='bbox 983 4150 1058 4231; x_wconf 79' lang='grc' dir='ltr'>μὴ</span> <span class='ocrx_word' id='word_1_372' title='bbox 1088 4154 1333 4211; x_wconf 77' lang='grc' dir='ltr'>εἰσελθεῖν</span> <span class='ocrx_word' id='word_1_373' title='bbox 1359 4174 1478 4211; x_wconf 87' lang='grc' dir='ltr'>τινα</span> <span class='ocrx_word' id='word_1_374' title='bbox 1502 4156 1665 4213; x_wconf 75' lang='grc' dir='ltr'>εἰπεῖν</span> <span class='ocrx_word' id='word_1_375' title='bbox 1694 4155 1858 4233; x_wconf 78' lang='grc' dir='ltr'>μήπω</span> <span class='ocrx_word' id='word_1_376' title='bbox 1884 4182 2003 4216; x_wconf 83' lang='grc' dir='ltr'>τεσ-</span> 
     </span>
     <span class='ocr_line' id='line_1_47' title="bbox 469 4238 1999 4322; baseline 0.002 -22"><span class='ocrx_word' id='word_1_377' title='bbox 469 4243 768 4321; x_wconf 84' lang='grc' dir='ltr'>σαράκοντα</span> <span class='ocrx_word' id='word_1_378' title='bbox 792 4239 884 4310; x_wconf 75' lang='grc' dir='ltr'>ἔτη</span> <span class='ocrx_word' id='word_1_379' title='bbox 908 4240 1160 4319; x_wconf 81' lang='grc' dir='ltr'>γεγονότα</span> <span class='ocrx_word' id='word_1_380' title='bbox 1177 4263 1190 4277; x_wconf 90' lang='grc'><em>·</em></span> <span class='ocrx_word' id='word_1_381' title='bbox 1218 4242 1290 4304; x_wconf 75' lang='grc' dir='ltr'>ὥς</span> <span class='ocrx_word' id='word_1_382' title='bbox 1311 4238 1367 4298; x_wconf 78' lang='grc' dir='ltr'>δέ</span> <span class='ocrx_word' id='word_1_383' title='bbox 1384 4263 1537 4313; x_wconf 86' lang='grc' dir='ltr'>τινες,</span> <span class='ocrx_word' id='word_1_384' title='bbox 1565 4242 1865 4322; x_wconf 85' lang='grc' dir='ltr'>τριάκοντα.</span> <span class='ocrx_word' id='word_1_385' title='bbox 1896 4250 1999 4303; x_wconf 83' lang='grc'>111-</span> 
     </span>
     <span class='ocr_line' id='line_1_48' title="bbox 468 4328 2003 4406; baseline 0.001 -19"><span class='ocrx_word' id='word_1_386' title='bbox 468 4344 666 4406; x_wconf 88' lang='lat' dir='ltr'>eptum</span> <span class='ocrx_word' id='word_1_387' title='bbox 703 4341 1092 4386; x_wconf 83' lang='lat' dir='ltr'>commentum</span> <span class='ocrx_word' id='word_1_388' title='bbox 1138 4328 1213 4386; x_wconf 86' lang='lat' dir='ltr'>de</span> <span class='ocrx_word' id='word_1_389' title='bbox 1248 4341 1413 4385; x_wconf 74' lang='lat' dir='ltr'>aetate</span> <span class='ocrx_word' id='word_1_390' title='bbox 1448 4344 1747 4388; x_wconf 76' lang='lat' dir='ltr'>oratorum</span> <span class='ocrx_word' id='word_1_391' title='bbox 1783 4334 2003 4390; x_wconf 81' lang='lat' dir='ltr'>notavit</span> 
     </span>
     <span class='ocr_line' id='line_1_49' title="bbox 470 4417 2003 4495; baseline 0.003 -23"><span class='ocrx_word' id='word_1_392' title='bbox 470 4417 835 4476; x_wconf 77' lang='lat' dir='ltr'>Schoemann.</span> <span class='ocrx_word' id='word_1_393' title='bbox 862 4422 949 4475; x_wconf 90' lang='lat' dir='ltr'>De</span> <span class='ocrx_word' id='word_1_394' title='bbox 978 4417 1226 4474; x_wconf 84' lang='lat' dir='ltr'>comitiis</span> <span class='ocrx_word' id='word_1_395' title='bbox 1258 4437 1313 4494; x_wconf 85' lang='lat' dir='ltr'><strong>p.</strong></span> <span class='ocrx_word' id='word_1_396' title='bbox 1349 4419 1480 4476; x_wconf 88' lang='grc'>106.</span> <span class='ocrx_word' id='word_1_397' title='bbox 1516 4419 1720 4495; x_wconf 74' lang='lat' dir='ltr'>Legem</span> <span class='ocrx_word' id='word_1_398' title='bbox 1753 4419 1826 4476; x_wconf 88' lang='lat' dir='ltr'>de</span> <span class='ocrx_word' id='word_1_399' title='bbox 1852 4422 2003 4477; x_wconf 84' lang='lat' dir='ltr'>cho-</span> 
     </span>
     <span class='ocr_line' id='line_1_50' title="bbox 470 4505 2004 4584; baseline 0.003 -23"><span class='ocrx_word' id='word_1_400' title='bbox 470 4506 619 4582; x_wconf 78' lang='lat' dir='ltr'>regis</span> <span class='ocrx_word' id='word_1_401' title='bbox 646 4505 1007 4568; x_wconf 75' lang='lat' dir='ltr'>obversatam</span> <span class='ocrx_word' id='word_1_402' title='bbox 1039 4524 1162 4563; x_wconf 84' lang='lat' dir='ltr'>esse</span> <span class='ocrx_word' id='word_1_403' title='bbox 1183 4505 1498 4563; x_wconf 70' lang='lat' dir='ltr'>scholiastae</span> <span class='ocrx_word' id='word_1_404' title='bbox 1527 4508 1852 4584; x_wconf 81' lang='lat' dir='ltr'>suspicatur</span> <span class='ocrx_word' id='word_1_405' title='bbox 1882 4513 2004 4566; x_wconf 88' lang='lat' dir='ltr'>Do-</span> 
     </span>
     <span class='ocr_line' id='line_1_51' title="bbox 470 4591 2001 4673; baseline 0.003 -25"><span class='ocrx_word' id='word_1_406' title='bbox 470 4591 659 4650; x_wconf 83' lang='lat' dir='ltr'>braens</span> <span class='ocrx_word' id='word_1_407' title='bbox 686 4611 701 4651; x_wconf 91' lang='lat'>:</span> <span class='ocrx_word' id='word_1_408' title='bbox 732 4591 807 4649; x_wconf 89' lang='lat' dir='ltr'>de</span> <span class='ocrx_word' id='word_1_409' title='bbox 835 4612 946 4669; x_wconf 79' lang='lat' dir='ltr'>qua</span> <span class='ocrx_word' id='word_1_410' title='bbox 973 4592 1086 4649; x_wconf 77' lang='lat' dir='ltr'>vid.</span> <span class='ocrx_word' id='word_1_411' title='bbox 1118 4593 1414 4651; x_wconf 78' lang='lat' dir='ltr'>AEschines</span> <span class='ocrx_word' id='word_1_412' title='bbox 1427 4597 1486 4651; x_wconf 90' lang='lat' dir='ltr'><strong>C.</strong></span> <span class='ocrx_word' id='word_1_413' title='bbox 1526 4595 1818 4653; x_wconf 79' lang='lat' dir='ltr'>Timarch.</span> <span class='ocrx_word' id='word_1_414' title='bbox 1852 4614 1909 4673; x_wconf 85' lang='lat' dir='ltr'><strong>p.</strong></span> <span class='ocrx_word' id='word_1_415' title='bbox 1945 4616 2001 4670; x_wconf 88' lang='grc'>2,</span> 
     </span>
     <span class='ocr_line' id='line_1_52' title="bbox 472 4680 2004 4760; baseline 0.005 -23"><span class='ocrx_word' id='word_1_416' title='bbox 472 4682 565 4737; x_wconf 82' lang='grc'>23.</span> <span class='ocrx_word' id='word_1_417' title='bbox 589 4683 850 4743; x_wconf 73' lang='lat' dir='ltr'>Geeiium</span> <span class='ocrx_word' id='word_1_418' title='bbox 881 4681 939 4738; x_wconf 88' lang='lat' dir='ltr'>in</span> <span class='ocrx_word' id='word_1_419' title='bbox 966 4680 1111 4739; x_wconf 83' lang='lat' dir='ltr'>Bibi.</span> <span class='ocrx_word' id='word_1_420' title='bbox 1132 4681 1256 4738; x_wconf 87' lang='lat' dir='ltr'>crit.</span> <span class='ocrx_word' id='word_1_421' title='bbox 1288 4700 1437 4739; x_wconf 78' lang='lat' dir='ltr'>nova</span> <span class='ocrx_word' id='word_1_422' title='bbox 1457 4680 1570 4738; x_wconf 82' lang='lat' dir='ltr'>voi.</span> <span class='ocrx_word' id='word_1_423' title='bbox 1594 4692 1651 4752; x_wconf 87' lang='grc'>4,</span> <span class='ocrx_word' id='word_1_424' title='bbox 1683 4702 1740 4760; x_wconf 90' lang='lat' dir='ltr'><strong>p.</strong></span> <span class='ocrx_word' id='word_1_425' title='bbox 1768 4704 1840 4740; x_wconf 85' lang='grc'>12</span> <span class='ocrx_word' id='word_1_426' title='bbox 1863 4685 2004 4743; x_wconf 84' lang='lat' dir='ltr'>citat</span> 
     </span>
     <span class='ocr_line' id='line_1_53' title="bbox 468 4768 1708 4828; baseline 0.001 -1"><span class='ocrx_word' id='word_1_427' title='bbox 468 4772 667 4827; x_wconf 80' lang='lat' dir='ltr'><strong>Herm.</strong></span> <span class='ocrx_word' id='word_1_428' title='bbox 692 4769 759 4825; x_wconf 87' lang='grc' dir='ltr'>δι’</span> <span class='ocrx_word' id='word_1_429' title='bbox 786 4769 944 4827; x_wconf 74' lang='grc' dir='ltr'>αὐτοῦ</span> <span class='ocrx_word' id='word_1_430' title='bbox 973 4774 1040 4827; x_wconf 86' lang='grc' dir='ltr'>Β.</span> <span class='ocrx_word' id='word_1_431' title='bbox 1066 4814 1127 4826; x_wconf 88' lang='grc'>.-</span> <span class='ocrx_word' id='word_1_432' title='bbox 1154 4771 1190 4826; x_wconf 92' lang='grc'><strong>6</strong></span> <span class='ocrx_word' id='word_1_433' title='bbox 1213 4768 1300 4826; x_wconf 74' lang='grc' dir='ltr'>διὰ</span> <span class='ocrx_word' id='word_1_434' title='bbox 1326 4771 1511 4827; x_wconf 74' lang='grc' dir='ltr'>ἑαυτοῦ</span> <span class='ocrx_word' id='word_1_435' title='bbox 1544 4774 1612 4827; x_wconf 86' lang='grc' dir='ltr'>Β.</span> <span class='ocrx_word' id='word_1_436' title='bbox 1636 4775 1708 4828; x_wconf 91' lang='lat' dir='ltr'>V.</span> 
     </span>
    </p>

    <p class='ocr_par' dir='ltr' id='par_1_15' title="bbox 464 4856 2003 5112">
     <span class='ocr_line' id='line_1_54' title="bbox 554 4856 1981 4929; baseline 0.004 -18"><span class='ocrx_word' id='word_1_437' title='bbox 554 4856 687 4928; x_wconf 85' lang='grc'>531,</span> <span class='ocrx_word' id='word_1_438' title='bbox 722 4857 908 4914; x_wconf 75' lang='lat'>14-16</span> <span class='ocrx_word' id='word_1_439' title='bbox 932 4878 1045 4915; x_wconf 90' lang='lat' dir='ltr'>om.</span> <span class='ocrx_word' id='word_1_440' title='bbox 1072 4862 1135 4918; x_wconf 93' lang='lat' dir='ltr'>V.</span> <span class='ocrx_word' id='word_1_441' title='bbox 1165 4856 1466 4929; x_wconf 80' lang='grc' dir='ltr'>Φιλωνίδης</span> <span class='ocrx_word' id='word_1_442' title='bbox 1494 4862 1795 4916; x_wconf 82' lang='lat' dir='ltr'>Kusterus.</span> <span class='ocrx_word' id='word_1_443' title='bbox 1826 4859 1981 4918; x_wconf 82' lang='grc' dir='ltr'>Κλεω</span> 
     </span>
     <span class='ocr_line' id='line_1_55' title="bbox 464 4943 2000 5027; baseline 0.003 -26"><span class='ocrx_word' id='word_1_444' title='bbox 464 4943 613 5014; x_wconf 81' lang='grc' dir='ltr'>νίδης</span> <span class='ocrx_word' id='word_1_445' title='bbox 663 4946 790 5003; x_wconf 79' lang='lat' dir='ltr'><strong>Ald.</strong></span> <span class='ocrx_word' id='word_1_446' title='bbox 838 4945 1139 5016; x_wconf 79' lang='grc' dir='ltr'>Φιλωνίδης</span> <span class='ocrx_word' id='word_1_447' title='bbox 1183 4944 1274 5003; x_wconf 72' lang='grc' dir='ltr'>καὶ</span> <span class='ocrx_word' id='word_1_448' title='bbox 1313 4945 1709 5027; x_wconf 83' lang='grc' dir='ltr'>Καλλίστρατος</span> <span class='ocrx_word' id='word_1_449' title='bbox 1764 4968 1881 5009; x_wconf 91' lang='lat' dir='ltr'>om.</span> <span class='ocrx_word' id='word_1_450' title='bbox 1927 4952 2000 5007; x_wconf 93' lang='lat' dir='ltr'><strong>R.</strong></span> 
     </span>
     <span class='ocr_line' id='line_1_56' title="bbox 467 5032 2003 5112; baseline 0.001 -20"><span class='ocrx_word' id='word_1_451' title='bbox 467 5032 617 5092; x_wconf 74' lang='lat' dir='ltr'>Vide</span> <span class='ocrx_word' id='word_1_452' title='bbox 641 5034 711 5093; x_wconf 85' lang='lat' dir='ltr'>de</span> <span class='ocrx_word' id='word_1_453' title='bbox 732 5035 840 5093; x_wconf 81' lang='lat' dir='ltr'>hoe</span> <span class='ocrx_word' id='word_1_454' title='bbox 861 5035 989 5092; x_wconf 76' lang='lat' dir='ltr'>ioco</span> <span class='ocrx_word' id='word_1_455' title='bbox 1011 5047 1069 5092; x_wconf 87' lang='lat' dir='ltr'>et</span> <span class='ocrx_word' id='word_1_456' title='bbox 1091 5034 1436 5111; x_wconf 82' lang='lat' dir='ltr'>quibusdam</span> <span class='ocrx_word' id='word_1_457' title='bbox 1462 5035 1521 5093; x_wconf 88' lang='lat' dir='ltr'>in</span> <span class='ocrx_word' id='word_1_458' title='bbox 1546 5035 2003 5112; x_wconf 62' lang='lat' dir='ltr'>praecedentibus</span> 
     </span>
    </p>
   </div>
   <div class='ocr_carea' id='block_1_4' title="bbox 2082 379 3674 5114">
    <p class='ocr_par' dir='ltr' id='par_1_16' title="bbox 2082 379 3612 637">
     <span class='ocr_line' id='line_1_57' title="bbox 2083 379 3608 460; baseline 0.001 -22"><span class='ocrx_word' id='word_1_459' title='bbox 2083 379 2319 440; x_wconf 79' lang='lat' dir='ltr'>scholiis</span> <span class='ocrx_word' id='word_1_460' title='bbox 2330 381 2557 459; x_wconf 74' lang='lat' dir='ltr'>egregie</span> <span class='ocrx_word' id='word_1_461' title='bbox 2580 393 2962 460; x_wconf 77' lang='lat' dir='ltr'><strong>exponentem</strong></span> <span class='ocrx_word' id='word_1_462' title='bbox 2981 382 3290 458; x_wconf 81' lang='lat' dir='ltr'>Bergkium</span> <span class='ocrx_word' id='word_1_463' title='bbox 3310 381 3385 439; x_wconf 84' lang='lat' dir='ltr'>ad</span> <span class='ocrx_word' id='word_1_464' title='bbox 3404 382 3608 460; x_wconf 73' lang='lat' dir='ltr'>fragm,</span> 
     </span>
     <span class='ocr_line' id='line_1_58' title="bbox 2083 467 3612 548; baseline 0.002 -22"><span class='ocrx_word' id='word_1_465' title='bbox 2083 470 2378 548; x_wconf 79' lang='lat' dir='ltr'>Aristoph.</span> <span class='ocrx_word' id='word_1_466' title='bbox 2399 490 2456 546; x_wconf 86' lang='lat' dir='ltr'><strong>p.</strong></span> <span class='ocrx_word' id='word_1_467' title='bbox 2504 478 2572 538; x_wconf 90' lang='grc'>14</span> <span class='ocrx_word' id='word_1_468' title='bbox 2616 489 2775 546; x_wconf 84' lang='lat' dir='ltr'><strong>seqq.</strong></span> <span class='ocrx_word' id='word_1_469' title='bbox 2818 467 2932 526; x_wconf 76' lang='grc' dir='ltr'>ἐπεὶ</span> <span class='ocrx_word' id='word_1_470' title='bbox 2977 469 3035 526; x_wconf 79' lang='grc' dir='ltr'>οὗ</span> <span class='ocrx_word' id='word_1_471' title='bbox 3075 468 3424 527; x_wconf 83' lang='lat' dir='ltr'>Dindorfius.</span> <span class='ocrx_word' id='word_1_472' title='bbox 3470 470 3612 530; x_wconf 74' lang='grc' dir='ltr'>ἐστὶν</span> 
     </span>
     <span class='ocr_line' id='line_1_59' title="bbox 2082 555 2813 637; baseline -0.004 -22"><span class='ocrx_word' id='word_1_473' title='bbox 2082 559 2138 615; x_wconf 82' lang='grc' dir='ltr'>οὗ</span> <span class='ocrx_word' id='word_1_474' title='bbox 2166 562 2233 615; x_wconf 92' lang='grc' dir='ltr'>Β.</span> <span class='ocrx_word' id='word_1_475' title='bbox 2268 557 2589 635; x_wconf 81' lang='lat' dir='ltr'>Legebatur</span> <span class='ocrx_word' id='word_1_476' title='bbox 2615 559 2672 617; x_wconf 79' lang='grc' dir='ltr'>οὗ</span> <span class='ocrx_word' id='word_1_477' title='bbox 2696 555 2813 637; x_wconf 72' lang='grc' dir='ltr'>γὰρ.</span> 
     </span>
    </p>

    <p class='ocr_par' dir='ltr' id='par_1_17' title="bbox 2082 643 3674 1695">
     <span class='ocr_line' id='line_1_60' title="bbox 2167 643 3616 727; baseline 0 -24"><span class='ocrx_word' id='word_1_478' title='bbox 2167 646 2307 716; x_wconf 88' lang='grc'>534,</span> <span class='ocrx_word' id='word_1_479' title='bbox 2358 647 2568 723; x_wconf 84' lang='grc'><strong>29-38</strong></span> <span class='ocrx_word' id='word_1_480' title='bbox 2605 647 2662 702; x_wconf 90' lang='lat' dir='ltr'>in</span> <span class='ocrx_word' id='word_1_481' title='bbox 2708 646 2837 704; x_wconf 78' lang='lat' dir='ltr'><strong>Ald.</strong></span> <span class='ocrx_word' id='word_1_482' title='bbox 2877 643 3144 723; x_wconf 77' lang='grc' dir='ltr'>Αἰσχύλος</span> <span class='ocrx_word' id='word_1_483' title='bbox 3182 644 3396 716; x_wconf 73' lang='grc' dir='ltr'>ἐποίησε</span> <span class='ocrx_word' id='word_1_484' title='bbox 3435 647 3616 727; x_wconf 70' lang='grc' dir='ltr'>δρᾶμα</span> 
     </span>
     <span class='ocr_line' id='line_1_61' title="bbox 2083 724 3616 816; baseline -0.001 -21"><span class='ocrx_word' id='word_1_485' title='bbox 2083 732 2404 816; x_wconf 81' lang='grc' dir='ltr'>Χοηφόρους.</span> <span class='ocrx_word' id='word_1_486' title='bbox 2455 735 2510 792; x_wconf 74' lang='grc' dir='ltr'>ἰν</span> <span class='ocrx_word' id='word_1_487' title='bbox 2560 724 2604 813; x_wconf 66' lang='grc' dir='ltr'>ᾧ</span> <span class='ocrx_word' id='word_1_488' title='bbox 2651 731 2914 815; x_wconf 83' lang='grc' dir='ltr'>Ἠλέκτρα</span> <span class='ocrx_word' id='word_1_489' title='bbox 2953 732 3352 813; x_wconf 72' lang='grc' dir='ltr'>παραγινομένη</span> <span class='ocrx_word' id='word_1_490' title='bbox 3396 736 3472 799; x_wconf 89' lang='grc' dir='ltr'>εἰς</span> <span class='ocrx_word' id='word_1_491' title='bbox 3523 736 3616 794; x_wconf 72' lang='grc' dir='ltr'>τὸν</span> 
     </span>
     <span class='ocr_line' id='line_1_62' title="bbox 2082 820 3616 904; baseline -0.001 -23"><span class='ocrx_word' id='word_1_492' title='bbox 2082 822 2244 904; x_wconf 90' lang='grc' dir='ltr'>τάφον</span> <span class='ocrx_word' id='word_1_493' title='bbox 2280 827 2371 880; x_wconf 76' lang='grc' dir='ltr'>τοῦ</span> <span class='ocrx_word' id='word_1_494' title='bbox 2421 820 2645 901; x_wconf 82' lang='grc' dir='ltr'>πατρὸς,</span> <span class='ocrx_word' id='word_1_495' title='bbox 2697 822 2759 879; x_wconf 73' lang='grc' dir='ltr'>ἐκ</span> <span class='ocrx_word' id='word_1_496' title='bbox 2794 826 2885 879; x_wconf 75' lang='grc' dir='ltr'>τοῦ</span> <span class='ocrx_word' id='word_1_497' title='bbox 2932 820 3209 898; x_wconf 85' lang='grc' dir='ltr'>πλοκάμου</span> <span class='ocrx_word' id='word_1_498' title='bbox 3252 820 3341 880; x_wconf 80' lang='grc' dir='ltr'>τὸν</span> <span class='ocrx_word' id='word_1_499' title='bbox 3390 823 3616 901; x_wconf 73' lang='grc' dir='ltr'>ἀδελφὸν</span> 
     </span>
     <span class='ocr_line' id='line_1_63' title="bbox 2084 901 3619 992; baseline -0.002 -23"><span class='ocrx_word' id='word_1_500' title='bbox 2084 909 2377 992; x_wconf 73' lang='grc' dir='ltr'>ἐγνώρισεν.</span> <span class='ocrx_word' id='word_1_501' title='bbox 2407 907 2561 982; x_wconf 75' lang='grc' dir='ltr'>αὕτη,</span> <span class='ocrx_word' id='word_1_502' title='bbox 2583 907 2761 989; x_wconf 70' lang='grc' dir='ltr'>φησὶν,</span> <span class='ocrx_word' id='word_1_503' title='bbox 2794 917 2828 980; x_wconf 79' lang='grc' dir='ltr'><strong>ὴ</strong></span> <span class='ocrx_word' id='word_1_504' title='bbox 2851 907 3106 988; x_wconf 75' lang='grc' dir='ltr'>κωμῳδία</span> <span class='ocrx_word' id='word_1_505' title='bbox 3135 908 3332 991; x_wconf 76' lang='grc' dir='ltr'>ἀδελφὴ</span> <span class='ocrx_word' id='word_1_506' title='bbox 3362 901 3496 968; x_wconf 64' lang='grc' dir='ltr'>οὖσα</span> <span class='ocrx_word' id='word_1_507' title='bbox 3521 915 3619 981; x_wconf 66' lang='grc' dir='ltr'>τῆς</span> 
     </span>
     <span class='ocr_line' id='line_1_64' title="bbox 2082 994 3617 1081; baseline 0 -27"><span class='ocrx_word' id='word_1_508' title='bbox 2082 997 2294 1081; x_wconf 83' lang='grc' dir='ltr'>πρώτης</span> <span class='ocrx_word' id='word_1_509' title='bbox 2331 997 2420 1074; x_wconf 80' lang='grc' dir='ltr'>(ὡς</span> <span class='ocrx_word' id='word_1_510' title='bbox 2459 998 2512 1054; x_wconf 80' lang='grc' dir='ltr'>ἐν</span> <span class='ocrx_word' id='word_1_511' title='bbox 2549 1004 2657 1061; x_wconf 82' lang='grc' dir='ltr'>τοῖς</span> <span class='ocrx_word' id='word_1_512' title='bbox 2699 994 2989 1077; x_wconf 80' lang='grc' dir='ltr'>Χοηφόροις</span> <span class='ocrx_word' id='word_1_513' title='bbox 3026 994 3293 1075; x_wconf 72' lang='grc' dir='ltr'>Αἰσχύλου</span> <span class='ocrx_word' id='word_1_514' title='bbox 3325 996 3617 1080; x_wconf 80' lang='grc' dir='ltr'>Ἠλέκτρα,</span> 
     </span>
     <span class='ocr_line' id='line_1_65' title="bbox 2083 1083 3617 1165; baseline -0.001 -20"><span class='ocrx_word' id='word_1_515' title='bbox 2083 1089 2143 1144; x_wconf 80' lang='grc' dir='ltr'>ἐκ</span> <span class='ocrx_word' id='word_1_516' title='bbox 2165 1092 2257 1145; x_wconf 80' lang='grc' dir='ltr'>τοῦ</span> <span class='ocrx_word' id='word_1_517' title='bbox 2279 1086 2556 1162; x_wconf 85' lang='grc' dir='ltr'>πλοκάμου</span> <span class='ocrx_word' id='word_1_518' title='bbox 2582 1084 2670 1143; x_wconf 80' lang='grc' dir='ltr'>τὸν</span> <span class='ocrx_word' id='word_1_519' title='bbox 2695 1084 2916 1165; x_wconf 75' lang='grc' dir='ltr'>ἀδελφὸν</span> <span class='ocrx_word' id='word_1_520' title='bbox 2948 1086 3230 1162; x_wconf 80' lang='grc' dir='ltr'>ἐπιγνοῦσα</span> <span class='ocrx_word' id='word_1_521' title='bbox 3257 1083 3348 1144; x_wconf 72' lang='grc' dir='ltr'>καὶ</span> <span class='ocrx_word' id='word_1_522' title='bbox 3374 1109 3589 1165; x_wconf 78' lang='grc' dir='ltr'>παραγε</span> <span class='ocrx_word' id='word_1_523' title='bbox 3605 1122 3617 1130; x_wconf 85' lang='grc'>-</span> 
     </span>
     <span class='ocr_line' id='line_1_66' title="bbox 2082 1166 3620 1255; baseline -0.001 -22"><span class='ocrx_word' id='word_1_524' title='bbox 2082 1175 2317 1251; x_wconf 87' lang='grc' dir='ltr'>νόμενον,</span> <span class='ocrx_word' id='word_1_525' title='bbox 2351 1173 2479 1255; x_wconf 74' lang='grc' dir='ltr'>πρὸς</span> <span class='ocrx_word' id='word_1_526' title='bbox 2497 1173 2585 1232; x_wconf 81' lang='grc' dir='ltr'>τὸν</span> <span class='ocrx_word' id='word_1_527' title='bbox 2616 1172 2800 1252; x_wconf 86' lang='grc' dir='ltr'>τάφον,</span> <span class='ocrx_word' id='word_1_528' title='bbox 2823 1170 2965 1240; x_wconf 79' lang='grc' dir='ltr'>ὅπως</span> <span class='ocrx_word' id='word_1_529' title='bbox 2987 1172 3142 1232; x_wconf 79' lang='grc' dir='ltr'>αὐτὸν</span> <span class='ocrx_word' id='word_1_530' title='bbox 3163 1173 3418 1254; x_wconf 76' lang='grc' dir='ltr'>γνωρίσῃ,</span> <span class='ocrx_word' id='word_1_531' title='bbox 3433 1166 3620 1254; x_wconf 68' lang='grc' dir='ltr'>ἦλθεν)</span> 
     </span>
     <span class='ocr_line' id='line_1_67' title="bbox 2084 1252 3674 1343; baseline 0.001 -23"><span class='ocrx_word' id='word_1_532' title='bbox 2084 1264 2154 1328; x_wconf 81' lang='grc' dir='ltr'>εἰς</span> <span class='ocrx_word' id='word_1_533' title='bbox 2178 1262 2395 1335; x_wconf 80' lang='grc' dir='ltr'>ζήτησιν</span> <span class='ocrx_word' id='word_1_534' title='bbox 2433 1252 2560 1333; x_wconf 72' lang='grc' dir='ltr'>ἦλθε</span> <span class='ocrx_word' id='word_1_535' title='bbox 2587 1264 2691 1318; x_wconf 84' lang='grc' dir='ltr'>τῶν</span> <span class='ocrx_word' id='word_1_536' title='bbox 2733 1260 2851 1319; x_wconf 88' lang='grc' dir='ltr'>τότε</span> <span class='ocrx_word' id='word_1_537' title='bbox 2876 1263 3091 1321; x_wconf 73' lang='grc' dir='ltr'>θεατῶν.</span> <span class='ocrx_word' id='word_1_538' title='bbox 3121 1261 3468 1340; x_wconf 65' lang='grc' dir='ltr'>ἐπιγνώσεται</span> <span class='ocrx_word' id='word_1_539' title='bbox 3492 1263 3617 1343; x_wconf 74' lang='grc' dir='ltr'>γὰρ,</span> <span class='ocrx_word' id='word_1_540' title='bbox 3669 1285 3674 1286; x_wconf 65' lang='grc'>’</span> 
     </span>
     <span class='ocr_line' id='line_1_68' title="bbox 2084 1348 3621 1429; baseline -0.001 -20"><span class='ocrx_word' id='word_1_541' title='bbox 2084 1349 2174 1410; x_wconf 76' lang='grc' dir='ltr'>ἐάν</span> <span class='ocrx_word' id='word_1_542' title='bbox 2196 1374 2248 1408; x_wconf 91' lang='grc' dir='ltr'>τι</span> <span class='ocrx_word' id='word_1_543' title='bbox 2272 1348 2528 1428; x_wconf 75' lang='grc' dir='ltr'>ξύμὸολον</span> <span class='ocrx_word' id='word_1_544' title='bbox 2543 1348 2631 1429; x_wconf 77' lang='grc' dir='ltr'>ἴδῃ</span> <span class='ocrx_word' id='word_1_545' title='bbox 2656 1349 2884 1408; x_wconf 81' lang='grc' dir='ltr'>ἐκείνων.</span> <span class='ocrx_word' id='word_1_546' title='bbox 2899 1395 2960 1408; x_wconf 87' lang='grc'>.-</span> <span class='ocrx_word' id='word_1_547' title='bbox 2982 1351 3056 1406; x_wconf 88' lang='grc'>33</span> <span class='ocrx_word' id='word_1_548' title='bbox 3078 1349 3206 1408; x_wconf 78' lang='grc' dir='ltr'>πότε</span> <span class='ocrx_word' id='word_1_549' title='bbox 3232 1357 3376 1408; x_wconf 87' lang='grc' dir='ltr'>Β.-</span> <span class='ocrx_word' id='word_1_550' title='bbox 3396 1353 3471 1406; x_wconf 83' lang='grc'>38</span> <span class='ocrx_word' id='word_1_551' title='bbox 3494 1353 3621 1408; x_wconf 79' lang='grc' dir='ltr'>ἐπι-</span> 
     </span>
     <span class='ocr_line' id='line_1_69' title="bbox 2084 1436 3621 1516; baseline 0 -20"><span class='ocrx_word' id='word_1_552' title='bbox 2084 1436 2344 1516; x_wconf 80' lang='grc' dir='ltr'>γνώσεται</span> <span class='ocrx_word' id='word_1_553' title='bbox 2385 1458 2501 1496; x_wconf 88' lang='grc'>0111.</span> <span class='ocrx_word' id='word_1_554' title='bbox 2526 1443 2594 1496; x_wconf 87' lang='lat' dir='ltr'>V.</span> <span class='ocrx_word' id='word_1_555' title='bbox 2619 1441 2706 1494; x_wconf 87' lang='lat' dir='ltr'>De</span> <span class='ocrx_word' id='word_1_556' title='bbox 2753 1436 3126 1514; x_wconf 85' lang='lat' dir='ltr'>sequentibus</span> <span class='ocrx_word' id='word_1_557' title='bbox 3166 1458 3222 1495; x_wconf 82' lang='lat' dir='ltr'><strong>v.</strong></span> <span class='ocrx_word' id='word_1_558' title='bbox 3269 1440 3506 1498; x_wconf 77' lang='lat' dir='ltr'>stanlei.</span> <span class='ocrx_word' id='word_1_559' title='bbox 3548 1439 3621 1496; x_wconf 79' lang='lat' dir='ltr'>ad</span> 
     </span>
     <span class='ocr_line' id='line_1_70' title="bbox 2084 1525 3622 1603; baseline 0.001 -18"><span class='ocrx_word' id='word_1_560' title='bbox 2084 1527 2559 1603; x_wconf 84' lang='lat' dir='ltr'>AEsch.Choeph.</span> <span class='ocrx_word' id='word_1_561' title='bbox 2587 1526 2717 1593; x_wconf 81' lang='lat'><strong>166,</strong></span> <span class='ocrx_word' id='word_1_562' title='bbox 2745 1544 2803 1603; x_wconf 87' lang='lat' dir='ltr'><strong>p.</strong></span> <span class='ocrx_word' id='word_1_563' title='bbox 2843 1545 2950 1599; x_wconf 87' lang='lat'>¹¹9</span> <span class='ocrx_word' id='word_1_564' title='bbox 2975 1527 3123 1585; x_wconf 84' lang='lat' dir='ltr'>Butl.</span> <span class='ocrx_word' id='word_1_565' title='bbox 3157 1571 3219 1581; x_wconf 84' lang='lat'>-</span> <span class='ocrx_word' id='word_1_566' title='bbox 3243 1526 3318 1583; x_wconf 74' lang='lat'>44</span> <span class='ocrx_word' id='word_1_567' title='bbox 3341 1525 3441 1598; x_wconf 79' lang='grc' dir='ltr'>τὴν</span> <span class='ocrx_word' id='word_1_568' title='bbox 3465 1527 3622 1586; x_wconf 76' lang='grc' dir='ltr'>ἀδελ·</span> 
     </span>
     <span class='ocr_line' id='line_1_71' title="bbox 2086 1610 3506 1695; baseline 0.002 -25"><span class='ocrx_word' id='word_1_569' title='bbox 2086 1612 2187 1695; x_wconf 72' lang='grc' dir='ltr'>φὴν</span> <span class='ocrx_word' id='word_1_570' title='bbox 2210 1615 2369 1684; x_wconf 70' lang='grc' dir='ltr'>αὐτῆς</span> <span class='ocrx_word' id='word_1_571' title='bbox 2395 1610 2760 1678; x_wconf 76' lang='grc' dir='ltr'>ἐπαινέσαντες</span> <span class='ocrx_word' id='word_1_572' title='bbox 2784 1610 2953 1670; x_wconf 82' lang='grc' dir='ltr'>πάλαι</span> <span class='ocrx_word' id='word_1_573' title='bbox 2982 1624 3136 1669; x_wconf 85' lang='lat' dir='ltr'>recte</span> <span class='ocrx_word' id='word_1_574' title='bbox 3157 1617 3300 1691; x_wconf 77' lang='lat' dir='ltr'><strong>Reg.</strong></span> <span class='ocrx_word' id='word_1_575' title='bbox 3325 1616 3506 1673; x_wconf 89' lang='grc'>2821.</span> 
     </span>
    </p>

    <p class='ocr_par' dir='ltr' id='par_1_18' title="bbox 2169 1698 3386 1781">
     <span class='ocr_line' id='line_1_72' title="bbox 2169 1698 3386 1781; baseline 0.001 -23"><span class='ocrx_word' id='word_1_576' title='bbox 2169 1702 2302 1771; x_wconf 86' lang='grc'>538,</span> <span class='ocrx_word' id='word_1_577' title='bbox 2329 1723 2349 1758; x_wconf 90' lang='grc'>1</span> <span class='ocrx_word' id='word_1_578' title='bbox 2378 1706 2448 1759; x_wconf 84' lang='lat' dir='ltr'>V.</span> <span class='ocrx_word' id='word_1_579' title='bbox 2478 1700 2654 1758; x_wconf 82' lang='lat' dir='ltr'>habet</span> <span class='ocrx_word' id='word_1_580' title='bbox 2681 1722 2735 1778; x_wconf 90' lang='grc' dir='ltr'>φ.</span> <span class='ocrx_word' id='word_1_581' title='bbox 2769 1698 3214 1781; x_wconf 79' lang='grc' dir='ltr'>χαριεντιζόμενοι</span> <span class='ocrx_word' id='word_1_582' title='bbox 3237 1702 3386 1778; x_wconf 87' lang='lat' dir='ltr'>(sic).</span> 
     </span>
    </p>

    <p class='ocr_par' dir='ltr' id='par_1_19' title="bbox 2168 1786 3622 1869">
     <span class='ocr_line' id='line_1_73' title="bbox 2168 1786 3622 1869; baseline 0.002 -22"><span class='ocrx_word' id='word_1_583' title='bbox 2168 1790 2283 1864; x_wconf 78' lang='lat'>539</span> <span class='ocrx_word' id='word_1_584' title='bbox 2318 1803 2502 1846; x_wconf 78' lang='lat' dir='ltr'>totum</span> <span class='ocrx_word' id='word_1_585' title='bbox 2535 1789 2793 1846; x_wconf 75' lang='lat' dir='ltr'>scholion</span> <span class='ocrx_word' id='word_1_586' title='bbox 2827 1806 2943 1844; x_wconf 88' lang='lat' dir='ltr'>om.</span> <span class='ocrx_word' id='word_1_587' title='bbox 2978 1794 3039 1845; x_wconf 87' lang='lat' dir='ltr'>V.</span> <span class='ocrx_word' id='word_1_588' title='bbox 3067 1788 3104 1859; x_wconf 78' lang='grc' dir='ltr'>ἢ</span> <span class='ocrx_word' id='word_1_589' title='bbox 3132 1786 3184 1856; x_wconf 74' lang='grc' dir='ltr'>ἐξ</span> <span class='ocrx_word' id='word_1_590' title='bbox 3215 1788 3375 1869; x_wconf 79' lang='grc' dir='ltr'>ἄκρου</span> <span class='ocrx_word' id='word_1_591' title='bbox 3403 1813 3518 1848; x_wconf 84' lang='grc'>0111.</span> <span class='ocrx_word' id='word_1_592' title='bbox 3549 1796 3622 1851; x_wconf 82' lang='grc' dir='ltr'>Β.</span> 
     </span>
    </p>

    <p class='ocr_par' dir='ltr' id='par_1_20' title="bbox 2087 1871 3632 3096">
     <span class='ocr_line' id='line_1_74' title="bbox 2170 1871 3626 1959; baseline 0.003 -27"><span class='ocrx_word' id='word_1_593' title='bbox 2170 1877 2281 1934; x_wconf 71' lang='lat'>540</span> <span class='ocrx_word' id='word_1_594' title='bbox 2301 1876 2431 1938; x_wconf 78' lang='lat' dir='ltr'>Ald.</span> <span class='ocrx_word' id='word_1_595' title='bbox 2456 1871 2576 1939; x_wconf 70' lang='grc' dir='ltr'>τοὺς</span> <span class='ocrx_word' id='word_1_596' title='bbox 2599 1872 2892 1957; x_wconf 68' lang='grc' dir='ltr'>φαλακροὺς</span> <span class='ocrx_word' id='word_1_597' title='bbox 2918 1896 2931 1931; x_wconf 78' lang='lat' dir='ltr'><strong><em>z</em></strong></span> <span class='ocrx_word' id='word_1_598' title='bbox 2969 1874 3216 1946; x_wconf 78' lang='grc' dir='ltr'>Εὔπολις,</span> <span class='ocrx_word' id='word_1_599' title='bbox 3252 1876 3470 1959; x_wconf 62' lang='lat' dir='ltr'>lemn-,la</span> <span class='ocrx_word' id='word_1_600' title='bbox 3499 1878 3626 1946; x_wconf 74' lang='grc' dir='ltr'>τοὺς</span> 
     </span>
     <span class='ocr_line' id='line_1_75' title="bbox 2087 1961 3624 2046; baseline 0.001 -24"><span class='ocrx_word' id='word_1_601' title='bbox 2087 1962 2412 2046; x_wconf 68' lang='grc' dir='ltr'>φαλακροὺς,</span> <span class='ocrx_word' id='word_1_602' title='bbox 2444 1969 2599 2022; x_wconf 68' lang='grc' dir='ltr'>τοῦτο</span> <span class='ocrx_word' id='word_1_603' title='bbox 2626 1962 2670 2020; x_wconf 87' lang='grc' dir='ltr'>δ’</span> <span class='ocrx_word' id='word_1_604' title='bbox 2709 1961 3094 2042; x_wconf 78' lang='grc' dir='ltr'>ἀδωρησάμην,</span> <span class='ocrx_word' id='word_1_605' title='bbox 3138 1983 3265 2039; x_wconf 81' lang='lat' dir='ltr'>quae</span> <span class='ocrx_word' id='word_1_606' title='bbox 3293 1985 3411 2022; x_wconf 89' lang='lat' dir='ltr'>om.</span> <span class='ocrx_word' id='word_1_607' title='bbox 3445 1970 3519 2024; x_wconf 91' lang='grc' dir='ltr'>Β.</span> <span class='ocrx_word' id='word_1_608' title='bbox 3548 1972 3624 2026; x_wconf 89' lang='lat' dir='ltr'>V.</span> 
     </span>
     <span class='ocr_line' id='line_1_76' title="bbox 2087 2049 3626 2134; baseline 0.003 -24"><span class='ocrx_word' id='word_1_609' title='bbox 2087 2050 2303 2134; x_wconf 77' lang='grc' dir='ltr'>ἔσκωψα</span> <span class='ocrx_word' id='word_1_610' title='bbox 2332 2052 2450 2117; x_wconf 75' lang='grc' dir='ltr'>τοὺς</span> <span class='ocrx_word' id='word_1_611' title='bbox 2482 2049 2779 2132; x_wconf 70' lang='grc' dir='ltr'>φαλακροὺς</span> <span class='ocrx_word' id='word_1_612' title='bbox 2817 2052 3224 2129; x_wconf 73' lang='lat' dir='ltr'>Aristophanis</span> <span class='ocrx_word' id='word_1_613' title='bbox 3255 2052 3436 2112; x_wconf 83' lang='lat' dir='ltr'>verba</span> <span class='ocrx_word' id='word_1_614' title='bbox 3463 2071 3626 2128; x_wconf 83' lang='lat' dir='ltr'>sunt,</span> 
     </span>
     <span class='ocr_line' id='line_1_77' title="bbox 2088 2138 3626 2216; baseline 0.002 -19"><span class='ocrx_word' id='word_1_615' title='bbox 2088 2145 2240 2197; x_wconf 71' lang='grc' dir='ltr'>τοῦτο</span> <span class='ocrx_word' id='word_1_616' title='bbox 2268 2138 2317 2196; x_wconf 80' lang='grc' dir='ltr'>δ’</span> <span class='ocrx_word' id='word_1_617' title='bbox 2338 2139 2660 2195; x_wconf 64' lang='lat' dir='ltr'>scholiastae</span> <span class='ocrx_word' id='word_1_618' title='bbox 2687 2149 2801 2209; x_wconf 86' lang='lat' dir='ltr'>est,</span> <span class='ocrx_word' id='word_1_619' title='bbox 2840 2153 3180 2216; x_wconf 80' lang='lat' dir='ltr'>corruptum</span> <span class='ocrx_word' id='word_1_620' title='bbox 3217 2161 3288 2198; x_wconf 85' lang='lat' dir='ltr'>ex</span> <span class='ocrx_word' id='word_1_621' title='bbox 3329 2146 3484 2200; x_wconf 73' lang='grc' dir='ltr'>τοῦτο</span> <span class='ocrx_word' id='word_1_622' title='bbox 3513 2143 3626 2216; x_wconf 69' lang='grc' dir='ltr'>διὰ,</span> 
     </span>
     <span class='ocr_line' id='line_1_78' title="bbox 2088 2226 3626 2309; baseline 0.002 -23"><span class='ocrx_word' id='word_1_623' title='bbox 2088 2240 2151 2286; x_wconf 86' lang='lat' dir='ltr'>nt</span> <span class='ocrx_word' id='word_1_624' title='bbox 2179 2247 2252 2285; x_wconf 80' lang='lat' dir='ltr'>cx</span> <span class='ocrx_word' id='word_1_625' title='bbox 2276 2226 2496 2285; x_wconf 79' lang='lat' dir='ltr'>scholio</span> <span class='ocrx_word' id='word_1_626' title='bbox 2516 2226 2734 2284; x_wconf 84' lang='lat' dir='ltr'>codicis</span> <span class='ocrx_word' id='word_1_627' title='bbox 2757 2227 3098 2286; x_wconf 80' lang='lat' dir='ltr'>Brunckiani</span> <span class='ocrx_word' id='word_1_628' title='bbox 3121 2241 3385 2306; x_wconf 79' lang='lat' dir='ltr'>apparet,</span> <span class='ocrx_word' id='word_1_629' title='bbox 3413 2232 3626 2309; x_wconf 76' lang='grc' dir='ltr'>ἂδωρη-</span> 
     </span>
     <span class='ocr_line' id='line_1_79' title="bbox 2088 2308 3626 2394; baseline 0.002 -22"><span class='ocrx_word' id='word_1_630' title='bbox 2088 2315 2266 2393; x_wconf 82' lang='grc' dir='ltr'>σάμην</span> <span class='ocrx_word' id='word_1_631' title='bbox 2299 2327 2490 2372; x_wconf 81' lang='lat' dir='ltr'>autem</span> <span class='ocrx_word' id='word_1_632' title='bbox 2530 2333 2604 2370; x_wconf 84' lang='lat' dir='ltr'>ex</span> <span class='ocrx_word' id='word_1_633' title='bbox 2648 2313 2949 2391; x_wconf 76' lang='lat' dir='ltr'>Eupolidis</span> <span class='ocrx_word' id='word_1_634' title='bbox 2980 2308 3302 2392; x_wconf 71' lang='lat' dir='ltr'>fragmento</span> <span class='ocrx_word' id='word_1_635' title='bbox 3336 2329 3424 2374; x_wconf 89' lang='lat' dir='ltr'>est</span> <span class='ocrx_word' id='word_1_636' title='bbox 3458 2320 3626 2394; x_wconf 81' lang='lat' dir='ltr'>quod</span> 
     </span>
     <span class='ocr_line' id='line_1_80' title="bbox 2089 2400 3628 2484; baseline 0.003 -25"><span class='ocrx_word' id='word_1_637' title='bbox 2089 2404 2158 2459; x_wconf 79' lang='lat' dir='ltr'>ad</span> <span class='ocrx_word' id='word_1_638' title='bbox 2193 2424 2244 2461; x_wconf 85' lang='lat' dir='ltr'><strong>v.</strong></span> <span class='ocrx_word' id='word_1_639' title='bbox 2282 2402 2389 2467; x_wconf 83' lang='grc'>554</span> <span class='ocrx_word' id='word_1_640' title='bbox 2431 2400 2701 2471; x_wconf 75' lang='lat' dir='ltr'>affertur,</span> <span class='ocrx_word' id='word_1_641' title='bbox 2729 2413 3068 2478; x_wconf 81' lang='lat' dir='ltr'>corruptum</span> <span class='ocrx_word' id='word_1_642' title='bbox 3096 2423 3169 2460; x_wconf 85' lang='lat' dir='ltr'>ex</span> <span class='ocrx_word' id='word_1_643' title='bbox 3204 2403 3628 2484; x_wconf 73' lang='grc' dir='ltr'>κάδωρησάμην.</span> 
     </span>
     <span class='ocr_line' id='line_1_81' title="bbox 2088 2478 3630 2570; baseline 0.002 -22"><span class='ocrx_word' id='word_1_644' title='bbox 2088 2495 2267 2548; x_wconf 80' lang='lat' dir='ltr'>Dum.</span> <span class='ocrx_word' id='word_1_645' title='bbox 2291 2535 2353 2547; x_wconf 85' lang='lat'>..</span> <span class='ocrx_word' id='word_1_646' title='bbox 2379 2491 2548 2545; x_wconf 85' lang='grc'>11-13</span> <span class='ocrx_word' id='word_1_647' title='bbox 2582 2478 2712 2554; x_wconf 71' lang='grc' dir='ltr'>εἶδος</span> <span class='ocrx_word' id='word_1_648' title='bbox 2739 2487 3002 2568; x_wconf 72' lang='grc' dir='ltr'>ὀρχήσεως</span> <span class='ocrx_word' id='word_1_649' title='bbox 3031 2493 3271 2566; x_wconf 75' lang='grc' dir='ltr'>κωμικῆς</span> <span class='ocrx_word' id='word_1_650' title='bbox 3298 2493 3630 2570; x_wconf 73' lang='grc' dir='ltr'>ἀσχημοσύ-</span> 
     </span>
     <span class='ocr_line' id='line_1_82' title="bbox 2089 2574 3632 2656; baseline 0.002 -21"><span class='ocrx_word' id='word_1_651' title='bbox 2089 2600 2196 2649; x_wconf 88' lang='grc' dir='ltr'>νης.</span> <span class='ocrx_word' id='word_1_652' title='bbox 2243 2574 2324 2634; x_wconf 77' lang='grc' dir='ltr'>ὅτι</span> <span class='ocrx_word' id='word_1_653' title='bbox 2367 2574 2488 2656; x_wconf 88' lang='grc' dir='ltr'>τρία</span> <span class='ocrx_word' id='word_1_654' title='bbox 2514 2574 2614 2632; x_wconf 82' lang='grc' dir='ltr'>εἰσὶ</span> <span class='ocrx_word' id='word_1_655' title='bbox 2639 2574 2750 2644; x_wconf 85' lang='grc' dir='ltr'>εἴδη</span> <span class='ocrx_word' id='word_1_656' title='bbox 2775 2575 3121 2655; x_wconf 74' lang='grc' dir='ltr'>ὀρχήσεως...</span> <span class='ocrx_word' id='word_1_657' title='bbox 3145 2577 3362 2645; x_wconf 86' lang='grc' dir='ltr'>σίκιννις</span> <span class='ocrx_word' id='word_1_658' title='bbox 3385 2579 3442 2638; x_wconf 80' lang='grc' dir='ltr'>δὲ</span> <span class='ocrx_word' id='word_1_659' title='bbox 3464 2605 3632 2640; x_wconf 83' lang='grc' dir='ltr'>σατυ-</span> 
     </span>
     <span class='ocr_line' id='line_1_83' title="bbox 2091 2661 3629 2745; baseline 0.004 -23"><span class='ocrx_word' id='word_1_660' title='bbox 2091 2668 2237 2745; x_wconf 75' lang='grc' dir='ltr'>ρικῆς</span> <span class='ocrx_word' id='word_1_661' title='bbox 2275 2663 2366 2721; x_wconf 81' lang='grc' dir='ltr'>καί</span> <span class='ocrx_word' id='word_1_662' title='bbox 2399 2661 2589 2743; x_wconf 78' lang='grc' dir='ltr'>κόρδαξ</span> <span class='ocrx_word' id='word_1_663' title='bbox 2620 2668 2858 2740; x_wconf 78' lang='grc' dir='ltr'>κωμικῆς</span> <span class='ocrx_word' id='word_1_664' title='bbox 2881 2669 2944 2722; x_wconf 87' lang='lat' dir='ltr'>V.</span> <span class='ocrx_word' id='word_1_665' title='bbox 2974 2670 3187 2723; x_wconf 82' lang='lat' dir='ltr'>Totum</span> <span class='ocrx_word' id='word_1_666' title='bbox 3213 2667 3477 2727; x_wconf 69' lang='lat' dir='ltr'>scholion</span> <span class='ocrx_word' id='word_1_667' title='bbox 3508 2692 3629 2728; x_wconf 90' lang='lat' dir='ltr'>om.</span> 
     </span>
     <span class='ocr_line' id='line_1_84' title="bbox 2090 2748 3632 2828; baseline 0.005 -20"><span class='ocrx_word' id='word_1_668' title='bbox 2090 2755 2157 2811; x_wconf 92' lang='lat' dir='ltr'><strong>G.</strong></span> <span class='ocrx_word' id='word_1_669' title='bbox 2177 2797 2239 2809; x_wconf 87' lang='lat'>...</span> <span class='ocrx_word' id='word_1_670' title='bbox 2275 2752 2340 2808; x_wconf 80' lang='lat'>13</span> <span class='ocrx_word' id='word_1_671' title='bbox 2367 2748 2590 2813; x_wconf 77' lang='grc' dir='ltr'>σικυννίς</span> <span class='ocrx_word' id='word_1_672' title='bbox 2616 2754 2685 2807; x_wconf 91' lang='grc' dir='ltr'>Β.</span> <span class='ocrx_word' id='word_1_673' title='bbox 2713 2751 2878 2809; x_wconf 81' lang='lat' dir='ltr'>Conf.</span> <span class='ocrx_word' id='word_1_674' title='bbox 2902 2755 3332 2828; x_wconf 80' lang='lat' dir='ltr'>grammaticum</span> <span class='ocrx_word' id='word_1_675' title='bbox 3364 2758 3423 2813; x_wconf 85' lang='lat' dir='ltr'>in</span> <span class='ocrx_word' id='word_1_676' title='bbox 3450 2762 3632 2815; x_wconf 77' lang='lat' dir='ltr'>Mon-</span> 
     </span>
     <span class='ocr_line' id='line_1_85' title="bbox 2091 2837 3630 2916; baseline 0.004 -18"><span class='ocrx_word' id='word_1_677' title='bbox 2091 2839 2273 2898; x_wconf 76' lang='lat' dir='ltr'>tefalc.</span> <span class='ocrx_word' id='word_1_678' title='bbox 2305 2837 2451 2898; x_wconf 84' lang='lat' dir='ltr'>Bibl.</span> <span class='ocrx_word' id='word_1_679' title='bbox 2488 2838 2720 2897; x_wconf 82' lang='lat' dir='ltr'>Coislin.</span> <span class='ocrx_word' id='word_1_680' title='bbox 2748 2858 2803 2916; x_wconf 91' lang='lat' dir='ltr'><strong>p.</strong></span> <span class='ocrx_word' id='word_1_681' title='bbox 2829 2839 2972 2916; x_wconf 74' lang='lat'><strong>610,</strong></span> <span class='ocrx_word' id='word_1_682' title='bbox 3005 2854 3061 2897; x_wconf 91' lang='lat' dir='ltr'>et</span> <span class='ocrx_word' id='word_1_683' title='bbox 3084 2845 3519 2902; x_wconf 76' lang='lat' dir='ltr'>annotationem</span> <span class='ocrx_word' id='word_1_684' title='bbox 3555 2847 3630 2904; x_wconf 71' lang='lat' dir='ltr'>ad</span> 
     </span>
     <span class='ocr_line' id='line_1_86' title="bbox 2089 2927 3632 3015; baseline 0.004 -30"><span class='ocrx_word' id='word_1_685' title='bbox 2089 2929 2428 2988; x_wconf 76' lang='lat' dir='ltr'>Athenaeum</span> <span class='ocrx_word' id='word_1_686' title='bbox 2453 2938 2547 2999; x_wconf 84' lang='grc'>14,</span> <span class='ocrx_word' id='word_1_687' title='bbox 2575 2949 2631 3006; x_wconf 84' lang='lat' dir='ltr'><strong>p.</strong></span> <span class='ocrx_word' id='word_1_688' title='bbox 2658 2930 2804 2997; x_wconf 90' lang='grc'>610,</span> <span class='ocrx_word' id='word_1_689' title='bbox 2841 2927 2902 2987; x_wconf 92' lang='lat' dir='ltr'><strong>B.</strong></span> <span class='ocrx_word' id='word_1_690' title='bbox 2931 2932 3113 2989; x_wconf 81' lang='lat' dir='ltr'>Dum.</span> <span class='ocrx_word' id='word_1_691' title='bbox 3133 2934 3274 3008; x_wconf 86' lang='lat' dir='ltr'><strong>Reg.</strong></span> <span class='ocrx_word' id='word_1_692' title='bbox 3306 2933 3456 2988; x_wconf 89' lang='grc'>2821</span> <span class='ocrx_word' id='word_1_693' title='bbox 3491 2932 3632 3015; x_wconf 81' lang='grc' dir='ltr'>κόρ-</span> 
     </span>
     <span class='ocr_line' id='line_1_87' title="bbox 2090 3013 3181 3096; baseline -0.003 -22"><span class='ocrx_word' id='word_1_694' title='bbox 2090 3013 2183 3084; x_wconf 80' lang='grc' dir='ltr'>δαξ</span> <span class='ocrx_word' id='word_1_695' title='bbox 2218 3048 2289 3063; x_wconf 94' lang='lat'><em>-</em></span> <span class='ocrx_word' id='word_1_696' title='bbox 2311 3021 2338 3074; x_wconf 81' lang='grc' dir='ltr'><strong>ὁ</strong></span> <span class='ocrx_word' id='word_1_697' title='bbox 2358 3015 2633 3093; x_wconf 83' lang='grc' dir='ltr'>λεγόμενος</span> <span class='ocrx_word' id='word_1_698' title='bbox 2656 3017 2928 3080; x_wconf 75' lang='grc' dir='ltr'>ἰδιωτικῶς</span> <span class='ocrx_word' id='word_1_699' title='bbox 2950 3016 3181 3096; x_wconf 75' lang='grc' dir='ltr'>καριδᾶς.</span> 
     </span>
    </p>

    <p class='ocr_par' dir='ltr' id='par_1_21' title="bbox 2093 3103 3630 3272">
     <span class='ocr_line' id='line_1_88' title="bbox 2171 3103 3630 3184; baseline 0.005 -24"><span class='ocrx_word' id='word_1_700' title='bbox 2171 3104 2311 3175; x_wconf 74' lang='lat'>541,</span> <span class='ocrx_word' id='word_1_701' title='bbox 2346 3123 2420 3161; x_wconf 87' lang='grc'>22</span> <span class='ocrx_word' id='word_1_702' title='bbox 2453 3103 2841 3184; x_wconf 75' lang='grc' dir='ltr'>Προσπαλτίοις</span> <span class='ocrx_word' id='word_1_703' title='bbox 2883 3103 3259 3163; x_wconf 73' lang='lat' dir='ltr'>casaubonus</span> <span class='ocrx_word' id='word_1_704' title='bbox 3299 3106 3372 3162; x_wconf 72' lang='lat' dir='ltr'>nd</span> <span class='ocrx_word' id='word_1_705' title='bbox 3409 3109 3630 3167; x_wconf 81' lang='lat' dir='ltr'><strong>Athen.</strong></span> 
     </span>
     <span class='ocr_line' id='line_1_89' title="bbox 2093 3190 2880 3272; baseline 0 -24"><span class='ocrx_word' id='word_1_706' title='bbox 2093 3215 2148 3266; x_wconf 87' lang='lat'>7,</span> <span class='ocrx_word' id='word_1_707' title='bbox 2182 3210 2275 3249; x_wconf 89' lang='grc'>22.</span> <span class='ocrx_word' id='word_1_708' title='bbox 2303 3190 2728 3272; x_wconf 82' lang='grc' dir='ltr'>Προσπαταλίοις</span> <span class='ocrx_word' id='word_1_709' title='bbox 2750 3190 2880 3251; x_wconf 78' lang='grc' dir='ltr'>ΑΙά.</span> 
     </span>
    </p>

    <p class='ocr_par' dir='ltr' id='par_1_22' title="bbox 2087 3278 3670 5114">
     <span class='ocr_line' id='line_1_90' title="bbox 2174 3278 3640 3360; baseline 0.003 -23"><span class='ocrx_word' id='word_1_710' title='bbox 2174 3279 2320 3353; x_wconf 74' lang='grc'>542,</span> <span class='ocrx_word' id='word_1_711' title='bbox 2361 3292 2432 3349; x_wconf 86' lang='grc'>24</span> <span class='ocrx_word' id='word_1_712' title='bbox 2481 3300 2565 3356; x_wconf 82' lang='lat' dir='ltr'>sq.</span> <span class='ocrx_word' id='word_1_713' title='bbox 2601 3285 2753 3338; x_wconf 80' lang='grc' dir='ltr'>τοῦτο</span> <span class='ocrx_word' id='word_1_714' title='bbox 2781 3282 2855 3343; x_wconf 78' lang='grc' dir='ltr'>εἰς</span> <span class='ocrx_word' id='word_1_715' title='bbox 2882 3299 2996 3339; x_wconf 91' lang='lat' dir='ltr'>om.</span> <span class='ocrx_word' id='word_1_716' title='bbox 3036 3282 3106 3337; x_wconf 83' lang='lat' dir='ltr'><strong>R.</strong></span> <span class='ocrx_word' id='word_1_717' title='bbox 3140 3278 3401 3360; x_wconf 83' lang='grc' dir='ltr'>Σέρμωνα</span> <span class='ocrx_word' id='word_1_718' title='bbox 3431 3287 3505 3342; x_wconf 91' lang='lat' dir='ltr'>V.</span> <span class='ocrx_word' id='word_1_719' title='bbox 3537 3284 3640 3342; x_wconf 86' lang='grc' dir='ltr'>λε’-</span> 
     </span>
     <span class='ocr_line' id='line_1_91' title="bbox 2087 3366 3639 3446; baseline 0.003 -21"><span class='ocrx_word' id='word_1_720' title='bbox 2087 3389 2239 3445; x_wconf 83' lang='grc' dir='ltr'>γουσι</span> <span class='ocrx_word' id='word_1_721' title='bbox 2264 3374 2336 3427; x_wconf 84' lang='lat' dir='ltr'><strong>G.</strong></span> <span class='ocrx_word' id='word_1_722' title='bbox 2361 3370 2473 3427; x_wconf 83' lang='lat' dir='ltr'>Pro</span> <span class='ocrx_word' id='word_1_723' title='bbox 2502 3368 2592 3425; x_wconf 87' lang='lat' dir='ltr'>his</span> <span class='ocrx_word' id='word_1_724' title='bbox 2626 3366 2748 3424; x_wconf 82' lang='lat' dir='ltr'><strong>Ald.</strong></span> <span class='ocrx_word' id='word_1_725' title='bbox 2781 3367 2837 3424; x_wconf 91' lang='lat' dir='ltr'>in</span> <span class='ocrx_word' id='word_1_726' title='bbox 2870 3367 3226 3442; x_wconf 66' lang='lat' dir='ltr'>praecedente</span> <span class='ocrx_word' id='word_1_727' title='bbox 3249 3369 3474 3426; x_wconf 74' lang='lat' dir='ltr'>scholio</span> <span class='ocrx_word' id='word_1_728' title='bbox 3499 3387 3639 3446; x_wconf 80' lang='lat' dir='ltr'>post</span> 
     </span>
     <span class='ocr_line' id='line_1_92' title="bbox 2087 3453 3637 3536; baseline -0.002 -20"><span class='ocrx_word' id='word_1_729' title='bbox 2087 3458 2399 3536; x_wconf 80' lang='grc' dir='ltr'>Ἕρμιππον</span> <span class='ocrx_word' id='word_1_730' title='bbox 2444 3455 2602 3512; x_wconf 76' lang='lat' dir='ltr'>addit</span> <span class='ocrx_word' id='word_1_731' title='bbox 2635 3457 2682 3512; x_wconf 80' lang='grc' dir='ltr'>οἱ</span> <span class='ocrx_word' id='word_1_732' title='bbox 2711 3453 2766 3512; x_wconf 69' lang='grc' dir='ltr'>δί</span> <span class='ocrx_word' id='word_1_733' title='bbox 2804 3454 3087 3534; x_wconf 79' lang='grc' dir='ltr'>Σισέρμιον</span> <span class='ocrx_word' id='word_1_734' title='bbox 3109 3454 3197 3512; x_wconf 79' lang='grc' dir='ltr'>τὸν</span> <span class='ocrx_word' id='word_1_735' title='bbox 3221 3456 3538 3536; x_wconf 72' lang='grc' dir='ltr'>ὑποκριτήν.</span> <span class='ocrx_word' id='word_1_736' title='bbox 3577 3503 3637 3513; x_wconf 82' lang='grc'>.-</span> 
     </span>
     <span class='ocr_line' id='line_1_93' title="bbox 2093 3542 3637 3623; baseline 0.001 -20"><span class='ocrx_word' id='word_1_737' title='bbox 2093 3548 2301 3618; x_wconf 88' lang='grc'>27-34,</span> <span class='ocrx_word' id='word_1_738' title='bbox 2326 3564 2438 3623; x_wconf 77' lang='lat' dir='ltr'>pro</span> <span class='ocrx_word' id='word_1_739' title='bbox 2469 3545 2559 3602; x_wconf 86' lang='lat' dir='ltr'>his</span> <span class='ocrx_word' id='word_1_740' title='bbox 2591 3544 2721 3605; x_wconf 80' lang='lat' dir='ltr'>Aid.</span> <span class='ocrx_word' id='word_1_741' title='bbox 2756 3544 2817 3603; x_wconf 81' lang='grc' dir='ltr'>τὸ</span> <span class='ocrx_word' id='word_1_742' title='bbox 2839 3545 2894 3603; x_wconf 66' lang='grc' dir='ltr'>δὲ</span> <span class='ocrx_word' id='word_1_743' title='bbox 2920 3543 3200 3623; x_wconf 75' lang='grc' dir='ltr'>ἀφανίζων,</span> <span class='ocrx_word' id='word_1_744' title='bbox 3235 3542 3270 3602; x_wconf 80' lang='grc'><strong><em>8</em></strong></span> <span class='ocrx_word' id='word_1_745' title='bbox 3292 3543 3433 3602; x_wconf 80' lang='grc' dir='ltr'>ἔστιν</span> <span class='ocrx_word' id='word_1_746' title='bbox 3466 3547 3637 3604; x_wconf 68' lang='grc' dir='ltr'>ἕκτο-</span> 
     </span>
     <span class='ocr_line' id='line_1_94' title="bbox 2089 3622 3644 3712; baseline -0.001 -20"><span class='ocrx_word' id='word_1_747' title='bbox 2089 3632 2249 3699; x_wconf 89' lang='grc' dir='ltr'>πίσας</span> <span class='ocrx_word' id='word_1_748' title='bbox 2264 3677 2280 3703; x_wconf 98' lang='grc'>,</span> <span class='ocrx_word' id='word_1_749' title='bbox 2315 3632 2407 3690; x_wconf 79' lang='grc' dir='ltr'>καὶ</span> <span class='ocrx_word' id='word_1_750' title='bbox 2431 3629 2712 3712; x_wconf 75' lang='grc' dir='ltr'>ἀποφυγὼν</span> <span class='ocrx_word' id='word_1_751' title='bbox 2741 3630 2808 3690; x_wconf 78' lang='grc' dir='ltr'>τὰ</span> <span class='ocrx_word' id='word_1_752' title='bbox 2841 3631 3141 3708; x_wconf 80' lang='grc' dir='ltr'>σκώμματα</span> <span class='ocrx_word' id='word_1_753' title='bbox 3160 3678 3176 3704; x_wconf 89' lang='grc'>,</span> <span class='ocrx_word' id='word_1_754' title='bbox 3201 3632 3268 3690; x_wconf 83' lang='grc' dir='ltr'>δι’</span> <span class='ocrx_word' id='word_1_755' title='bbox 3289 3622 3364 3690; x_wconf 66' lang='grc' dir='ltr'>ὧν</span> <span class='ocrx_word' id='word_1_756' title='bbox 3389 3631 3500 3690; x_wconf 67' lang='grc' dir='ltr'>ἔδει</span> <span class='ocrx_word' id='word_1_757' title='bbox 3527 3658 3644 3691; x_wconf 76' lang='grc' dir='ltr'>σω-</span> 
     </span>
     <span class='ocr_line' id='line_1_95' title="bbox 2090 3717 3640 3800; baseline 0.001 -23"><span class='ocrx_word' id='word_1_758' title='bbox 2090 3720 2341 3800; x_wconf 81' lang='grc' dir='ltr'>φρονίζειν</span> <span class='ocrx_word' id='word_1_759' title='bbox 2368 3717 2488 3785; x_wconf 70' lang='grc' dir='ltr'>τοὺς</span> <span class='ocrx_word' id='word_1_760' title='bbox 2516 3723 2692 3787; x_wconf 79' lang='grc' dir='ltr'>κακῶς</span> <span class='ocrx_word' id='word_1_761' title='bbox 2712 3719 3064 3800; x_wconf 84' lang='grc' dir='ltr'>πράττοντας·</span> <span class='ocrx_word' id='word_1_762' title='bbox 3087 3718 3231 3785; x_wconf 74' lang='grc' dir='ltr'>ἐκτὸς</span> <span class='ocrx_word' id='word_1_763' title='bbox 3247 3722 3435 3778; x_wconf 72' lang='grc' dir='ltr'>ἑαυτοῦ</span> <span class='ocrx_word' id='word_1_764' title='bbox 3457 3725 3640 3782; x_wconf 72' lang='grc' dir='ltr'>ποιῶν</span> 
     </span>
     <span class='ocr_line' id='line_1_96' title="bbox 2089 3804 3642 3891; baseline 0 -26"><span class='ocrx_word' id='word_1_765' title='bbox 2089 3805 2156 3865; x_wconf 75' lang='grc' dir='ltr'>τὰ</span> <span class='ocrx_word' id='word_1_766' title='bbox 2185 3806 2392 3886; x_wconf 73' lang='grc' dir='ltr'>πονηρὰ</span> <span class='ocrx_word' id='word_1_767' title='bbox 2417 3804 2749 3884; x_wconf 87' lang='grc' dir='ltr'>σκώμματα,</span> <span class='ocrx_word' id='word_1_768' title='bbox 2777 3804 2813 3877; x_wconf 70' lang='grc' dir='ltr'>ἢ</span> <span class='ocrx_word' id='word_1_769' title='bbox 2831 3806 2894 3865; x_wconf 80' lang='grc' dir='ltr'>τὸ</span> <span class='ocrx_word' id='word_1_770' title='bbox 2921 3808 3204 3888; x_wconf 78' lang='grc' dir='ltr'>ἀφανίζων,</span> <span class='ocrx_word' id='word_1_771' title='bbox 3231 3807 3345 3867; x_wconf 72' lang='grc' dir='ltr'>ἀντὶ</span> <span class='ocrx_word' id='word_1_772' title='bbox 3369 3812 3465 3866; x_wconf 71' lang='grc' dir='ltr'>τοῦ</span> <span class='ocrx_word' id='word_1_773' title='bbox 3487 3812 3642 3891; x_wconf 66' lang='grc' dir='ltr'>ἄφα-</span> 
     </span>
     <span class='ocr_line' id='line_1_97' title="bbox 2089 3892 3642 3976; baseline 0.001 -24"><span class='ocrx_word' id='word_1_774' title='bbox 2089 3902 2192 3961; x_wconf 85' lang='grc' dir='ltr'>νεῖς</span> <span class='ocrx_word' id='word_1_775' title='bbox 2234 3897 2399 3953; x_wconf 82' lang='grc' dir='ltr'>ποιῶν</span> <span class='ocrx_word' id='word_1_776' title='bbox 2418 3940 2433 3966; x_wconf 91' lang='grc'>,</span> <span class='ocrx_word' id='word_1_777' title='bbox 2461 3892 2704 3952; x_wconf 75' lang='grc' dir='ltr'>τουτέστι</span> <span class='ocrx_word' id='word_1_778' title='bbox 2748 3896 3148 3975; x_wconf 84' lang='grc' dir='ltr'>περικαλύπτων</span> <span class='ocrx_word' id='word_1_779' title='bbox 3189 3897 3268 3976; x_wconf 73' lang='grc' dir='ltr'>τῷ</span> <span class='ocrx_word' id='word_1_780' title='bbox 3302 3896 3507 3972; x_wconf 61' lang='grc' dir='ltr'>γέλωτι</span> <span class='ocrx_word' id='word_1_781' title='bbox 3543 3897 3642 3963; x_wconf 66' lang='grc' dir='ltr'>τὰς</span> 
     </span>
     <span class='ocr_line' id='line_1_98' title="bbox 2090 3979 3646 4061; baseline 0.001 -20"><span class='ocrx_word' id='word_1_782' title='bbox 2090 3984 2207 4052; x_wconf 76' lang='grc' dir='ltr'>εἰκῆ</span> <span class='ocrx_word' id='word_1_783' title='bbox 2236 3979 2612 4058; x_wconf 82' lang='grc' dir='ltr'>διεσκεμμένας</span> <span class='ocrx_word' id='word_1_784' title='bbox 2647 3982 2806 4038; x_wconf 80' lang='grc' dir='ltr'>αὐτοῦ</span> <span class='ocrx_word' id='word_1_785' title='bbox 2828 3982 3110 4061; x_wconf 81' lang='grc' dir='ltr'>κωμῳδίας</span> <span class='ocrx_word' id='word_1_786' title='bbox 3142 3981 3231 4041; x_wconf 75' lang='grc' dir='ltr'>καὶ</span> <span class='ocrx_word' id='word_1_787' title='bbox 3263 3985 3490 4049; x_wconf 74' lang='grc' dir='ltr'>εὗτελῖὅς</span> <span class='ocrx_word' id='word_1_788' title='bbox 3534 4008 3646 4043; x_wconf 81' lang='grc' dir='ltr'>πε-</span> 
     </span>
     <span class='ocr_line' id='line_1_99' title="bbox 2090 4068 3651 4148; baseline 0.001 -20"><span class='ocrx_word' id='word_1_789' title='bbox 2090 4068 2490 4146; x_wconf 83' lang='grc' dir='ltr'>πλασμένας.-</span> <span class='ocrx_word' id='word_1_790' title='bbox 2515 4071 2776 4142; x_wconf 73' lang='grc'>27-30111</span> <span class='ocrx_word' id='word_1_791' title='bbox 2791 4074 2859 4126; x_wconf 92' lang='grc' dir='ltr'>Β.</span> <span class='ocrx_word' id='word_1_792' title='bbox 2881 4069 3104 4127; x_wconf 73' lang='lat' dir='ltr'>scholio</span> <span class='ocrx_word' id='word_1_793' title='bbox 3127 4070 3477 4148; x_wconf 64' lang='lat' dir='ltr'>praecedenti</span> <span class='ocrx_word' id='word_1_794' title='bbox 3501 4086 3651 4130; x_wconf 79' lang='lat' dir='ltr'>sunt</span> 
     </span>
     <span class='ocr_line' id='line_1_100' title="bbox 2091 4156 3648 4236; baseline 0.003 -23"><span class='ocrx_word' id='word_1_795' title='bbox 2091 4156 2420 4234; x_wconf 68' lang='lat' dir='ltr'>praeposita.</span> <span class='ocrx_word' id='word_1_796' title='bbox 2445 4203 2506 4213; x_wconf 84' lang='lat'><strong>.-</strong></span> <span class='ocrx_word' id='word_1_797' title='bbox 2535 4157 2723 4222; x_wconf 79' lang='grc'>34-38</span> <span class='ocrx_word' id='word_1_798' title='bbox 2756 4158 3092 4215; x_wconf 79' lang='lat' dir='ltr'>recentioris</span> <span class='ocrx_word' id='word_1_799' title='bbox 3119 4159 3488 4236; x_wconf 79' lang='lat' dir='ltr'>grammatici</span> <span class='ocrx_word' id='word_1_800' title='bbox 3523 4181 3648 4217; x_wconf 75' lang='lat' dir='ltr'>an-</span> 
     </span>
     <span class='ocr_line' id='line_1_101' title="bbox 2091 4244 3652 4324; baseline 0 -22"><span class='ocrx_word' id='word_1_801' title='bbox 2091 4244 2346 4315; x_wconf 76' lang='lat' dir='ltr'>notatio,</span> <span class='ocrx_word' id='word_1_802' title='bbox 2395 4262 2511 4300; x_wconf 88' lang='lat' dir='ltr'>non</span> <span class='ocrx_word' id='word_1_803' title='bbox 2567 4244 2871 4320; x_wconf 77' lang='lat' dir='ltr'>cogitantis</span> <span class='ocrx_word' id='word_1_804' title='bbox 2914 4245 3312 4318; x_wconf 54' lang='lat' dir='ltr'>Misisti-atam,</span> <span class='ocrx_word' id='word_1_805' title='bbox 3385 4250 3652 4324; x_wconf 56' lang='lat' dir='ltr'>vespas,</span> 
     </span>
     <span class='ocr_line' id='line_1_102' title="bbox 2093 4332 3653 4409; baseline 0.003 -18"><span class='ocrx_word' id='word_1_806' title='bbox 2093 4338 2293 4391; x_wconf 77' lang='lat' dir='ltr'>Pacem</span> <span class='ocrx_word' id='word_1_807' title='bbox 2314 4376 2330 4402; x_wconf 91' lang='lat'>‚</span> <span class='ocrx_word' id='word_1_808' title='bbox 2369 4338 2523 4389; x_wconf 75' lang='lat' dir='ltr'>Aves</span> <span class='ocrx_word' id='word_1_809' title='bbox 2558 4333 2908 4409; x_wconf 78' lang='lat' dir='ltr'>posteriores</span> <span class='ocrx_word' id='word_1_810' title='bbox 2935 4332 3201 4391; x_wconf 79' lang='lat' dir='ltr'>Nubibus</span> <span class='ocrx_word' id='word_1_811' title='bbox 3228 4334 3454 4392; x_wconf 75' lang='lat' dir='ltr'>fabulas</span> <span class='ocrx_word' id='word_1_812' title='bbox 3491 4358 3653 4395; x_wconf 82' lang='lat' dir='ltr'>esse.</span> 
     </span>
     <span class='ocr_line' id='line_1_103' title="bbox 2095 4418 3649 4501; baseline 0.005 -25"><span class='ocrx_word' id='word_1_813' title='bbox 2095 4430 2188 4491; x_wconf 88' lang='grc'>40,</span> <span class='ocrx_word' id='word_1_814' title='bbox 2226 4430 2294 4490; x_wconf 90' lang='grc'>41</span> <span class='ocrx_word' id='word_1_815' title='bbox 2333 4418 2651 4501; x_wconf 79' lang='grc' dir='ltr'>Σιμέρμνων</span> <span class='ocrx_word' id='word_1_816' title='bbox 2684 4463 2744 4473; x_wconf 89' lang='grc'><strong>-</strong></span> <span class='ocrx_word' id='word_1_817' title='bbox 2784 4418 3074 4500; x_wconf 81' lang='grc' dir='ltr'>Σιμέρμνω</span> <span class='ocrx_word' id='word_1_818' title='bbox 3112 4423 3312 4480; x_wconf 79' lang='lat' dir='ltr'>codex.</span> <span class='ocrx_word' id='word_1_819' title='bbox 3362 4423 3649 4501; x_wconf 71' lang='lat' dir='ltr'>Simplex</span> 
     </span>
     <span class='ocr_line' id='line_1_104' title="bbox 2093 4504 3657 4588; baseline 0.003 -24"><span class='ocrx_word' id='word_1_820' title='bbox 2093 4508 2393 4566; x_wconf 80' lang='lat' dir='ltr'>histrionis</span> <span class='ocrx_word' id='word_1_821' title='bbox 2417 4528 2630 4565; x_wconf 75' lang='lat' dir='ltr'>nomen</span> <span class='ocrx_word' id='word_1_822' title='bbox 2661 4504 2887 4588; x_wconf 77' lang='grc' dir='ltr'>Ἕρμων</span> <span class='ocrx_word' id='word_1_823' title='bbox 2917 4510 3058 4585; x_wconf 80' lang='lat' dir='ltr'>suit,</span> <span class='ocrx_word' id='word_1_824' title='bbox 3100 4522 3164 4566; x_wconf 84' lang='lat' dir='ltr'>nt</span> <span class='ocrx_word' id='word_1_825' title='bbox 3191 4512 3250 4567; x_wconf 86' lang='lat' dir='ltr'>in</span> <span class='ocrx_word' id='word_1_826' title='bbox 3279 4510 3515 4568; x_wconf 82' lang='lat' dir='ltr'>scholio</span> <span class='ocrx_word' id='word_1_827' title='bbox 3542 4534 3657 4569; x_wconf 84' lang='lat' dir='ltr'>eo·</span> 
     </span>
     <span class='ocr_line' id='line_1_105' title="bbox 2090 4590 3662 4675; baseline 0.003 -23"><span class='ocrx_word' id='word_1_828' title='bbox 2090 4595 2282 4653; x_wconf 86' lang='lat' dir='ltr'>dicum</span> <span class='ocrx_word' id='word_1_829' title='bbox 2321 4600 2388 4653; x_wconf 90' lang='lat' dir='ltr'><strong>R.</strong></span> <span class='ocrx_word' id='word_1_830' title='bbox 2426 4601 2497 4652; x_wconf 90' lang='lat' dir='ltr'>V.</span> <span class='ocrx_word' id='word_1_831' title='bbox 2529 4595 2829 4667; x_wconf 71' lang='lat' dir='ltr'>scribitur,</span> <span class='ocrx_word' id='word_1_832' title='bbox 2871 4590 3259 4674; x_wconf 72' lang='lat' dir='ltr'>compositum</span> <span class='ocrx_word' id='word_1_833' title='bbox 3294 4616 3428 4653; x_wconf 83' lang='lat' dir='ltr'>eum</span> <span class='ocrx_word' id='word_1_834' title='bbox 3468 4599 3662 4675; x_wconf 81' lang='grc' dir='ltr'>Σῖμος</span> 
     </span>
     <span class='ocr_line' id='line_1_106' title="bbox 2092 4680 3660 4762; baseline 0.003 -23"><span class='ocrx_word' id='word_1_835' title='bbox 2092 4694 2284 4740; x_wconf 79' lang='lat' dir='ltr'>autem</span> <span class='ocrx_word' id='word_1_836' title='bbox 2319 4680 2607 4762; x_wconf 82' lang='grc' dir='ltr'>Σιμέρμων</span> <span class='ocrx_word' id='word_1_837' title='bbox 2636 4682 2763 4740; x_wconf 82' lang='lat' dir='ltr'>snit.</span> <span class='ocrx_word' id='word_1_838' title='bbox 2794 4684 2852 4741; x_wconf 91' lang='lat' dir='ltr'>Si</span> <span class='ocrx_word' id='word_1_839' title='bbox 2876 4696 3169 4741; x_wconf 82' lang='lat' dir='ltr'>constaret</span> <span class='ocrx_word' id='word_1_840' title='bbox 3190 4684 3437 4761; x_wconf 78' lang='lat' dir='ltr'>scriptas</span> <span class='ocrx_word' id='word_1_841' title='bbox 3466 4686 3548 4742; x_wconf 76' lang='lat' dir='ltr'>ab</span> <span class='ocrx_word' id='word_1_842' title='bbox 3575 4709 3660 4744; x_wconf 76' lang='lat' dir='ltr'>eo</span> 
     </span>
     <span class='ocr_line' id='line_1_107' title="bbox 2093 4770 3665 4849; baseline 0.004 -22"><span class='ocrx_word' id='word_1_843' title='bbox 2093 4770 2399 4828; x_wconf 77' lang='lat' dir='ltr'>comoedias</span> <span class='ocrx_word' id='word_1_844' title='bbox 2434 4772 2640 4842; x_wconf 79' lang='lat' dir='ltr'>fuisse,</span> <span class='ocrx_word' id='word_1_845' title='bbox 2687 4773 2844 4849; x_wconf 83' lang='lat' dir='ltr'>qnod</span> <span class='ocrx_word' id='word_1_846' title='bbox 2875 4792 2944 4831; x_wconf 80' lang='lat' dir='ltr'>ex</span> <span class='ocrx_word' id='word_1_847' title='bbox 2989 4771 3180 4830; x_wconf 83' lang='lat' dir='ltr'>verbis</span> <span class='ocrx_word' id='word_1_848' title='bbox 3222 4773 3665 4848; x_wconf 75' lang='lat' dir='ltr'>Aristophanis</span> 
     </span>
     <span class='ocr_line' id='line_1_108' title="bbox 2094 4858 3662 4938; baseline 0.003 -24"><span class='ocrx_word' id='word_1_849' title='bbox 2094 4871 2307 4916; x_wconf 83' lang='lat' dir='ltr'>temere</span> <span class='ocrx_word' id='word_1_850' title='bbox 2337 4860 2568 4935; x_wconf 71' lang='lat' dir='ltr'>collegit</span> <span class='ocrx_word' id='word_1_851' title='bbox 2605 4860 2908 4917; x_wconf 74' lang='lat' dir='ltr'>schoiiasta</span> <span class='ocrx_word' id='word_1_852' title='bbox 2949 4858 3164 4916; x_wconf 84' lang='lat' dir='ltr'>codicis</span> <span class='ocrx_word' id='word_1_853' title='bbox 3191 4859 3662 4938; x_wconf 73' lang='lat' dir='ltr'>cantabrigien-</span> 
     </span>
     <span class='ocr_line' id='line_1_109' title="bbox 2094 4946 3666 5024; baseline 0.003 -19"><span class='ocrx_word' id='word_1_854' title='bbox 2094 4948 2192 5019; x_wconf 83' lang='lat' dir='ltr'>sis,</span> <span class='ocrx_word' id='word_1_855' title='bbox 2222 4966 2434 5005; x_wconf 85' lang='lat' dir='ltr'>nomen</span> <span class='ocrx_word' id='word_1_856' title='bbox 2459 4946 2583 5023; x_wconf 87' lang='lat' dir='ltr'>ejus</span> <span class='ocrx_word' id='word_1_857' title='bbox 2613 4947 3026 5006; x_wconf 81' lang='lat' dir='ltr'>restituendum</span> <span class='ocrx_word' id='word_1_858' title='bbox 3058 4948 3208 5004; x_wconf 80' lang='lat' dir='ltr'>foret</span> <span class='ocrx_word' id='word_1_859' title='bbox 3231 4949 3666 5024; x_wconf 78' lang='lat' dir='ltr'>Epimerismis</span> 
     </span>
     <span class='ocr_line' id='line_1_110' title="bbox 2093 5034 3670 5114; baseline 0.001 -20"><span class='ocrx_word' id='word_1_860' title='bbox 2093 5036 2413 5094; x_wconf 76' lang='lat' dir='ltr'>Homericis</span> <span class='ocrx_word' id='word_1_861' title='bbox 2439 5036 2496 5092; x_wconf 89' lang='lat' dir='ltr'>in</span> <span class='ocrx_word' id='word_1_862' title='bbox 2515 5036 2770 5093; x_wconf 78' lang='lat' dir='ltr'>Crameri</span> <span class='ocrx_word' id='word_1_863' title='bbox 2789 5034 3097 5094; x_wconf 79' lang='lat' dir='ltr'>Aneedotis</span> <span class='ocrx_word' id='word_1_864' title='bbox 3115 5035 3232 5094; x_wconf 77' lang='lat' dir='ltr'><strong>vol.</strong></span> <span class='ocrx_word' id='word_1_865' title='bbox 3261 5056 3307 5108; x_wconf 83' lang='lat'>1,</span> <span class='ocrx_word' id='word_1_866' title='bbox 3335 5056 3396 5114; x_wconf 83' lang='lat' dir='ltr'><strong>p.</strong></span> <span class='ocrx_word' id='word_1_867' title='bbox 3419 5057 3568 5109; x_wconf 84' lang='grc'>102,</span> <span class='ocrx_word' id='word_1_868' title='bbox 3597 5044 3670 5098; x_wconf 85' lang='grc'>8.</span> 
     </span>
    </p>
   </div>
   <div class='ocr_carea' id='block_1_5' title="bbox 3811 2016 3815 2706">
    <p class='ocr_par' dir='ltr' id='par_1_23' title="bbox 3811 2016 3815 2706">
     <span class='ocr_line' id='line_1_111' title="bbox 3811 2016 3815 2706; baseline 0 0"><span class='ocrx_word' id='word_1_869' title='bbox 3811 2016 3815 2706; x_wconf 95' lang='lat' dir='ltr'> </span> 
     </span>
    </p>
   </div>
  </div>
 </body>
</html>
