3859 5725
443 263 558 318 564
1626 251 2078 314 ADNOTATIO
2123 249 2199 311 IN
2245 253 2510 313 SCHOL.

438 393 559 449 σθαι
588 389 653 448 V.
681 409 805 448 sme
833 394 927 472 τῷ.
958 392 1031 469 τῷ
1055 390 1109 446 λ.
1147 394 1237 447 τοῦ
1270 389 1375 447 ὧοῦ
1421 386 1692 446 κεύθεσθαι
1720 389 1793 446 Θ.
1822 383 1972 445 λέκι-
2061 381 2160 454 τὴν
2185 387 2283 462 γῆν
2307 386 2378 445 Θ.
2404 385 2535 445 ΑΜ.
2560 384 2738 464 ὃσημ.
2768 411 2817 445 τ.
2847 391 2947 465 γῆν
2975 408 3094 446 om.
3122 389 3343 448 Suidas
3377 410 3434 448 s.
3463 390 3652 472 Ἔρη-

437 480 523 543 θος
547 467 678 544 εἶδος
702 483 768 536 R.
797 517 854 528 -
894 481 961 538 5ι
993 477 1145 544 πίσος
1175 483 1245 536 R.
1290 484 1441 541 πῖσος
1461 480 1522 530 V.
1559 476 1630 534 Θ.
1659 472 1813 533 πίσον
1845 471 1969 529 Ald.
2063 494 2179 549 μος.
2213 475 2524 550 Sequentia
2552 496 2666 534 om.
2687 476 2862 533 etiam
2890 476 2987 549 Θ.,
3022 501 3046 526 α
3069 477 3291 554 quibus
3331 498 3470 537 non
3511 480 3650 539 dis-

436 574 622 631 πισσὸς
643 565 847 624 suidas
872 589 914 624 s,
944 564 1178 631 Λέκιθος.
1204 570 1340 621 Post
1368 562 1521 622 πίσον
1542 562 1706 622 addit
1733 560 1862 618 Ald.
1891 556 1972 617 ὅτι
2063 559 2274 617 similia
2299 561 2475 618 tradit
2509 562 2717 621 Thom.
2749 569 2899 641 Mag.
2923 564 2980 620 in
3008 563 3195 624 Ὅτι-οι.
3224 593 3252 618 ιι
3285 572 3533 626 Hemst.
3560 602 3646 615 --

436 651 491 707 ἰν
526 654 672 734 Πίσα
703 657 798 725 τῆς
824 649 1042 720 ’Ἤλιδος
1083 650 1390 732 κατακόρως
1434 650 1638 733 φύεται.
1673 650 1760 708 lb.
1803 646 1889 706 διὰ
1911 645 1972 705 τὸ

2063 645 2135 705 35
2160 667 2243 725 sq.
2267 646 2540 729 γράφεται.
2569 649 2656 707 ἐπὶ
2686 646 2742 707 δὲ
2767 649 3001 716 στάσεως
3021 649 3110 709 διὰ
3139 657 3230 710 τοῦ
3252 676 3312 726 η.
3339 655 3448 712 καὶ
3471 659 3644 713 τοῦτο

434 728 572 797 εἶναι
594 740 814 800 λεκίθων
846 744 935 823 ὠῷ
974 740 1161 819 ὁμοίαν
1191 745 1262 798 V.
1288 775 1348 789 -
1398 739 1469 796 52
1502 734 1864 817 ὀσπρεόπωλιν
1898 739 1968 792 R.
2060 731 2217 803 δῆλον
2243 735 2304 791 ἐκ
2331 738 2474 811 Reg.

434 888 505 947 Θ.
554 889 704 960 δηλοῖ
743 910 857 952 om.
906 896 997 963 V.‚
1028 892 1130 969 qui
1166 891 1237 955 ὣς
1278 887 1366 945 καὶ
1411 888 1465 945 ἐν
1510 840 1880 966 Λυσιστράτξ).
1898 887 1966 944 G.

434 976 807 1059 Λυσιστράτῳ.
831 1017 895 1029 -—
924 981 995 1039 53
1029 976 1290 1058 κέχρηται
1320 978 1387 1053 τῇ
1410 974 1545 1042 λέξει
1575 973 1772 1032 addita
1795 995 1868 1033 ex
1897 980 1962 1030 R.

432 1095 498 1113 -·
518 1065 591 1133 54
617 1063 681 1137 νὴ
707 1063 794 1125 τὸν
816 1066 897 1126 Δί’
919 1066 1070 1126 libri.
1096 1101 1155 1114 —
1184 1088 1202 1121 ι
1230 1063 1319 1123 τὸν
1346 1083 1462 1120 om.
1493 1064 1585 1132 Θ.,
1615 1063 1715 1138 qui
1740 1059 1859 1139 ἐμὸ.
1880 1060 1968 1119 τὸν

432 1151 669 1211 λέκυθον.
694 1189 758 1203 -
780 1162 811 1221 4
841 1152 1195 1236 ὀσπριόπωλιν
1234 1155 1296 1210 in
1322 1157 1503 1209 Dorv.
1537 1151 1614 1207 ita
1646 1150 1925 1228 scriptum
1948 1193 1965 1221 ‚

433 1251 499 1298 ut
531 1240 857 1300 discernere
887 1263 1004 1301 non
1048 1243 1218 1299 liceat
1243 1253 1437 1299 utrum
1467 1240 1822 1319 ὀσπριοπῶλις
1863 1239 1966 1311 sit,

431 1348 507 1388 an
536 1329 806 1388 mendose
834 1332 1276 1423 ὀσπριοπῶλησαν
1304 1349 1413 1407 pro
1433 1325 1966 1407 ὀσπριοπωλήσασαν.

431 1421 652 1476 Hans-r.
678 1419 915 1476 πωλῶσα
944 1418 1149 1478 codex.

518 1516 653 1581 429,
690 1527 712 1564 1
733 1527 752 1564 ι
780 1504 966 1584 λέγεις·
995 1506 1106 1565 ἐστὶ
1128 1503 1183 1563 δὲ
1207 1508 1360 1564 τοῦτο
1379 1509 1560 1563 Dorv.
1584 1539 1649 1552 -
1680 1522 1748 1562 12
1767 1499 1965 1580 λέγετε,

434 1591 516 1653 ὅτι
546 1595 889 1653 Schaeserus.
914 1591 1126 1674 λέγεται
1148 1638 1165 1668 ,
1194 1591 1323 1671 ὅπερ
1348 1593 1550 1651 codex.

514 1681 655 1759 431,
692 1703 764 1758 ¹9
788 1680 1278 1743 ὅπου-ἐνέὸαλλον
1307 1685 1402 1753 V.,
1432 1680 1533 1756 qui
1565 1699 1639 1737 20
1661 1675 1828 1756 τούτῳ
1852 1698 1964 1735 om.

433 1768 638 1848 ἀγκίνοι
666 1772 739 1830 Θ.
775 1768 976 1845 ὄγκινοι
1001 1768 1211 1830 Suidas
1243 1789 1288 1825 s.
1320 1766 1610 1848 Βάραθρον.
1636 1807 1697 1818 -
1727 1785 1794 1821 2ι
1841 1786 1965 1843 sqq.

433 1858 565 1916 vide
592 1859 664 1916 de
693 1859 800 1916 hac
829 1858 1023 1916 sabula
1044 1856 1294 1916 Lobeck.
1326 1854 1606 1931 Aglaoph.
1639 1874 1695 1931 p.
1731 1852 1863 1928 659.
1889 1886 1969 1897 --

434 1967 509 2004 22
534 1944 780 2005 ἐνίὸαλον
803 1947 973 2004 etiam
1000 1944 1221 2004 suidas,
1242 1940 1521 2002 ἐνέὸαλλον
1545 1944 1615 2002 Θ.
1642 1942 1766 2000 Ald.
1792 1941 1967 2019 ἔλεγεν

435 2037 504 2096 Θ.
535 2071 599 2084 -
631 2036 703 2091 23
729 2039 764 2106 ἠ
794 2034 973 2115 μήτηρ
1004 2037 1073 2093 Θ.
1100 2031 1308 2090 Md.-
1337 2041 1406 2098 24
1435 2031 1526 2089 καὶ
1556 2029 1746 2097 πάντες
1769 2029 1864 2101 τὴν
1894 2032 1966 2090 Θ.

434 2157 496 2172 -—
527 2122 602 2179 26
631 2119 733 2180 θεὼ
751 2124 824 2183 Θ.
856 2119 976 2180 θεὰν
1010 2124 1081 2180 V.
1110 2114 1267 2178 ἵλεων
1313 2116 1456 2193 (ῑλέω
1480 2118 1577 2197 Θ.)
1616 2125 1730 2185 ταῖς
1768 2116 1969 2185 θυσίαις

517 2311 630 2378 432
661 2307 870 2389 πρέπει.
905 2306 1065 2383 ἤγουν
1095 2304 1368 2382 συντόμως
1394 2305 1466 2365 Θ.

517 2408 670 2477 435,
717 2408 787 2473 34
832 2403 963 2483 γυνὴ
1004 2409 1184 2461 Dorv.
1220 2403 1395 2461 Paris.
1439 2406 1580 2477 Reg.
1620 2400 1769 2472 δηλοῖ
1808 2407 1967 2462 Junt.

435 2495 617 2553 δολοῦν
632 2494 806 2554 Paris.
826 2493 845 2570 (
862 2519 884 2544 c«
905 2492 1036 2550 Vid.
1057 2491 1261 2550 Suidas
1283 2511 1333 2547 v.
1358 2486 1657 2555 Ἀπώλεσας
1675 2487 1761 2547 τὸν
1771 2479 1928 2549 οἶνον.
1946 2517 1969 2543 υ

430 2588 598 2640 Βιετ.
625 2594 772 2638 nott.
797 2579 953 2656 mss..)
976 2579 1166 2650 δηλοῦν
1194 2582 1376 2637 Dorv.
1395 2577 1576 2634 τελοῦν
1597 2581 1736 2653 Reg.
1768 2582 1801 2635 J
1810 2592 1929 2636 unt.

518 2670 631 2738 436
662 2673 732 2727 V.
761 2668 968 2745 incipit
999 2665 1072 2724 ab
1101 2664 1216 2736 ἥτις
1236 2708 1253 2737 ,
1280 2678 1341 2722 et
1366 2677 1502 2744 post
1524 2661 1799 2742 ἡμίξεστον
1828 2666 1863 2723 1.
1894 2666 1968 2735 45

432 2757 629 2836 ponit,
653 2755 871 2824 Ἄλλως.
897 2759 933 2826 ἦ
968 2751 1418 2837 παρακλέπτουσά
1454 2775 1521 2830 με
1546 2760 1659 2817 ταῖς
1704 2751 1966 2820 κοτύλαις.

433 2883 498 2898 -
534 2856 599 2917 [0¹
638 2843 766 2927 φησὶ
796 2866 911 2903 orn.
938 2850 1012 2904 V.
1061 2847 1487 2926 μικρομετροῦσα
1510 2843 1581 2903 Θ.
1624 2841 1755 2901 Ald.
1793 2840 1970 2910 κοντός

435 2936 775 2995 recentioris
801 2934 1125 2992 Graecitatis
1162 2931 1516 2989 vocabulum
1558 2943 1646 2988 est
1685 2931 1896 2988 brevem
1923 2952 1967 2990 s.

431 3044 663 3103 parvum
694 3021 1039 3100 significans.
1068 3056 1132 3070 -
1159 3030 1231 3090 42
1256 3028 1373 3085 ταῖς
1406 3026 1745 3100 μεταφοραῖς.
1786 3020 1970 3078 Intel-

438 3116 551 3192 ligo
594 3130 995 3171 mensurarum
1036 3108 1311 3168 subdolas
1356 3109 1789 3168 immutationes
1828 3110 1971 3167 :ina

434 3220 702 3280 caupona
726 3270 733 3275 ι
758 3197 1189 3274 Blepsidemum
1241 3198 1524 3255 minorem
1579 3215 1690 3274 pro
1752 3195 1970 3273 majore

435 3309 700 3347 mensura
721 3286 1083 3363 subjiciendo
1099 3285 1423 3362 deceperat.
1448 3287 1672 3342 Heus‘r.
1698 3281 1972 3356 ἢ-δίδω-

436 3399 519 3439 σιν
551 3396 665 3435 om.
693 3376 865 3433 etiam
894 3376 966 3436 Θ.
995 3411 1060 3424 --
1088 3374 1160 3443 43
1204 3369 1552 3445 πεποιηκότος
1589 3376 1662 3433 V.
1691 3376 1760 3435 Θ.
1790 3408 1846 3421 -
1895 3383 1971 3451 49

436 3474 672 3544 praestat
710 3461 1113 3542 καρτερούλαις,
1154 3460 1310 3538 quod
1348 3480 1423 3518 ex
1465 3460 1662 3519 codice
1711 3465 1971 3523 Parisino

436 3555 681 3635 protulit
708 3553 1077 3628 DucangiuS,
1120 3552 1257 3609 licet
1286 3553 1639 3630 καρτελοῦραν
1677 3573 1748 3610 ex
1788 3556 1968 3613 Nice-

437 3645 626 3724 phoro
646 3639 982 3715 Blemmyda
1003 3637 1310 3696 addiderit.
1338 3637 1491 3695 Vide
1511 3639 1658 3697 infra
1684 3641 1757 3699 ad
1777 3662 1831 3699 v.
1855 3643 1966 3715 737

436 3736 497 3791 in
522 3732 652 3789 fine.
679 3728 1005 3787 Dium-52
1031 3725 1202 3805 ἰσχίον
1227 3726 1548 3784 schaeserus
1568 3728 1779 3785 collato
1796 3733 1970 3789 Hom.

436 3822 508 3880 ΙΙ.
544 3823 611 3892 Ε,
646 3816 782 3876 305.
818 3814 1006 3894 ἰσχύον
1032 3817 1211 3875 Paris».

522 3908 658 3979 438,
692 3907 724 3964 3
752 3903 789 3977 ἢ
820 3909 883 3963 V.
911 3905 983 3964 Θ.
1013 3902 1132 3975 ἤτοι
1155 3902 1283 3962 Ald.
1308 3922 1424 3963 om.
1454 3907 1527 3966 R.
1555 3936 1619 3948 --
1648 3904 1685 3961 6
1713 3902 1793 3962 ὅτι
1815 3908 1850 3976 ἢ
1879 3927 1972 3964 πε-

436 3998 524 4057 νία
570 3993 709 4053 ἐστὶν
732 4037 749 4068 ,
794 3989 1023 4058 ἀκούσας
1058 3995 1087 4049 ὁ
1122 3993 1218 4051 Βλ.
1263 3988 1447 4071 ἔφευγε
1490 3996 1671 4049 Dorv.

521 4091 640 4152 440
665 4081 971 4139 om.etiam
992 4080 1216 4139 e.-16
1242 4078 1358 4137 ἀντὶ
1385 4083 1478 4137 τοῦ
1506 4078 1615 4138 οὐδ.
1644 4084 1712 4136 V.
1740 4099 1858 4138 om.
1888 4087 1962 4140 G.

524 4180 659 4242 442,
690 4170 760 4227 18
786 4169 887 4227 Ἔν
914 4191 1019 4227 τινι
1042 4164 1240 4248 τρόπῳ.
1265 4167 1566 4226 Glossator
1585 4165 1815 4226 videtur
1836 4183 1972 4229 ante

440 4265 638 4324 oculos
705 4261 977 4322 habuisse
1028 4261 1269 4319 alteram
1318 4261 1664 4336 scripturam
1728 4259 1973 4339 οὐδαμῶς

438 4355 594 4433 [quae
621 4365 707 4410 est
734 4353 795 4409 in
823 4350 1026 4428 Regio,
1052 4347 1152 4408 sed
1181 4349 1305 4406 sine
1328 4346 1447 4425 gl.].
1473 4351 1766 4407 sennan.

522 4441 660 4514 443,
692 4458 763 4517 19
786 4461 873 4518 sq.
910 4434 1587 4513 Ἀπολέσθαι--δυνάμενον
1616 4455 1731 4494 om.
1757 4438 1826 4495 Θ.
1857 4434 1974 4506 ἐξο-

440 4528 594 4589 λέσαι
620 4527 904 4605 δυνάμενον
930 4526 967 4600 ἢ
1006 4523 1296 4585 ἀπολέσθαι
1318 4523 1523 4604 ὀφεῖλον
1551 4521 1588 4595 ἦ
1619 4520 1971 4603 ἐξολοθρευτι-

440 4616 667 4699 κώτερον
692 4620 765 4677 V.
795 4616 910 4675 ἀντὶ
928 4619 1021 4674 τοῦ
1050 4612 1120 4682 ἐξ.
1148 4617 1220 4671 R.
1248 4650 1309 4661 —
1341 4631 1416 4667 2ο
1441 4611 1476 4675 ἢ
1496 4619 1670 4692 χεῖρον
1700 4611 1907 4672 Suidas
1927 4635 1971 4675 s.

443 4703 860 4787 Ἐξωλέστερον,
888 4725 996 4783 pro
1032 4703 1226 4762 verbis
1249 4699 1673 4777 ἢ-δυνάμενον,

525 4795 662 4865 445,
696 4795 771 4852 25
798 4794 1083 4858 Παντελῶς
1101 4836 1117 4865 ,
1144 4789 1313 4864 πάνυ,
1340 4787 1626 4873 σφόδρα,ἢ
1652 4786 1791 4848 πάνυ
1817 4790 1971 4850 πολύ.

442 4882 534 4943 καὶ
559 4883 727 4943 Θουκ.
754 4883 809 4939 ἐν
839 4905 874 4940 α
898 4885 971 4940 V.
1012 4878 1310 4940 καταπολύ.
1340 4878 1431 4937 καὶ
1458 4879 1628 4939 Θουκ.
1656 4881 1711 4939 ἕν
1751 4902 1785 4938 α
1817 4881 1888 4941 Θ.
1910 4916 1971 4931 --

447 4971 521 5031 26
546 4969 636 5029 καὶ
666 4989 780 5028 om.
809 4975 882 5028 V.

520 5065 667 5131 447,
702 5059 774 5116 32
800 5059 945 5121 παρὰ
976 5056 1072 5129 τὴν
1114 5056 1196 5136 (τὸ
1222 5054 1319 5128 τὴν
1347 5056 1442 5135 Θ.)
1462 5052 1589 5131 ἔραν
1611 5101 1628 5130 ,
1669 5055 1699 5113 8
1727 5055 1973 5133 σημαίνει

2142 823 2277 895 448,
2311 823 2382 889 43
2413 821 2859 903 προμαχέσασθαι
2888 829 2982 884 τοῦ
3014 829 3132 884 θεοῦ
3167 829 3314 904 neg.

2140 919 2276 986 449,
2309 919 2381 979 44
2422 909 2738 990 μαχούμεθα
2776 914 2909 991 αὐτῇ
2939 926 3072 990 post
3099 913 3301 980 ἐνδείας
3339 918 3526 994 ponit
3555 921 3632 978 Θ.

2057 995 2219 1067 αὐτὴν
2253 1002 2430 1055 Dorv.
2455 996 2558 1075 γάρ
2587 1018 2699 1054 om.
2722 999 2792 1057 Θ.
2831 1034 2882 1046 -
2911 999 2984 1067 45
3010 1003 3106 1069 τῆς
3133 1001 3337 1067 ἀδικίας
3360 1007 3566 1063 Dorv.

2142 1085 2276 1156 450,
2304 1095 2399 1158 47.
2431 1088 2576 1143 Voci
2604 1084 2766 1144 ὅπλον
2807 1105 2914 1164 pro
2949 1092 3117 1146 lorica
3156 1091 3322 1147 locus
3357 1093 3624 1150 concedi

2055 1171 2341 1231 debuerat
2371 1174 2430 1230 in
2461 1175 2758 1232 Glossario
2783 1178 3085 1253 Ducangii.
3111 1177 3209 1236 Sic
3235 1179 3402 1256 apud
3431 1185 3620 1238 Mau-

2056 1261 2264 1320 ricium
2290 1262 2350 1319 in
2375 1266 2548 1320 Strat.
2577 1275 2752 1339 atque
2779 1264 2924 1322 alios
2943 1280 3278 1342 usurpatur.
3305 1271 3624 1330 Busa-.—

2057 1351 2132 1418 48
2162 1348 2436 1408 σουσάνιον
2457 1394 2474 1422 ,
2501 1351 2653 1408 cons.
2686 1349 2760 1407 ad
2785 1350 2964 1409 schol.
2997 1350 3151 1410 Nub.
3180 1372 3274 1423 70.

2139 1440 2274 1506 451,
2301 1438 2377 1495 50
2404 1459 2530 1515 sqq.
2562 1442 2676 1496 Eos
2695 1440 2828 1495 serit
2851 1439 2974 1496 haec
3003 1438 3337 1498 observatio
3358 1486 3375 1513 ,
3405 1444 3514 1519 qui
3534 1443 3618 1500 ab

2056 1526 2264 1584 Atticis
2287 1524 2532 1607 ἐνέχυρον
2562 1527 2841 1604 singulari
2867 1546 3109 1586 numero
3131 1531 3404 1606 usurpari
3429 1550 3618 1608 nega-

2055 1613 2234 1674 bant:
2263 1616 2468 1674 Thom.
2504 1622 2650 1694 Mag.
2683 1617 2743 1674 in
2772 1636 2829 1674 v.
2860 1616 3069 1676 suidas
3092 1617 3362 1676 ordinem
3395 1621 3614 1678 inver-

2058 1704 2164 1761 tit:
2194 1706 2253 1761 οὐ
2293 1701 2449 1781 μόνον
2493 1703 2736 1782 ἐνέχυρον
2783 1703 2946 1785 φασὶν
2967 1749 2984 1778 ,
3020 1702 3160 1763 ἀλλὰ
3205 1705 3295 1766 καὶ
3338 1707 3576 1790 ἐνέχυρα
3597 1755 3618 1782 ‚

2057 1803 2246 1849 cetera
2313 1791 2496 1849 nostri
2558 1792 2886 1850 scholiastae
2939 1791 3189 1850 fideliter
3244 1795 3614 1855 exscribens.

2056 1885 2275 1940 Heus-r.
2303 1918 2366 1930 -
2397 1880 2469 1938 52
2515 1878 2598 1938 ὅτι
2626 1901 2740 1939 om.
2770 1886 2840 1939 V.
2860 1915 2925 1929 -—
2952 1881 3023 1951 54
3075 1878 3150 1956 μὴ
3180 1879 3408 1961 ἐνέχυρα
3440 1889 3516 1941 V.
3548 1923 3618 1935 -

2064 1991 2086 2026 1
2122 1968 2236 2028 δέον
2259 1966 2361 2049 γὰρ
2384 1971 2550 2027 εἰπεῖν
2571 1969 2699 2026 Ald.
2724 1966 2829 2026 ἔδει
2852 1969 3015 2027 εἰπεῖν
3038 1974 3110 2027 R.
3136 1966 3240 2027 ἔδει
3261 1968 3317 2027 δὲ
3337 1972 3515 2028 εἰπεῖν
3535 1974 3611 2032 Θ.

2054 2055 2135 2116 ὅτι
2169 2077 2285 2115 om.
2316 2062 2389 2115 R.
2413 2093 2478 2105 -
2502 2075 2536 2112 2
2580 2053 2832 2132 πολέμοις
2878 2057 2947 2116 Θ.
2995 2055 3149 2128 Ald„
3182 2057 3284 2133 qui
3319 2059 3615 2118 omittunt

2055 2148 2166 2205 οὐκ.
2203 2146 2518 2222 Sequentia
2559 2142 3086 2212 εἰκότως-*τιθέασιν
3131 2164 3246 2203 om.
3302 2147 3485 2204 etiam
3535 2149 3612 2207 Θ.

2057 2231 2271 2297 εἰκότως
2296 2221 2411 2289 εἷπε
2432 2229 2536 2289 τίθ.
2567 2231 2711 2306 Reg.
2740 2236 2926 2289 DorV.
2953 2265 3009 2279 -
3041 2230 3073 2286 3
3106 2227 3307 2296 δεικνὺς
3329 2233 3405 2296 ὥς
3434 2234 3491 2290 οἱ
3517 2232 3612 2292 πὲ-
3691 2233 3704 2248 “

2055 2343 2206 2392 νητες
2234 2319 2320 2377 διὰ
2340 2317 2535 2385 παντὸς
2557 2316 2896 2385 δανείζονται.
2938 2321 3124 2377 DorV.

2143 2409 2279 2482 453,
2301 2409 2337 2464 6
2365 2407 2797 2488 προπερισπῶσιν
2829 2410 2893 2466 R.
2928 2417 2988 2463 et
3016 2404 3221 2463 Suidas
3253 2426 3301 2464 s.
3345 2403 3608 2486 Τρόπαια

2055 2509 2113 2555 et
2136 2501 2327 2573 Etym.
2363 2501 2437 2554 M.
2469 2514 2528 2572 p.
2557 2495 2709 2569 769,
2755 2494 2842 2554 16.
2883 2492 3209 2570 Legebatur
3238 2497 3604 2573 περισπῶσιν.

2055 2621 2120 2634 --
2144 2586 2179 2641 6
2208 2586 2279 2650 ὥς
2305 2596 2366 2641 et
2389 2582 2690 2659 sequentia
2718 2601 2834 2638 om.
2860 2582 3034 2638 etiam
3065 2581 3140 2639 Θ.
3173 2585 3274 2639 Est
3312 2586 3608 2642 recentis·

2059 2672 2188 2729 simi
2217 2669 2574 2748 grammatici
2607 2668 2937 2735 annotatiO,
2966 2667 3130 2745 cujus
3158 2687 3293 2745 pars
3335 2672 3507 2747 prior
3530 2674 3608 2739 ὥς

2057 2759 2484 2840 παρὰ-οὐραῖον
2532 2777 2604 2814 ex
2641 2757 2931 2833 Gregorio
2971 2762 3105 2814 Cor.
3145 2769 3377 2831 sumpta
3403 2770 3492 2816 est
3542 2781 3606 2837 p.

2060 2847 2268 2908 21—23.
2301 2851 2481 2904 Dum.
2501 2880 2568 2893 —
2601 2866 2663 2902 11
2695 2842 2873 2923 σφίσιν
2901 2840 2937 2914 ἢ
2965 2847 3122 2903 τοῦτο
3158 2850 3378 2905 Hemst.
3419 2845 3604 2926 σφίσιν

2058 2944 2210 2998 τοῦτο
2228 2939 2352 2997 Ald.
2384 2937 2559 3019 σφίσιν
2583 2935 2721 2995 οὕτω
2749 2942 2922 3015 Greg.
2947 2942 3081 2996 Cor.
3103 2976 3169 2989 —
3201 2942 3270 2997 13
3292 2961 3458 3018 seqq.
3483 2938 3604 3001 ἔστι

2058 3027 2113 3086 δὲ
2133 3050 2214 3108 τρ.
2238 3027 2452 3086 suntin
2467 3031 2668 3099 Dorv.,
2689 3025 2791 3083 sed
2810 3025 3031 3084 mendis
3051 3026 3280 3102 insecta,
3301 3030 3444 3087 etin
3459 3036 3602 3109 Reg.

2140 3116 2286 3187 454,
2324 3136 2387 3172 21
2422 3115 2798 3195 καθαρμάτους
2840 3114 2895 3172 δὲ
2925 3115 3127 3174 codex.
3157 3151 3217 3163 -
3254 3119 3440 3191 23-27
3481 3141 3600 3178 om.

2058 3205 2129 3264 Θ.
2154 3241 2217 3254 -
2242 3212 2314 3272 24
2345 3204 2502 3281 λιμοῦ
2533 3202 2655 3259 Ald.
2689 3207 3028 3261 correctum
3069 3224 3141 3260 ex
3170 3204 3398 3264 Thoma
3438 3211 3520 3265 M.
3553 3228 3602 3265 ⁵.

2061 3293 2359 3373 Καθάρσια.
2383 3328 2448 3341 -
2472 3311 2541 3362 27
2575 3288 2893 3371 φλέγκεσθαι
2913 3333 2928 3360 ,
2960 3290 3034 3345 28
3079 3289 3385 3368 βδελύματα
3413 3297 3599 3353 DorV.

2142 3382 2258 3449 456
2322 3398 2439 3437 om.
2484 3380 2658 3437 etiam
2701 3379 2774 3437 Θ.
2840 3382 2905 3434 In
2952 3379 3080 3435 cod.
3132 3380 3396 3437 Parisino
3445 3381 3600 3437 scri-

2060 3481 2227 3545 ptum
2253 3469 2559 3538 παθητικῶς
2598 3463 2698 3541 μὲν
2730 3464 2839 3523 δοτ.
2887 3486 3052 3537 συντ.,
3097 3465 3268 3546 ἐνεργ.
3316 3465 3374 3523 δὲ
3407 3468 3604 3542 atas&

2057 3556 2148 3613 καὶ
2177 3558 2478 3632 ἀγνοοῦντες
2496 3552 2632 3619 τινὲς
2653 3552 2904 3633 λοιδορεῖς
2924 3553 3040 3610 κτλ.
3068 3554 3238 3612 Unde
3268 3552 3297 3611 ὃ
3321 3575 3429 3628 pro
3463 3557 3602 3613 vul-

2058 3656 2196 3721 gato
2221 3644 2267 3701 εἷ
2290 3643 2489 3702 ascivi.
2523 3646 2702 3703 Dum.
2741 3643 3044 3719 ἀγνοοῦντες
3083 3661 3200 3700 om.
3233 3641 3379 3714 Ald„
3424 3643 3602 3701 habet

2057 3738 2220 3791 Junt.
2239 3768 2302 3782 --
2331 3734 2413 3791 36
2444 3752 2582 3795 τινες
2605 3731 2829 3789 ἐνταῦθα
2850 3772 2867 3802 ,
2897 3727 2958 3787 τὸ
2979 3732 3109 3806 ἡμῖν
3149 3732 3208 3789 οὗ
3241 3730 3373 3811 πρὸς
3397 3729 3459 3790 τὸ
3503 3733 3604 3792 ἐλ-

2059 3824 2217 3879 θοῦσα
2237 3866 2253 3895 ,
2280 3818 2416 3880 ἀλλὰ
2444 3818 2574 3900 πρὸς
2600 3817 2663 3878 τὸ
2683 3819 2935 3899 λοιδορεῖς
2960 3817 3286 3877 συνάπτουσι
3316 3823 3455 3897 neg.

2141 3911 2255 3977 466
2282 3910 2366 3968 sic
2390 3910 2450 3966 in
2472 3913 2560 3980 V„
2586 3905 2735 3980 τότε,
2765 3904 2895 3987 φησὶ
2916 3950 2933 3978 ,
2962 3905 3127 3964 κακὸν
3166 3910 3421 3983 ποιοῦμεν
3461 3908 3596 3985 μέλ-

2063 4000 2240 4063 λοντες
2264 3995 2539 4056 ἐκὸάλλειν
2570 4017 2631 4054 σε
2650 3992 3041 4069 ἐπιλαθοίμεθα.
3069 3991 3287 4060 Ἄλλως.
3315 3996 3362 4051 εἰ
3376 4000 3598 4054 τοῦτο-

2058 4084 2469 4162 ἐπιλαθοίμεθα,
2501 4080 2639 4160 μέγα
2672 4080 2737 4141 ἂν
2763 4080 3051 4162 δράσαιμεν
3079 4081 3262 4141 κακόν.
3289 4119 3353 4135 -
3393 4104 3416 4139 1
3451 4085 3599 4164 εἰρη-

2051 4173 2167 4241 κὼς
2196 4176 2272 4235 Θ.
2310 4170 2516 4253 εἴρηκεν
2546 4169 2622 4237 ὥς
2645 4170 2780 4230 Ald.

2141 4263 2277 4332 468,
2295 4281 2332 4338 9
2355 4260 2416 4319 τὸ
2442 4261 2599 4319 αὐτοῦ
2619 4264 2837 4319 Heinst.
2858 4254 2921 4315 τὸ
2940 4254 3070 4316 αὐτό
3092 4261 3232 4335 Reg.
3252 4262 3412 4317 Junt.
3433 4294 3501 4308 —
3526 4281 3548 4317 ι
3566 4280 3589 4318 1

2060 4353 2119 4411 ἐκ
2138 4354 2228 4410 τοῦ
2252 4372 2309 4408 π.
2335 4351 2400 4408 Ε.

2144 4440 2259 4513 469
2290 4457 2410 4495 om.
2440 4435 2613 4495 etiam
2641 4436 2711 4496 Θ.
2734 4439 2799 4493 V.
2821 4435 2994 4495 habet
3027 4437 3125 4497 οὐκ
3145 4432 3446 4492 ἀποδέδωκε
3465 4434 3593 4493 σύν-

2058 4526 2438 4603 ταξιν-δοκῇ.
2470 4522 2605 4582 ἀλλὰ
2625 4522 2820 4600 (scrib.
2844 4522 3061 4601 ἄλλως.)
3077 4526 3263 4602 σχῆμα
3290 4527 3443 4581 τοῦτο
3469 4523 3590 4583 'Arz-

2060 4614 2230 4688 τικὸν,
2257 4604 2301 4695 ᾧ
2326 4612 2417 4671 καὶ
2443 4610 2684 4693 Ὅμηρος
2707 4610 3004 4690 ἐχρήσατο,
3027 4609 3436 4689 ἀλλ’-Ἀχαιοί
3455 4633 3471 4648 ·
3493 4608 3593 4692 ἄρ-

2059 4725 2245 4768 σαντες
2273 4698 2413 4757 κατὰ
2442 4698 2604 4775 θυμὸν
2632 4698 2723 4758 καὶ
2751 4696 2820 4757 τὰ
2848 4697 2982 4769 ἑξῆς.
3008 4705 3160 4757 τοῦτο
3181 4687 3271 4756 οὖν
3292 4697 3592 4775 ἐμιμήσατο

2061 4789 2121 4849 τὸ
2147 4792 2355 4868 σχῆμα.
2379 4826 2444 4841 .-
2478 4794 2544 4854 14
2575 4784 2611 4859 ἢ
2647 4788 2700 4846 ἓν
2726 4789 2866 4868 ἀρχῇ
2898 4785 3100 4846 τίθεται
3128 4790 3272 4863 Reg.
3315 4790 3497 4844 Dorv,
3522 4789 3596 4854 ὥς

2059 4879 2116 4936 ἐν
2143 4880 2219 4959 τῷ
2239 4876 2382 4943 ὅπως
2400 4881 2542 4952 neg.
2568 4876 2760 4952 Pergit
2794 4880 2970 4933 Dorv.
3000 4875 3070 4939 ὥς
3089 4872 3150 4933 τὸ
3171 4870 3311 4938 ὅπως
3340 4870 3416 4950 μὴ
3445 4871 3594 4945 ποιή-

2061 4987 2168 5031 σεις
2188 4960 2326 5024 τὸδὲ
2354 4961 2633 5040 νοούμενον
2656 5006 2672 5037 ,
2701 4958 2885 5030 ἔξωθεν
2916 4965 3009 5021 τοῦ
3035 4964 3236 5022 σκοποῦ
3254 4958 3415 5037 ἤγουν
3441 4960 3497 5018 ἐν
3522 4965 3590 5041 τῇ

2065 5054 2203 5137 μέσῃ
2223 5075 2236 5089 ·
2272 5053 2344 5117 ὡς
2382 5052 2609 5110 ἐνταῦθα
2631 5072 2644 5087 ·
2687 5047 2723 5122 ἢ
2770 5051 2824 5110 ἐν
2867 5052 2946 5130 τῷ
2987 5049 3123 5117 τέλει
3154 5050 3228 5119 ὣς
3257 5047 3365 5124 ἔχει
3393 5068 3501 5112 etc·
3524 5081 3592 5095 -·-
