3859 5725
1632 210 2002 285 EQUITUM.

3274 226 3385 279 ⁴05

251 344 536 415 ξυνθεὶς-.
561 378 631 391 -
657 354 691 416 4
714 348 806 404 τοῦ
830 362 947 403 om.
967 344 1115 402 V.—
1142 345 1177 401 6
1202 341 1259 402 δὲ
1275 342 1531 423 κέχρηται
1553 341 1770 402 suidas.
1865 343 1936 401 Θ.
1962 378 2025 391 -
2049 350 2118 410 44
2145 340 2460 422 ἀπερίπτουν
2484 347 2555 401 V.
2578 343 2863 424 ἀπερίπτον
2889 350 2958 404 G.
2980 344 3295 428 ἀπέρριπτον
3316 347 3387 408 Θ.

252 433 573 511 Legebatur
614 455 674 492 τε
721 431 1062 514 κεχρημένον.
1111 471 1184 485 -
1227 454 1266 509 9
1316 433 1457 511 αὖτῷ
1493 431 1565 490 Θ.
1618 431 1773 488 αὐτοῦ

249 522 376 580 Ald.
412 534 470 579 et
506 521 747 593 suidas,
780 520 883 597 qt‘ii
913 518 1118 592 λαὸεῖν,
1142 532 1199 577 et
1222 516 1640 599 παρατυχόντας,
1666 537 1774 594 pro

252 628 370 687 quo
427 608 727 687 legebatur
769 604 1164 688 περιτυχόντας.
1201 641 1279 651 -
1329 626 1396 663 to
1440 607 1657 675 ποιῆσαι
1705 605 1775 665 Θ.

252 698 591 775 περιποιῆσαι
617 693 741 752 ΑΙά.
775 697 1037 752 ποιεῖσθαι
1073 694 1299 754 suidas·
1324 726 1401 738 —
1427 713 1497 751 12
1519 691 1672 752 αὐτὸν
1702 693 1773 751 Θ.

251 783 475 842 Deinde
492 781 818 840 Meinekius
849 782 999 842 Hist.
1022 786 1182 842 Com.
1205 801 1263 860 p.
1295 782 1367 850 48
1393 778 1468 859 μὴ
1497 779 1776 861 κωμῳδοίη

253 868 472 945 μηκέτι,
515 868 762 948 σχολάζοι
791 866 845 927 δὲ
879 873 947 949 τῇ
983 894 1041 948 μ.
1073 869 1404 944 Legebatur
1429 866 1503 946 μὴ
1532 868 1779 948 κωμῳδοῖ

249 956 287 1029 ἢ
317 954 510 1036 μηκέτι
551 957 799 1035 σχολάζοι
823 959 912 1035 τῇ.
957 962 1027 1017 111
1055 958 1127 1018 Θ.
1163 955 1244 1016 ὅτι
1283 956 1473 1035 μηκέτι
1506 956 1776 1037 κωμῳδεῖν

253 1042 529 1124 σχολάζειν
548 1047 633 1123 τῇ.
651 1042 818 1121 Apud
842 1043 1077 1102 Snidam
1105 1041 1187 1103 ὅτι
1216 1043 1291 1123 μὴ
1319 1044 1565 1125 κωμῳδεῖ
1585 1041 1777 1120 μηκέτι

254 1126 390 1208 μηδὲ
418 1127 728 1211 συγγράφει,
752 1127 995 1208 σχολάζει
1023 1128 1077 1189 δὲ
1118 1133 1183 1210 τῇ
1223 1153 1280 1208 μ.
1314 1131 1625 1209 Sequentia
1663 1149 1781 1188 non

253 1217 431 1277 habet
458 1217 683 1278 Suidas.
705 1251 785 1263 —-
807 1238 828 1274 1
842 1219 875 1275 3
894 1216 1251 1295 πολυμαθείας
1271 1219 1342 1277 Θ.
1366 1251 1442 1263 --
1483 1228 1550 1287 14
1578 1220 1781 1276 ἐπανα-

254 1302 444 1386 τρέψαι
476 1303 783 1363 BentleiuS.
821 1303 1210 1383 ἐπαναστρέψαι
1238 1305 1365 1364 Ald.
1387 1337 1465 1349 ··—
1496 1306 1564 1362 15
1592 1301 1779 1383 βουλό-

257 1414 409 1469 μενος
435 1392 506 1452 Θ.
530 1389 784 1471 βούλομαί
800 1393 850 1470 γ’
868 1392 1551 1451 Bentleius.F1-itzschius
1569 1396 1778 1466 Quaest.

256 1480 557 1557 Aristoph.
584 1484 613 1537 1
631 1522 647 1552 ‚
674 1499 731 1557 p.
770 1481 904 1552 263,
933 1476 1148 1558 βούλομ’
1179 1481 1252 1547 εἰς
1274 1479 1361 1539 τὸν
1393 1484 1481 1538 νῦν
1511 1478 1683 1556 λόγον.
1704 1511 1784 1523 --

257 1564 509 1647 πρότερον
556 1584 673 1623 0111.
704 1569 775 1623 V.
811 1598 888 1609 —·
932 1566 1001 1623 16
1041 1564 1179 1644 ἔχων
1221 1574 1444 1643 γυναῖκα
1475 1567 1546 1625 Θ.
1581 1564 1781 1642 γυναῖκ’

258 1650 606 1734 έχων-πρὸς
629 1650 809 1732 ἑτέραν
832 1671 949 1711 om.
968 1658 1037 1711 V.
1073 1655 1247 1718 κακῶς
1274 1653 1582 1712 Bentleius.
1619 1656 1785 1711 Cete-

258 1761 393 1799 rum
442 1741 565 1799 haec
613 1753 727 1799 tam
774 1752 1050 1818 corrupta
1085 1753 1143 1799 et
1183 1739 1406 1800 defecta
1443 1753 1576 1800 sunt
1615 1753 1677 1798 ut
1711 1759 1784 1798 ex

260 1828 596 1905 conjectura
638 1828 863 1887 restitui
914 1839 1219 1906 nequeant.
1258 1861 1337 1874 ——
1371 1848 1445 1886 2ο
1482 1818 1569 1887 οὗν
1599 1825 1784 1887 κώδιον

260 1916 452 1988 αὖτοῧ,
472 1913 560 1974 ἵνα
587 1916 659 1974 Θ.

342 2019 478 2083 401,
510 2018 582 2079 24
609 2011 764 2091 ἀραῖς
795 2010 866 2067 V.
894 2010 1033 2088 ἀρῶν
1066 2014 1136 2067 G.

344 2119 478 2183 402,
509 2128 580 2180 27
613 2104 670 2165 δὲ
689 2104 865 2188 εἴρηκε
890 2107 962 2167 Θ.
987 2140 1066 2153 -
1086 2107 1161 2165 28
1190 2108 1260 2173 ὣς
1290 2106 1396 2166 ἀπὸ
1416 2108 1488 2168 Θ.

346 2211 482 2277 404,
515 2203 588 2263 35
621 2200 891 2283 προέλθοις
911 2206 982 2262 V.
1011 2229 1082 2241 —
1120 2202 1194 2259 36
1230 2199 1370 2270 ἔδοξε
1396 2200 1499 2283 γὰρ
1537 2204 1567 2259 ὁ
1602 2198 1788 2261 Κλέων

260 2290 472 2351 Suidas
501 2311 545 2348 s.
562 2279 637 2350 Ὦ
656 2287 778 2370 περὶ
797 2287 989 2348 πάντα.
1010 2289 1172 2347 Idem
1197 2286 1788 2369 τοῦ-κατορθώματος.

261 2409 344 2424 -
375 2385 450 2446 40
477 2376 832 2459 περιγίνεσθαι
865 2377 937 2437 Θ.
957 2414 1021 2427 -
1051 2375 1113 2434 τὸ
1160 2374 1307 2457 ἔργον
1334 2387 1467 2455 post
1500 2373 1790 2452 κάμνοντος

260 2466 428 2526 addit
448 2471 676 2535 V.—41
710 2487 920 2545 προαιρ.
952 2463 1093 2525 ἐστὶν
1121 2462 1331 2543 ἔλεγχος
1362 2463 1568 2524 Suidas
1591 2485 1635 2522 s.
1658 2459 1790 2523 Ἔν-

263 2558 421 2621 θεσις.
445 2592 508 2605 -
534 2555 608 2624 45
641 2552 737 2625 τὴν
776 2551 992 2635 τροφήν.
1031 2551 1174 2612 ἔνθεν
1208 2552 1340 2631 (scr.
1374 2551 1590 2630 ἔνθεσις)
1625 2550 1728 2633 γὰρ
1753 2557 1788 2626 ἡ

260 2641 451 2724 τροφή.
481 2640 575 2714 τὴν
600 2644 652 2701 ἕν
671 2645 748 2721 τῷ
773 2646 841 2700 V.

349 2740 482 2812 405,
514 2739 588 2806 48
617 2737 1023 2815 corrigendum
1057 2732 1145 2795 ἐπὶ
1169 2758 1332 2817 συμφ.
1360 2754 1431 2794 ex
1459 2756 1626 2794 versu
1653 2737 1791 2798 Ari·-

266 2827 588 2907 stophanis.
615 2830 796 2884 Dum.

351 2935 482 2999 407,
508 2928 575 2985 51
606 2914 694 2983 οὗν
724 2915 869 2989 οὗτος
890 2929 962 2982 V.
982 2961 1044 2975 -
1074 2925 1145 2982 53
1175 2925 1281 2982 ἑντ.
1309 2923 1507 2983 τέθεικε
1533 2925 1606 2982 Θ.
1630 2924 1791 2982 Idem

260 3010 356 3072 ἐπὶ
380 3013 485 3070 τῶν
516 3009 777 3091 νεωτέρων
807 3014 900 3069 τοῦ
921 3007 1230 3091 πράγματος
1257 3008 1481 3089 ἔχοντος.
1501 3048 1564 3060 -
1593 3027 1627 3067 2
1658 3008 1791 3069 ἀνά-

258 3120 457 3178 γοντα,
491 3099 524 3156 3
555 3094 968 3178 ἀνακρουόμενον
994 3098 1068 3156 Θ.
1096 3134 1156 3147 —-
1188 3107 1223 3166 4
1249 3097 1547 3175 legebatur
1585 3119 1788 3180 πυρρο-

257 3187 454 3257 πίπην.
476 3209 500 3236 α
514 3186 715 3244 Codex
730 3187 1101 3243 Taurinensis
1127 3187 1254 3257 165,
1267 3186 1364 3243 fol.
1396 3186 1490 3259 52,
1502 3185 1571 3244 ad
1587 3206 1789 3245 vocem

257 3269 593 3343 παιδοπίπης
615 3272 819 3330 recitat
837 3291 905 3330 ea
927 3291 1055 3349 quae
1076 3272 1412 3331 scholiastes
1445 3273 1786 3352 Aristopha-

258 3360 359 3418 nis
381 3357 551 3417 habet
569 3403 587 3432 ‚
622 3372 794 3437 atque
817 3359 1021 3417 scribit
1047 3364 1228 3419 τοῦτον
1265 3358 1321 3417 δὲ
1342 3363 1372 3418 ὁ
1403 3362 1652 3439 Κρατῖνος
1687 3384 1789 3420 πυ·-

260 3445 496 3527 ροπίπην
514 3444 671 3525 λέγει.
691 3446 971 3505 Mendose
989 3446 1321 3526 πυρροπίπην
1343 3447 1442 3505 (lat
1458 3448 1788 3507 scholiastes

254 3545 439 3609 atque
458 3534 786 3591 Eustathins
805 3533 878 3591 ad
897 3534 1059 3592 Iliad.
1077 3535 1137 3606 Γ,
1153 3555 1211 3612 p.
1239 3534 1372 3606 287.
1387 3561 1410 3586 υ
1430 3538 1690 3595 Parnon.
1717 3536 1788 3594 ad

258 3619 516 3695 Etymol.
537 3624 618 3678 M.
649 3639 708 3696 p.
734 3640 869 3697 999.
886 3657 949 3670 —
972 3621 1005 3679 5
1031 3618 1350 3702 παρέχοντος
1378 3626 1447 3679 V.

267 3782 280 3791 ·
349 3713 484 3787 408,
519 3734 588 3771 ιο
610 3711 811 3793 βάκχας
830 3716 902 3776 Θ.
923 3751 985 3764 -
1013 3736 1035 3771 1
1054 3737 1077 3772 1
1109 3713 1285 3797 ἔφερον
1316 3716 1386 3776 Θ.
1406 3752 1466 3764 -
1485 3716 1787 3798 Ξενοφάνης

252 3797 569 3859 Kusterus.
631 3800 959 3878 Legebatur
1011 3803 1360 3883 Ξενοφάντης.
1408 3836 1478 3848 -
1533 3825 1600 3861 12
1652 3804 1787 3875 libri

254 3889 466 3944 ἑστᾶσι.
490 3885 640 3946 ἐλάτε
669 3888 741 3948 Θ.
772 3888 936 3959 ἐλάτη
958 3893 1023 3946 V.
1049 3888 1171 3968 περὶ
1206 3890 1359 3967 δῶμα
1387 3889 1603 3949 πυκινόν
1631 3893 1701 3951 Θ.
1725 3930 1789 3942 -

264 3976 345 4031 13
365 3973 616 4054 στεφάνου
643 3976 715 4036 Θ.
747 3989 807 4034 et
830 3977 1039 4035 Suidas
1066 3996 1107 4035 s.
1135 3974 1359 4054 Βάκχος.
1390 3975 1642 4057 στεφάνης
1669 3983 1790 4039 Eu-

253 4061 438 4120 docia
458 4062 672 4121 Violar.
703 4083 762 4142 p.
796 4065 888 4136 87.
919 4100 977 4112 —
999 4069 1068 4122 N.
1103 4065 1155 4122 ἐν
1184 4054 1229 4146 ᾧ
1251 4063 1339 4122 καὶ
1374 4067 1478 4123 τῶν
1516 4066 1583 4124 Θ.
1614 4102 1677 4116 --
1720 4068 1785 4124 15

255 4147 405 4206 libri
433 4146 695 4227 βάκχοισι.
732 4152 956 4210 Deinde
980 4149 1100 4232 περὶ
1130 4148 1263 4221 ἄνθη
1289 4149 1568 4231 στέψαντες
1590 4159 1659 4215 V.
1689 4175 1788 4211 πο-

249 4232 539 4294 λυανθέσιν
559 4235 843 4318 ἐστέψαντο
869 4237 1087 4297 suidas,

352 4338 465 4407 409
485 4350 600 4390 om.
626 4333 694 4391 Θ.
717 4332 875 4403 διπλῆ
896 4332 982 4391 καὶ
1006 4332 1175 4410 στίχοι
1196 4331 1379 4410 ίαμὸοι
1396 4330 1499 4405 λ6’,
1519 4324 1591 4391 ὧν
1621 4337 1791 4394 τελευ-

246 4423 444 4491 ταῖος,
474 4415 609 4498 ἀνὴρ
638 4417 700 4477 ἂν
722 4418 887 4490 ἡδέως
914 4417 1069 4477 λάὸοι
1090 4423 1176 4490 V„
1210 4420 1443 4496 reliquis
1466 4420 1708 4480 omissiS.

352 4521 420 4581 41
436 4533 488 4585 1,
520 4534 595 4591 29
618 4514 706 4574 καὶ
732 4528 863 4593 post
883 4513 1109 4581 ὖποστὸις
1136 4535 1250 4574 0111.
1280 4520 1345 4574 V.
1365 4517 1435 4577 Θ.
1455 4553 1534 4564 -
1558 4520 1630 4576 30
1652 4520 1789 4580 scri-

248 4598 524 4659 bendum
553 4599 864 4682 Ἀκαρνᾶνας
892 4602 984 4659 vel
1012 4601 1366 4682 Ἀκαρνανίαν.

350 4703 485 4768 414,
517 4698 586 4769 37
611 4697 916 4775 ἀποὸλήμια
958 4698 1084 4757 Ald.
1116 4699 1307 4775 Pergit
1338 4700 1406 4758 Θ.
1440 4697 1475 4768 ἢ
1508 4702 1611 4756 τῶν
1636 4724 1687 4757 κ.
1709 4734 1787 4747 —·

244 4779 383 4854 ἥτις
401 4772 466 4853 ἦν
494 4782 643 4849 λίπος
666 4786 735 4844 Θ.
764 4818 835 4830 -
865 4794 939 4853 40
967 4786 1116 4865 θυμῷ
1141 4791 1209 4843 V.
1231 4820 1308 4830 —
1333 4795 1395 4853 41
1428 4788 1502 4852 εἷς
1527 4785 1784 4845 additum

242 4887 341 4927 ex
363 4870 538 4928 Suida
568 4891 612 4930 s.
644 4871 1055 4948 Ἄπομαγδαλία.
1071 4872 1198 4931 Ald.
1227 4871 1395 4930 καὶτὸ
1421 4870 1585 4938 λίπος.
1607 4912 1685 4923 -
1704 4883 1784 4943 ·42

244 4956 539 5039 ἐρρίπτουν
574 4959 805 5032 Suida5‚
836 4972 893 5018 et
920 4950 1032 5041 ᾧ.8
1064 4961 1190 5019 Ald.
1226 4998 1288 5010 —
1319 4963 1392 5029 43
1426 4960 1786 5039 ἀπεμάττοντο

1863 427 2201 508 ἐπερρίπτουν
2229 428 2357 489 Ald.
2390 428 2706 512 ἀπέρριπτον
2738 432 2954 491 suidas,

1946 524 1977 583 4
1993 516 2081 591 16,
2115 517 2189 584 48
2222 513 2515 598 χρυσάορον
2539 515 2586 575 δ’
2612 524 2681 576 V.
2701 555 2763 566 -—
2788 518 2819 576 5
2841 519 3000 578 addit
3029 519 3158 580 Ald.
3189 519 3277 579 καὶ
3300 542 3389 579 κο-

1864 599 2051 660 ὅαλεία
2091 607 2126 673 ἡ
2164 601 2516 684 προσποίητος
2539 601 2675 682 μετὰ
2700 604 2906 677 ἀπάτης
2933 605 3143 665 παιδιά·
3177 607 3268 665 καὶ
3297 607 3390 668 κό-

1866 686 2024 754 6αλος
2070 691 2099 746 ὁ
2146 686 2312 769 ταύτῃ
2366 687 2652 770 χρώμενος.
2695 688 2832 751 ἔοικε
2876 691 2932 750 δὲ
2968 692 3270 772 συνώνυμον
3313 698 3389 775 τῷ

1870 775 2178 855 βωμολόχῳ.
2200 774 2497 857 Φιλόχορος
2527 777 2748 859 δευτέρῳ
2779 778 3028 848 Ἀτθίδος·
3055 806 3079 833 α
3095 782 3152 840 οὔ
3178 781 3298 862 γὰρ,
3321 785 3392 847 ὥς

1867 858 1992 921 ἔνιοι
2011 860 2220 940 λέγουσι
2237 907 2254 936 ,
2288 863 2595 944 βωμολόχον
2624 865 2741 925 τινὰ
2763 867 2852 927 καὶ
2876 867 3099 928 κόὸαλον
3118 870 3388 947 νομιστέον

1866 946 1954 1007 τὸν
1983 945 2248 1009 Διόνυσον.
2272 977 2295 1003 o
2317 948 2672 1032 Ἀριστοτέλης
2699 952 2755 1012 δὲ
2779 957 2831 1014 ἐν
2849 955 3070 1037 δευτέρῳ
3085 958 3231 1025 ζάκον
3251 960 3393 1016 ἱστο-

1871 1034 1983 1118 ρίας
2004 1035 2092 1095 τὸν
2111 1025 2242 1094 ῶτόν
2282 1059 2412 1120 φησι
2430 1037 2654 1098 κόὸαλον
2689 1042 2780 1101 καὶ
2807 1042 3045 1122 μιμητὴν
3064 1042 3191 1102 ὄντα
3204 1047 3392 1125 ἀντορ-

1867 1119 2123 1200 χούμενον
2163 1123 2486 1183 ἁλίσκεσθαι.
2526 1133 2672 1200 Quae
2699 1129 2856 1189 illata
2899 1145 3032 1189 sunt
3062 1151 3131 1190 ex
3162 1135 3394 1210 Harpo-

1869 1210 2125 1268 cratioue
2154 1230 2198 1268 s.
2231 1210 2515 1271 Κοὸαλεία.

1951 1315 2066 1385 419
2084 1353 2101 1380 ,
2131 1312 2167 1367 6
2209 1310 2570 1391 παροιμιώδης
2599 1317 2628 1372 ὁ
2673 1312 2839 1391 λόγος.
2880 1315 2958 1373 ὃλ.
2990 1316 3061 1374 Θ.
3086 1352 3148 1363 -
3178 1335 3208 1387 7
3248 1312 3309 1372 τὸ
3339 1312 3394 1373 δὲ

1868 1392 2039 1472 λέγει,
2056 1395 2197 1456 ἔστιν
2225 1403 2288 1457 V.

1953 1499 2088 1564 422,
2121 1499 2195 1554 23
2229 1495 2362 1572 μετὰ
2388 1498 2494 1555 τῶν
2537 1496 2820 1574 χελιδόνων
2851 1499 2921 1557 Θ.
2952 1535 3015 1549 -
3045 1501 3119 1557 28
3152 1522 3396 1577 κνησμο-

1844 1576 1965 1648 -νὴν
1996 1584 2065 1638 V.
2096 1579 2301 1653 κνήθειν
2329 1583 2401 1643 Θ.
2433 1582 2667 1661 κνησμὸν
2692 1590 2760 1643 G.
2788 1593 3037 1656 κνηστιᾶν
3068 1586 3218 1646 dixit
3235 1588 3398 1645 scho-

1874 1664 2038 1723 liasta
2065 1669 2239 1746 Vesp.
2264 1668 2398 1739 884.
2417 1706 2479 1721 --
2508 1689 2583 1748 29
2610 1674 2837 1749 χρᾶσθαι
2864 1675 2955 1745 V„
2986 1693 3103 1732 non
3126 1679 3195 1732 G.
3219 1674 3400 1734 Addit

1872 1751 2001 1810 Ald.
2039 1747 2255 1821 Ἄλλως.
2283 1755 2530 1836 ἀκαλήφη
2561 1756 2740 1831 κνίδη,
2778 1756 2870 1817 καὶ
2905 1762 2940 1829 ἡ
2981 1759 3205 1840 χερσαία
3238 1761 3328 1820 καὶ
3362 1766 3398 1832 ἡ

1874 1839 2157 1910 θαλαττία,
2183 1841 2301 1913 ἥτις
2321 1841 2433 1900 ἐστὶ
2461 1841 2740 1923 κογχύλιόν
2763 1867 2833 1904 τι.
2859 1846 3198 1927 Φερεκράτης
3222 1850 3401 1908 Αὐτο-

1876 1922 2057 2001 μόλοις
2076 1953 2099 1977 a
2117 1925 2181 1998 νὴ
2201 1925 2296 1999 τὴν
2317 1928 2558 2011 Δήμητρ’
2575 1930 2787 2012 ἀνιαρὸν
2802 1923 2866 2004 ἦν
2901 1933 2962 1991 τὸ
2997 1936 3173 1999 κακῶς
3192 1933 3402 2016 ᾅδοντος

1876 2010 2100 2070 ἀκούειν·
2121 2013 2404 2093 βουλοίμην
2432 2016 2533 2098 γὰρ
2548 2014 2643 2076 κᾶν
2665 2019 2961 2100 ἀκαλήφαις
2986 2020 3075 2078 τὸν
3091 2020 3203 2080 ἴσον
3217 2021 3402 2104 χρόνον

1876 2099 2284 2180 ἐστεφανῶσθαι.
2310 2128 2335 2155 1·
2369 2101 2465 2170 τὰς
2500 2102 2556 2162 δὲ
2598 2104 2878 2172 θαλαττίας
2921 2106 3010 2166 κἀὶ
3046 2107 3403 2189 Ἀριστοτέλης

1877 2185 2154 2267 ἀκαλήφας
2179 2188 2233 2246 ἐν
2263 2191 2340 2270 τῷ
2366 2187 2562 2271 πρώτῳ
2591 2192 2712 2271 περὶ
2741 2191 2919 2266 ζώων,
2947 2193 3038 2252 καὶ
3066 2193 3403 2275 Θεόφραστος

1877 2274 1932 2330 ἐν
1962 2270 2168 2355 ἐὸδόμῳ
2209 2278 2455 2354 φυτικῶν.
2489 2282 2635 2350 Quae
2660 2279 2821 2337 illata
2862 2293 2993 2337 sunt
3026 2299 3098 2338 ex
3128 2281 3305 2340 Suida
3332 2282 3401 2360 (S.

1877 2357 2202 2442 Ἀκαλήφη),
2248 2364 2349 2439 qui
2379 2383 2496 2422 11011
2541 2384 2614 2422 ex
2654 2366 2963 2426 scholiasta
2999 2367 3405 2445 Aristophanis

1877 2449 2152 2526 sumpsit,
2199 2449 2299 2508 sed
2340 2470 2374 2508 e
2416 2455 2786 2528 grammatico
2829 2455 3315 2513 Bekkeri‘Anecd.
3346 2477 3405 2535 p.

1881 2535 2017 2609 370,
2057 2535 2144 2594 18.
2176 2542 2358 2596 Dum.

1962 2641 2097 2707 424,
2132 2636 2199 2693 31
2235 2635 2297 2695 τὸ
2324 2635 2517 2714 μεταξὺ
2546 2639 2755 2699 Suidas
2783 2661 2826 2699 s.
2867 2639 3114 2720 Κοχώνη.
3152 2641 3241 2701 καὶ
3280 2643 3403 2701 ΑΙά.

1878 2720 2072 2779 Suidae
2101 2721 2292 2781 locum
2323 2743 2438 2782 om.
2464 2726 2694 2784 codices
2725 2727 3031 2786 Gaisfordi.
3056 2733 3192 2787 Post
3219 2728 3405 2807 ἰσχίων

1878 2807 2039 2866 addit
2077 2809 2281 2869 Suidas
2306 2809 2367 2869 τὸ
2407 2813 2592 2879 κοινῶς
2634 2810 2951 2892 καλούμενον
2991 2813 3323 2892 μεσόσκελον.
3343 2852 3407 2866 -

1881 2897 1955 2953 32
1981 2894 2114 2955 libri
2135 2906 2365 2969 σκηναῖς.
2391 2900 2460 2958 Θ.
2488 2900 2998 2979 ἀπολαμὸανοόσαις.
3027 2938 3091 2951 -
3119 2904 3191 2960 33
3216 2904 3408 2963 συσπά-

1880 3004 1970 3041 σαι
1994 2984 2064 3044 Θ.
2112 2984 2433 3061 Legebatur
2478 2992 2794 3047 συσπᾶσθαι.
2832 2993 2935 3047 Est
2972 2986 3109 3048 ἀλλὰ
3137 2990 3405 3049 συσπάσαι

1877 3068 2067 3127 exitus
2093 3071 2355 3130 trimetri.
2371 3111 2432 3122 -
2452 3071 2543 3140 τὰς
2570 3073 2827 3155 κοχώνας.
2852 3079 3115 3134 Fortasse
3133 3073 3198 3133 τὰ
3224 3077 3404 3156 κοχώ-

1876 3178 1962 3214 να.
1991 3162 2168 3215 Dum.
2196 3196 2260 3208 -
2291 3161 2363 3228 34
2396 3160 2690 3243 Ἀρχίππῳ.
2719 3166 2944 3220 Nomen
2975 3162 3182 3222 sabulae
3214 3162 3400 3223 Ῥίνων

1876 3242 2036 3302 addit
2065 3245 2271 3304 Pollux
2303 3266 2360 3318 2,
2397 3248 2524 3307 183.
2555 3288 2619 3301 --
2651 3249 2723 3307 35
2751 3246 3046 3328 οὐδετέρως.
3090 3254 3402 3311 Annotatio

1874 3333 2231 3408 grammatici
2261 3353 2443 3410 pravo
2470 3350 2709 3395 accentu
2736 3335 2982 3414 decepti.
3009 3341 3189 3396 Dum.

1958 3429 2093 3499 426,
2126 3429 2201 3485 36
2229 3431 2473 3506 glossam
2499 3430 2855 3512 προστήσεται
2886 3430 3058 3490 habet
3080 3438 3171 3507 V.,
3195 3455 3309 3494 om.
3333 3439 3401 3496 G.

1872 3550 1927 3564 --
1968 3516 2043 3591 39
2069 3535 2178 3593 pro
2207 3515 2295 3574 καὶ
2318 3518 2547 3597 προϊδεῖν
2571 3519 2632 3577 in
2664 3524 2727 3577 V.
2752 3516 2889 3577 ἀλλὰ
2910 3517 3000 3577 καί
3022 3541 3088 3578 συ
3113 3523 3400 3603 προηιδεῖν,
3440 3574 3448 3585 .

1875 3602 1935 3658 in
1954 3605 2024 3659 G.
2052 3605 2123 3669 ὥς
2143 3604 2414 3682 προειδεῖν.
2442 3644 2505 3656 -
2520 3606 2741 3664 συνιδεῖν
2770 3607 2873 3664 τῶν
2903 3604 3076 3665 ἄλλων
3098 3607 3256 3668 πλέον
3280 3611 3350 3671 Θ.

1959 3707 2070 3771 427
2095 3700 2201 3758 τῶν
2227 3699 2555 3781 πραγμάτων
2580 3698 2842 3780 πρόδηλον
2871 3702 2941 3760 Θ.

1957 3794 2092 3866 428,
2115 3803 2185 3865 47
2220 3795 2377 3875 φησίν
2401 3797 2473 3857 Θ.
2492 3833 2555 3845 -
2576 3797 2649 3854 50
2669 3798 2722 3854 ἐν
2743 3799 2819 3875 τῷ
2846 3800 3076 3877 πρωκτῷ
3107 3802 3135 3857 ὁ
3160 3799 3397 3861 κλέπτων

1874 3879 1946 3939 Θ.
1979 3877 2137 3961 κρέας
2164 3887 2230 3938 V.
2250 3881 2341 3940 καὶ
2366 3902 2481 3940 0111.
2501 3882 2570 3942 Θ.
2592 3920 2656 3934 -
2678 3884 2740 3940 51
2773 3883 2950 3953 ἤσθιεν
2974 3884 3128 3951 αὐτὸς
3154 3887 3225 3945 Θ.
3239 3887 3398 3946 Idem

1875 3964 2134 4025 ἀσέὸἐιαν.
2158 4006 2215 4017 -
2246 3971 2320 4025 52
2352 3972 2422 4035 ὥς
2445 3967 2519 4046 μὴ
2547 3975 2615 4029 V.
2645 3970 2716 4030 Θ.
2746 3969 2836 4028 καὶ
2871 3968 2947 4046 μὴ
2970 3976 3040 4029 G.
3063 3971 3184 4052 περὶ
3208 3971 3303 4044 τὴν
3334 3980 3395 4033 V.

1874 4050 1940 4112 τὰ
1965 4074 2077 4112 0111.
2112 4059 2176 4112 V.
2202 4056 2274 4115 Θ.

1959 4153 2092 4224 430,
2130 4152 2161 4208 3
2183 4151 2473 4229 καθήμενος
2499 4154 2572 4212 Θ.

1960 4249 2091 4318 431,
2125 4248 2156 4304 5
2189 4248 2361 4306 Πάλιν
2414 4269 2525 4306 0111.
2577 4255 2648 4307 G.
2684 4282 2746 4293 —
2780 4270 2811 4321 7
2871 4247 2934 4306 δι’
2973 4251 3162 4321 αὐτῶν,
3218 4264 3275 4308 et
3327 4273 3387 4310 11

1875 4335 1967 4403 τῆς
1990 4353 2103 4391 om.
2126 4335 2195 4393 Θ.
2226 4374 2288 4385 -
2320 4356 2386 4392 12
2408 4336 2550 4417 αὐτῷ
2578 4341 2649 4395 V.
2680 4336 2749 4396 Θ.
2779 4373 2842 4387 -
2869 4338 2937 4394 13
2967 4334 3137 4403 καθὼς
3161 4336 3251 4396 καὶ
3275 4339 3397 4418 βοό-

1873 4421 2055 4495 λεται,
2094 4430 2159 4489 14
2193 4421 2279 4479 ἐπὶ
2312 4423 2545 4502 μηδεμιᾷ
2574 4424 2643 4482 Θ.

1957 4518 2092 4590 433,
2124 4538 2198 4575 22
2226 4541 2286 4577 σε
2312 4521 2382 4581 Θ.
2405 4557 2469 4568 -
2499 4521 2571 4577 26
2600 4519 2941 4599 λοιδορεῖσθαι
2964 4520 3035 4578 Θ.

1959 4615 2068 4683 434
2088 4657 2107 4687 ,
2147 4634 2220 4691 29
2250 4613 2386 4674 κατὰ
2425 4619 2520 4686 τῆς
2555 4617 2623 4675 Θ.
2653 4651 2716 4663 -
2746 4616 2817 4671 31
2858 4611 3069 4691 λέγεται
3111 4614 3260 4681 πόλις
3301 4621 3394 4689 τῆς

1875 4697 2041 4760 πύλου
2069 4700 2159 4760 καὶ
2186 4701 2247 4760 τὸ
2276 4700 2413 4784 ὕδωρ
2448 4701 2708 4783 δσύρεται
2741 4703 2814 4770 εἷς
2843 4700 2938 4773 τὴν
2960 4706 3087 4760 ναῦν
3111 4703 3181 4763 Θ.
3212 4740 3277 4754 -—
3318 4707 3390 4763 35

1876 4788 2236 4848 scribebatur
2263 4789 2568 4869 εἰσδέχεται.
2594 4826 2656 4839 -
2707 4790 2781 4846 36
2812 4787 3059 4860 ζητητέον
3091 4808 3205 4848 0111.
3232 4791 3301 4849 Θ.
3331 4829 3392 4841 ‹—

1879 4878 1951 4947 37
1983 4879 2164 4950 τοῦτο,
2202 4886 2275 4944 40
2313 4883 2525 4935 σκοπεῖν
2565 4874 2730 4947 θέλει,
2770 4888 2826 4932 et
2861 4872 3010 4948 οὐδὲ,
3041 4884 3109 4943 41
3153 4874 3244 4933 καὶ
3283 4875 3391 4935 ὄντι

1876 4965 2087 5032 κινῆσαι
2115 4962 2202 5020 καὶ
2242 4959 2462 5040 ταράξαι
2501 4959 2594 5033 τὴν
2632 4964 2728 5039 γῆν
2761 4984 2818 5019 τε
2841 4960 2928 5020 καὶ
2948 4961 3042 5034 τὴν
3071 4960 3186 5020 θάλ.
3208 4963 3301 5035 9.,
3319 4984 3391 5021 ex
