3859 5725
418 248 535 308 488

1532 246 1981 313 ΑΒΝΟΤΑΤῙΟ
2020 248 2107 312 ΙΝ
2147 252 2289 314 scfl
2294 255 2415 316 01..

417 378 777 455 acce-piarunt.
809 380 1124 438 confundit
1148 380 1454 440 scholiasta
1479 381 1688 460 (neque
1716 383 1949 441 enimin
2042 382 2334 462 καθήμενος
2359 386 2489 468 πρὸς
2515 386 2579 446 τὸ
2602 395 2708 470 πῦρ
2735 350 2953 469 γνάισεις
2976 390 3075 464 τὴν
3103 388 3270 467 δίκην.
3297 401 3367 459 V.
3396 392 3571 479 νίφον-

417 463 825 523 Pbilochorum
856 465 1025 542 hujus
1068 470 1280 526 erum-is
1335 470 1504 547 culpa
1557 470 1755 547 cadit),
1799 471 1950 529 anti-
2039 490 2126 537 τος
2153 471 2279 554 πρὸς
2303 472 2362 532 τὸ
2407 481 2511 557 πῦρ
2560 478 2851 555 καθήμενος
2881 484 2954 539 R.
3001 482 3260 562 (omissis
3306 483 3486 564 γνῶση
3504 501 3572 585 ft

420 553 680 627 quierem
711 553 864 610 illam
885 554 1248 630 largitionem
1268 577 1398 615 cum
1423 557 1677 615 Euboica
1698 559 1952 636 quinque

419 640 859 699 medimnos-um.
891 648 1071 700 Dian.
1097 685 1175 695 .-
1198 643 1270 701 52
1303 642 1422 711 τοὺς
1463 644 1518 704 δὲ
1554 646 1854 706 Dobraeus.
1874 686 1951 699 -

417 749 457 807 9
477 726 677 795 τούτοις
700 733 769 787 V.

501 835 609 886 721
653 817 742 873 Ad
776 816 930 874 hunc
965 838 1023 876 v,
1059 819 1186 876 Ald.
1237 817 1325 877 ἐπ’
1358 816 1498 900 ἔργῳ
1536 822 1816 900 γελῶντας.
1860 819 1950 879 καὶ

418 901 718 982 στομφάσαι
744 903 805 963 τὸ
822 903 1243 973 ἀλαζονεύεσθαι.
1274 906 1513 974 σύνθετος
1534 907 1588 966 δὲ
1613 912 1647 980 ἡ
1680 906 1817 976 λε’ξις
1848 907 1952 968 ἀπὸ

417 994 510 1047 τοῦ
540 988 799 1068 στόματος
830 994 921 1051 καὶ
955 997 1048 1065 τῆς
1072 993 1326 1076 ὄμφακος.
1366 1003 1630 1070 Quorum
1676 995 1818 1056 illud
1867 998 1952 1055 ἐπ’

416 1076 554 1159 ἔργῳ
597 1081 861 1157 γελῶντας
906 1097 1241 1161 cot-ruptum
1295 1099 1381 1143 est
1416 1107 1487 1143 ex
1528 1089 1951 1165 ἐπεγγελῶντας,

417 1171 714 1243 sequentia
744 1184 933 1229 autem
963 1190 1034 1228 ex
1064 1172 1238 1230 Suida
1266 1186 1400 1230 sunt
1422 1174 1579 1232 illata
1615 1195 1660 1233 s·
1691 1173 1953 1258 Στύμφα-

419 1278 533 1320 κας.
562 1262 744 1320 Dum.

501 1344 639 1418 725,
670 1366 764 1404 22.
798 1351 886 1405 De
929 1350 1040 1407 hoc
1089 1366 1264 1406 versu
1314 1362 1570 1406 veterum
1630 1351 1955 1409 testimonia

420 1432 772 1510 collegerunt
788 1437 1500 1514 Thucydidisinterpretes
1514 1437 1573 1494 in
1598 1437 1786 1496 indice
1808 1441 1954 1497 scri-

421 1533 660 1598 ptorum
680 1526 736 1580 in
762 1524 994 1583 scholiis
1020 1526 1332 1584 citatorum
1358 1526 1470 1583 vol.
1515 1545 1572 1596 2,
1605 1547 1664 1603 p.
1688 1528 1802 1598 878
1858 1527 1955 1585 ed.

418 1612 620 1669 Bauer.
649 1610 773 1694 πρὶν
807 1609 1179 1692 ἃν-ἅκούσῃς
1197 1632 1314 1675 0111.
1341 1616 1409 1670 V.
1436 1614 1698 1672 Glossam
1735 1611 1826 1680 τὰς
1857 1617 1959 1693 βα-

417 1696 631 1776 κτηρίας
653 1700 829 1757 babet
848 1706 921 1762 R.

499 1788 635 1859 730,
658 1788 730 1844 30
760 1785 1023 1868 ἀτέραμα,
1048 1789 1117 1845 31
1147 1786 1308 1870 ἔψόμ.
1332 1800 1390 1846 et
1419 1784 1506 1846 διὰ
1526 1786 1586 1846 τὸ
1607 1786 1753 1867 τέρεν
1780 1795 1854 1850 R.
1872 1822 1952 1836 —

421 1876 492 1943 34
525 1896 611 1953 sq.
640 1873 726 1934 διὰ
767 1868 1341 1957 τούτων-ἀτέραμνος
1375 1889 1507 1957 post
1549 1874 1818 1956 ἀτέραμνα
1857 1876 1951 1955 γί-

417 1967 597 2020 νεσθαι
625 1964 797 2040 ponit
819 1968 895 2022 V.
989 1978 998 1985 '

505 2052 635 2123 738.
664 2057 751 2110 De
786 2052 898 2109 hoc
929 2051 1151 2110 scholio
1179 2071 1237 2110 v.
1267 2052 1592 2113 Hemsterh.
1620 2051 1694 2111 ad¹
1727 2053 1949 2113 Polluc-

425 2158 515 2207 10,
533 2139 627 2204 64.
652 2138 819 2196 Cous.
845 2139 1027 2196 schol.
1046 2142 1153 2196 Av.
1182 2159 1388 2197 122.-
1419 2147 1493 2208 40
1522 2136 1619 2216 μέν
1638 2161 1783 2205 τινας
1796 2145 1950 2199 V.—

420 2234 487 2293 41
525 2223 683 2303 βαίτη
711 2229 940 2282 Portus,
966 2223 1289 2303 legebatur
1326 2224 1525 2305 βαπτῆ.
1564 2226 1734 2285 Cous.
1767 2225 1946 2286 schol.

427 2332 449 2367 1
468 2313 596 2373 138.
642 2311 1067 2394 συνερραμμένον
1092 2318 1166 2374 V.
1196 2346 1272 2357 ——
1299 2321 1373 2381 42
1416 2311 1715 2395 προὸατίων
1741 2318 1809 2374 V.
1840 2319 1946 2374 Le-

419 2398 666 2476 gebatur
685 2399 987 2481 προὸάτων.

500 2489 608 2560 751
653 2490 861 2547 lemma
905 2489 1174 2546 Aldinum
1210 2487 1285 2566 μή
1333 2512 1425 2567 μοι
1462 2488 1664 2549 τούτων
1692 2492 1947 2550 correxit

417 2578 685 2637 Dindorf.
716 2579 881 2637 Conf.
922 2578 1262 2638 Valckenar.
1282 2579 1353 2636 ad
1375 2580 1566 2638 locum
1592 2581 1903 2658 Euripidis.

504 2667 618 2738 752
642 2672 710 2726 R.
733 2669 835 2738 sic,
869 2666 1032 2725 ἐνίοτε
1075 2664 1172 2745 μὲν
1196 2664 1406 2748 ἐφέρετο
1455 2666 1681 2744 σταθμὸς
1711 2668 1802 2726 καὶ
1827 2667 1939 2728 ἐνέ-

418 2751 1037 2836 ὅαλλον-ἐγειρόμενοι.
1067 2755 1362 2820 τελευταῖος
1385 2752 1441 2813 δὲ
1473 2754 1611 2814 θέλει
1639 2758 1828 2826 στ’ῆναι
1867 2761 1945 2836 τῷ

415 2845 575 2924 κημῷ
597 2838 684 2902 ἵνα
707 2841 804 2910 ,τὸν
833 2844 1079 2901 πλεῖστον
1110 2839 1300 2921 χρόνον
1341 2840 1438 2914 τὴν
1463 2845 1634 2925 ψῆφον
1662 2842 1863 2923 κατέχῃ
1889 2847 1944 2904 ἐν

413 2934 481 3009 τῇ
497 2930 659 3010 χειρί.
680 2964 756 2975 -
781 2950 814 2987 2
834 2929 1135 3010 κληρωτίδα
1159 2929 1288 2988 Ald.
1308 2930 1489 3011 κλήρω
1510 2930 1703 3011 τριάδα
1721 2936 1792 2989 V.
1825 2932 1945 3004 ἤτοι

412 3018 501 3078 τὸν
522 3018 679 3077 κάδον
704 3019 868 3078 addit
891 3018 1050 3088 Ald„
1074 3038 1189 3075 om.
1214 3021 1284 3076 V.
1306 3018 1641 3099 κληρωτρίδα
1671 3039 1780 3097 pro
1803 3021 1945 3091 >den--

416 3105 608 3188 ρωτίδα
630 3105 1050 3164 restituendum
1078 3105 1273 3164 Suidae
1298 3126 1343 3164 s.
1367 3108 1719 3187 Κληρωτήρια
1742 3130 1816 3167 ex
1835 3131 1942 3169 co-

413 3194 659 3255 dicibus.
684 3199 864 3253 Dum.
890 3190 1221 3270 ἐμὸαλόντας
1238 3192 1461 3275 ψήφους,
1484 3195 1515 3252 3
1540 3194 1674 3254 αὖτά
1697 3200 1770 3258 V.

495 3282 629 3354 757,
658 3302 695 3358 9
726 3280 1109 3362 Βελεροιρόντου
1143 3286 1216 3340 R.
1243 3314 1319 3328 -
1347 3302 1409 3338 11
1451 3283 1666 3343 Εἰνοδία
1700 3287 1943 3345 Valcke-

411 3387 536 3427 nar.
577 3369 763 3427 Diatr.
791 3369 997 3447 Eurip.
1030 3389 1087 3447 p.
1123 3370 1257 3443 166,
1281 3369 1479 3437 ἐνοδίας
1497 3371 1630 3432 ΑΜ.
1652 3373 1853 3442 εὖοδίας
1869 3379 1944 3433 V.

410 3456 623 3524 εὐωδίας
645 3462 717 3514 G.

493 3546 626 3617 763,
661 3563 729 3615 17
757 3543 814 3600 ἐν
843 3541 1047 3622 κρίσαις
1070 3547 1140 3600 V.

491 3634 626 3707 764,
661 3650 734 3689 20
758 3634 786 3688 ὁ
807 3629 1191 3710 παρακείμενος
1216 3629 1492 3712 κεχάρηκα
1510 3631 1642 3690 Ald.

490 3721 624 3794 768,
654 3739 720 3776 21
762 3717 1000 3777 διάκονον
1028 3716 1094 3788 ἣν
1123 3717 1440 3797 θεράπαιναν
1470 3720 1601 3777 Ald.

491 3808 627 3884 769,
659 3807 735 3864 25
773 3804 1010 3864 λείπεται
1040 3811 1193 3864 G.-
1222 3827 1294 3878 27
1334 3806 1492 3864 addit
1528 3806 1660 3868 Ald.
1707 3804 1928 3876 Ἄλλως.

405 3895 470 3966 ἣν
493 3899 541 3955 οἱ
565 3896 812 3975 ἄρχοντες
841 3892 1036 3969 ζημίαν,
1072 3892 1297 3974 ὁρίζουσι
1321 3902 1429 3958 τοῖς
1463 3894 1673 3953 ἁλοῦσιν
1708 3891 1938 3977 ἐξημαρ-

403 3981 621 4056 τηκέναι
642 3981 760 4062 περὶ
790 3979 1044 4063 ὀρφανοὺς
1064 3980 1386 4063 ἐπιτρόποις,
1418 3978 1454 4051 ἢ
1486 3980 1575 4039 καὶ
1613 3980 1794 4047 ἄλλοις
1825 3983 1934 4043 τισὶ

402 4076 507 4130 τῶν
534 4070 601 4131 τὰ
626 4067 853 4148 δημόσια
886 4068 962 4147 μὴ
992 4069 1164 4135 καλῶς
1192 4067 1600 4143 διοικησάντων,
1626 4067 1661 4140 ἢ
1690 4077 1798 4136 τοῖς
1825 4093 1930 4129 κα-

401 4162 615 4241 τέχουσι
637 4159 706 4220 τὰ
733 4158 983 4242 ἀλλότρια
1008 4159 1098 4217 καὶ
1129 4155 1203 4236 μὴ
1234 4160 1306 4225 εἷς
1330 4156 1556 4239 ἐμφανὲς
1586 4162 1928 4241 καθιστᾶσιν,

401 4247 623 4320 ἐπιὸολὴ
649 4250 921 4315 καλεῖται,
944 4246 1033 4306 καὶ
1061 4244 1122 4305 τὸ
1148 4250 1293 4327 ῥῆμα
1322 4243 1642 4305 ἔπιόάλλειν.
1672 4252 1817 4320 Quae
1845 4247 1934 4307 in·-

402 4352 553 4398 serta
573 4352 706 4397 sunt
729 4358 802 4396 ex
830 4337 1009 4396 Suida
1039 4356 1081 4394 s,
1114 4334 1398 4407 Ἐπιὸολή.

484 4447 620 4502 772,
652 4430 716 4485 31
754 4424 868 4496 εἵλη
891 4429 960 4482 V.
992 4424 1205 4483 Ald.1n
1235 4428 1304 4484 R.
1325 4436 1412 4482 est
1436 4422 1530 4495 ἕλη
1553 4428 1588 4497 ἡ
1610 4448 1659 4484 τ.
1687 4425 1774 4495 ἠλ.
1794 4424 1927 4506 αὐγὴ

400 4515 490 4574 καὶ
523 4514 708 4587 ἡλιαία
729 4513 791 4572 τὸ
834 4512 1193 4593 δικαστήριον.
1218 4512 1418 4581 παίζων
1461 4510 1577 4593 ἔφη.
1607 4546 1687 4558 -
1710 4514 1783 4581 34
1826 4536 1927 4572 κα-

399 4600 647 4686 τόρθρον,
677 4602 748 4660 35
781 4599 899 4679 οὐχὶ
946 4602 1000 4658 ἐν
1041 4599 1145 4682 ὅτῳ
1167 4606 1240 4660 V.
1277 4632 1355 4646 --
1395 4601 1469 4658 36
1522 4598 1583 4659 τὸ
1625 4599 1671 4658 δ’
1711 4605 1928 4659 Kuste-

399 4709 516 4753 rus.
564 4687 888 4767 Legebamr
917 4687 994 4768 τῷ
1040 4687 1106 4746 δ’.
1146 4687 1278 4747 Ald.
1308 4686 1556 4760 ἡλιάσεις.
1592 4686 1927 4769 προενεκτέον

400 4784 707 4837 Kusterus.
730 4774 1100 4859 προσενεκτέον
1123 4783 1190 4835 V.
1216 4776 1351 4836 ΔΜ.
1373 4820 1434 4829 -
1460 4785 1491 4846 4
1508 4798 1525 4832 ι
1567 4775 1700 4859 ἔφη’,
1730 4788 1787 4835 et
1813 4776 1928 4836 ἐπεὶ

2038 556 2134 629 τὴν
2159 558 2363 637 δίκην).

2122 653 2256 725 775,
2291 652 2362 712 53
2389 652 2641 732 ivd-(Lem
2658 660 2731 713 V.
2758 693 2820 704 —
2853 676 2875 713 1
2910 676 2995 802 οῗ.
3032 658 3164 718 vide
3199 660 3380 722 schol.
3419 662 3571 721 Pluti

2041 757 2174 809 277.
2198 777 2261 788 -
2285 741 2318 798 5
2355 762 2474 818 seq.
2521 742 2881 824 δικαστήριον.
2920 769 2944 802 ε
2968 766 3063 823 χον
3099 746 3155 805 δὲ
3198 748 3288 806 καὶ
3310 750 3398 808 ἐκ.
3429 748 3569 831 φυλὴ

2039 823 2130 883 ἕνα
2150 826 2467 905 θεσμοθέτην
2487 829 2575 888 καὶ
2598 829 2918 911 γραμματέα
2934 833 3060 891 ΔΙά.
3090 836 3458 894 Schoemanu.
3479 840 3572 896 De

2041 914 2237 972 comit.
2268 935 2328 992 p.
2360 915 2471 985 254
2498 918 2638 974 citat
2661 918 2928 976 Dindorf.

2122 1003 2256 1074 783,
2285 1004 2351 1060 13
2390 1002 2471 1062 Τὸ
2501 1002 2842 1081 μασσώμενοι
2862 1004 2947 1065 ἐπὶ
2971 1006 3031 1065 τὸ
3065 1008 3570 1089 διαλογιζόμενοιὛ.

2122 1090 2257 1161 787,
2287 1110 2355 1166 19
2374 1093 2439 1149 Λ.
2460 1114 2517 1149 τε
2543 1097 2617 1149 V.
2650 1097 2716 1151 Α.
2745 1094 2885 1151 ἐστιν
2909 1095 3045 1153 Ald.

2122 1177 2254 1252 789,
2280 1179 2346 1235 31
2383 1178 2736 1256 ἰχθυοπώλαις
2760 1184 2831 1238 V.
2862 1182 2989 1239 Ald.

2122 1284 2234 1339 790
2265 1256 2400 1333 εἶδος
2441 1263 2617 1344 ἰχθύος
2658 1266 2893 1345 μεγάλην
2923 1267 3116 1348 ἔχοντα
3142 1270 3232 1329 καὶ
3257 1284 3364 1330 etc.
3394 1272 3467 1333 V.

2126 1372 2233 1427 791
2266 1355 2342 1433 τῷ
2362 1352 2586 1430 στόματι
2624 1354 2847 1428 ἐνέθηκα
2887 1358 3113 1435 νομίζων
3148 1350 3283 1419 εἶναι
3319 1357 3569 1441 ἀργύριον

2040 1443 2113 1497 R.
2133 1437 2353 1512 ἐνέθηκα
2382 1459 2496 1499 0111.
2528 1446 2596 1503 V.
2660 1454 2665 1459 ’

2123 1529 2259 1602 795,
2304 1530 2378 1597 46
2408 1531 2639 1609 χαλκοῦς
2665 1553 2758 1609 μοι
2798 1530 3021 1613 ὀφείλειν
3065 1535 3293 1616 ἀργυροῦ
3337 1534 3502 1600 ὄντος.
3524 1537 3570 1594 εἰ

2041 1612 2116 1692 μὴ
2138 1614 2322 1673 καθότι
2345 1623 2414 1675 V.
2439 1655 2501 1668 --
2525 1618 2598 1675 50
2623 1619 2710 1677 ἐπὶ
2731 1617 3029 1694 μέλλοντος.
3063 1620 3345 1679 Absurde.
3376 1620 3566 1679 vide-

2041 1715 2137 1760 tm·
2173 1704 2233 1760 in
2270 1717 2459 1761 mente
2497 1704 2768 1763 habuisse
2808 1724 2937 1783 quae
2982 1708 3055 1764 de
3096 1706 3466 1785 subjunctivo
3506 1696 3569 1786 ᾖς

2039 1790 2126 1848 ἐπὶ
2151 1796 2243 1849 τοῦ
2275 1789 2558 1869 μέλλοντος
2605 1794 2796 1870 posito
2840 1795 3107 1873 praecipit
3135 1796 3479 1859 Ammonius
3504 1812 3565 1873 p.

2039 1881 2135 1952 67.
2162 1884 2340 1938 Dum.
2368 1916 2427 1929 —-
2450 1881 2516 1938 51
2546 1885 2651 1940 τῶν
2679 1902 2795 1939 om·
2825 1884 2897 1944 V.
2924 1881 3125 1963 χρόνων
3155 1904 3270 1943 om.
3304 1889 3374 1943 G.

2120 1986 2235 2043 790
2271 1967 2435 2026 sicin
2458 1973 2608 2043 RV„
2637 1971 2728 2026 οὐκ
2757 1969 2842 2027 ἐπ’
2866 1968 3086 2050 ἀληθείᾳ
3119 1971 3232 2051 (wc
3270 1970 3382 2050 V.),
3422 1968 3559 2029 ἀλλὰ

2036 2052 2165 2134 πρὸς
2186 2052 2283 2125 τὴν
2323 2055 2612 2135 φιλοδικίαν
2643 2055 2837 2125 παίζει.

2117 2142 2257 2215 804,
2285 2141 2320 2200 5
2345 2140 2632 2222 ἱδρυμένων
2662 2144 2791 2202 Ald.

2117 2229 2253 2298 814,
2290 2247 2356 2299 17
2382 2227 2556 2306 φακὴν
2584 2233 2655 2287 V.
2691 2232 2835 2312 φακῆ
2857 2229 2989 2288 Ald.
3028 2227 3301 2306 &Sep-ime
3327 2234 3399 2288 V.
3424 2229 3562 2289 διδό-

2037 2339 2170 2396 μενα
2200 2320 2272 2374 G.
2303 2315 2547 2394 διδομένη
2573 2317 2701 2375 Ald.
2724 2357 2789 2369 ..-
2820 2319 2888 2375 18
2918 2316 3186 2376 ἀσθενέσιν
3213 2322 3284 2377 R.
3355 2332 3364 2340 ‘
3512 2320 3521 2327 “

2117 2406 2258 2477 817,
2282 2406 2355 2462 23
2384 2402 2486 2487 γὰρ
2514 2403 2601 2463 ἐπὶ
2629 2410 2707 2465 V.

2115 2491 2252 2565 820,
2275 2492 2350 2550 26
2379 2489 2578 2550 Εἷκόνα
2604 2490 2844 2550 πινάκιον
2861 2536 2881 2566 ,
2906 2493 2960 2549 ἐν
2989 2494 3063 2551 R.
3087 2493 3302 2550 omisso
3338 2490 3558 2568 κομίζει.

2035 2599 2173 2652 ...27
2210 2577 2359 2637 ἔσται
2378 2580 2448 2636 R.
2476 2583 2631 2638 Fort.
2658 2580 2818 2639 ἐστίν.
2844 2578 3015 2660 ἥρωος
3040 2578 3405 2661 γεγραμμένου
3428 2582 3501 2639 V.

2116 2669 2253 2739 822,
2293 2669 2361 2725 31
2407 2665 2601 2748 φαῦλός
2641 2668 2755 2726 ἐστι
2783 2673 2877 2743 V.,
2927 2669 3030 2747 qui
3061 2670 3133 2726 32
3185 2688 3298 2725 om.
3328 2667 3560 2728 τοῦτοδὲ

2033 2747 2165 2815 εἷπε.
2189 2754 2319 2814 καθὸ
2354 2754 2670 2834 δημαγωγὸς
2696 2755 2928 2837 χαλεπὸς
2964 2748 3030 2830 ἦν
3066 2755 3155 2815 καὶ
3196 2757 3447 2837 ῥίψασπις
3486 2754 3559 2816 R.

2032 2844 2105 2904 ὢν
2135 2842 2224 2902 καὶ
2255 2841 2364 2924 ῥίψ.
2395 2848 2461 2901 V.

2113 2933 2249 3003 823,
2283 2932 2356 2988 35
2384 2927 2477 2987 καὶ
2505 2941 2637 2989 ante
2662 2929 2819 3002 δῆλον
2852 2951 2969 2989 0111.
2996 2936 3067 2990 V.

2114 3023 2227 3079 830
2244 3064 2262 3094 ,
2297 3022 2369 3091 37
2394 3018 2807 3099 περιτεινόμενον
2856 3023 2924 3079 V.
2953 3017 3376 3100 παραγενόμενον
3404 3021 3475 3081 R.
3499 3060 3560 3075 -.

2035 3118 2109 3179 40
2135 3106 2196 3168 τὸ
2223 3120 2282 3167 et
2312 3108 2385 3176 43
2414 3110 2508 3165 τοῦ
2550 3125 2671 3167 0111.
2695 3110 2767 3166 V.

2113 3198 2250 3269 834,
2278 3201 2349 3262 44
2377 3193 2485 3274 φιλ.
2511 3190 2564 3251 δὲ
2597 3211 2714 3252 0111.
2740 3197 2812 3251 V.
2832 3229 2896 3242 -
2919 3199 2995 3266 47
3025 3190 3203 3251 πάντα
3231 3179 3499 3273 φιλεῖὙ.Ῡ

2113 3284 2225 3342 836
2252 3283 2494 3359 glossam
2524 3278 2692 3356 ὄνομα
2716 3277 2867 3347 κυνὸς
2888 3279 3061 3338 habet
3083 3284 3152 3337 R.
3179 3315 3239 3331 -
3267 3302 3291 3338 1
3325 3282 3447 3340 Σικ.
3470 3281 3562 3341 ἐπὶ

2030 3372 2167 3453 θήρᾳ
2195 3368 2372 3453 (θηρία
2391 3366 2509 3445 V.).
2558 3366 2713 3449 τυρὸν
2751 3366 2806 3428 δὸ
2856 3366 3094 3448 ἥρπασεν
3145 3359 3293 3434 οὗτος
3320 3370 3408 3427 ἐπὶ
3446 3369 3562 3447 (ἐπὶ

2029 3481 2145 3519 0111.
2187 3458 2284 3535 V.)
2326 3454 2612 3537 δωροδοκίᾳ
2652 3454 2778 3514 Md.
2834 3455 3028 3514 Verba
3076 3446 3448 3536 θηρία-οἶτος
3487 3478 3561 3516 ex

2029 3544 2424 3624 superioribus
2450 3544 2717 3621 repetita.
2736 3544 2915 3602 Dum.
2940 3540 3030 3602 ἐπὶ
3058 3541 3245 3602 ταυτὸν
3274 3543 3408 3603 ΔΙά.
3430 3577 3501 3596 -ι
3520 3545 3558 3602 3

2028 3634 2140 3695 ἕστὶ
2169 3631 2371 3714 κομψόν
2401 3637 2473 3691 V.
2898 3677 2915 3689 .

2107 3723 2244 3795 838,
2274 3722 2340 3779 15
2366 3723 2525 3800 τυροῦ
2554 3719 2833 3779 Σικελικοῦ
2863 3723 2910 3777 Α

2105 3811 2242 3883 841,
2291 3810 2361 3866 18
2399 3810 2507 3866 τῶν
2535 3826 2651 3865 0111.
2681 3811 2749 3865 V.
2774 3843 2836 3855 —
2868 3828 2938 3883 19
2987 3806 3074 3888 ὑφ’
3122 3804 3301 3888 ἑτέρου
3338 3807 3555 3870 πολίτου

2023 3902 2250 3956 V.--2o
2267 3892 2385 3954 τότε
2412 3892 2502 3954 καὶ
2526 3896 2598 3961 ὥς
2626 3915 2737 3951 κυν.
2767 3897 2837 3953 R.
2857 3893 2947 3952 καὶ
2965 3892 3080 3971 ἅμα
3104 3891 3161 3951 δὲ
3184 3897 3255 3960 ὡς
3282 3894 3555 3960 σκαιώδεις

2103 4074 2237 4142 843.
2269 4071 2513 4130 Dubitat
2549 4069 2855 4128 scholiasta
2901 4070 3044 4148 αὐτῷ
3079 4088 3155 4128 an
3185 4069 3330 4128 αὐτώ
3364 4072 3553 4148 legen·

2020 4161 2160 4219 dum
2182 4161 2273 4217 sit.
2304 4164 2489 4217 Dum.

2102 4248 2237 4319 844,
2264 4247 2337 4304 23
2371 4248 2512 4305 ἐστιν
2536 4263 2651 4303 0111.
2680 4247 2748 4303 R.
2776 4242 3013 4304 κανωτὸν
3041 4248 3109 4303 V.
3148 4244 3242 4302 hio
3271 4257 3330 4303 et
3363 4245 3547 4321 infru

2018 4333 2310 4394 κανονωτὸν
2340 4334 2469 4392 Ald.
2490 4372 2553 4382 —
2582 4341 2653 4401 24
2683 4335 2733 4391 οἱ
2758 4351 2875 4392 om.
2908 4337 2984 4392 Β.
3013 4329 3128 4392 ὄτι-11
3149 4350 3265 4390 om.
3289 4337 3363 4391 V.

2097 4424 2237 4501 846,
2270 4424 2345 4483 36
2369 4420 2459 4482 καὶ
2498 4420 2728 4491 δικάζειν
2760 4427 2832 4480 V.
2858 4458 2923 4473 -
2953 4423 3027 4480 38
3067 4423 3182 4481 ἐστι
3208 4423 3280 4480 V.
3309 4439 3420 4502 pro
3455 4422 3551 4483 ‘E-

2018 4512 2156 4593 στίᾳ.
2176 4550 2242 4562 -
2270 4513 2344 4580 46
2374 4509 2430 4569 δὲ
2459 4529 2572 4568 0111.
2600 4515 2675 4570 V.
2696 4548 2756 4560 -
2782 4511 2857 4579 48
2879 4510 3124 4590 ὀρρωδῶν
3152 4514 3227 4570 V.

2097 4600 2232 4673 848,
2268 4600 2302 4656 3
2332 4603 2420 4657 τοῦ
2448 4596 2665 4679 γράφειν
2689 4602 2755 4655 V.

2101 4689 2238 4764 849,
2273 4686 2308 4744 5
2339 4684 2557 4744 δύνασαι
2585 4689 2654 4743 V.
3498 4693 3507 4704 “

2097 4776 2236 4849 855,
2282 4772 2351 4832 15
2384 4764 2429 4854 ᾧ
2461 4775 2601 4832 ἐστιν
2622 4777 2692 4831 R.
2713 4762 2820 4831 οἷον
2864 4776 2944 4831 V..
2977 4769 3106 4830 AJd.
3130 4805 3194 4820 -
3230 4770 3303 4827 16
3333 4767 3550 4844 κύαθος,

401 4863 492 4925 ἐὰν
525 4872 610 4939 V.,
651 4867 750 4945 qui
796 4873 869 4934 42
917 4863 972 4923 δὲ
1019 4866 1113 4924 hic
1147 4866 1419 4924 omissum
1456 4878 1589 4943 post
1633 4861 1778 4938 εἵλην
1812 4885 1925 4943 po·
2014 4863 2204 4928 ἄλλως.
2225 4860 2330 4940 ἐγὼ
2353 4860 2455 4943 γὰρ
2474 4851 2615 4942 εἶχον
2631 4860 2840 4926 ἔωςτοῦ
2868 4854 3555 4942 ἀρυστίχωπρὸςτὴνδια-

399 4959 592 5116 ῃη7ζ4
622 5032 754 5102 Οἷον
798 5039 976 5110 ὕοντος
1022 5040 1112 5101 καὶ
1131 5043 1136 5047 ’
1154 5041 1383 5124 νίφοντος
1416 5042 1487 5108 εἷς
1527 5039 1740 5123 εἱργμὸν
1790 5037 1925 5100 ἀλλὰ

2015 4950 2233 5033 ψήφισιν
2253 4954 2321 5008 V.
2344 4987 2410 5004 --
2443 4971 2465 5007 1
2480 4971 2509 5022 7
2534 4947 2840 5020 κυλίσκους,
2862 4965 2941 5006 22
2971 4947 3301 5019 ὑπεστήσατο
3322 4947 3449 5007 ΑΗ.

2094 5038 2229 5112 857,
2262 5040 2339 5097 26
2365 5034 2806 5118 προσαγορεύεται
2832 5041 2901 5096 V.
3272 5031 3283 5044 “
