3859 5725
395 235 508 285 81²

471 373 592 415 1⁴27.
636 356 778 431 μισῶ
817 350 1040 425 πολίτην
1082 371 1098 413 :
1143 350 1292 423 Αὕτη
1336 348 1623 432 Εὐριπίδου
1660 354 1695 421 ἡ
1737 347 1952 426 γνώμη,

391 441 467 520 μὴ
496 441 881 521 καταδέχεσθαι
907 438 1151 509 καθάπαξ
1178 437 1531 510 Ἀλκιὸιάδην.
1561 435 1954 518 (χαρακτηρίζει

389 528 447 587 δὲ
475 526 631 587 αὐτὸν
658 527 790 606 ἅμα.
822 532 992 586 ταῦτα
1025 525 1082 585 δέ
1106 549 1262 608 φησιν
1289 525 1576 607 Εὐριπίδης
1599 524 1744 607 περὶ)
1772 523 1953 584 Ἀλκι-

391 615 603 690 6ιάδου,
630 617 701 682 ὡς
739 614 884 683 ὄντος
924 616 1085 674 αὐτοῦ
1124 612 1384 687 τοιούτου,
1415 611 1648 694 βραδέως
1684 610 1779 689 μὲν
1810 612 1954 693 ὠφε-

335 723 363 763 o
389 706 600 771 λοῦντος
621 701 716 776 τὴν
738 701 967 783 πατρίδα
985 746 1002 775 ,
1022 700 1228 782 ταχέως
1254 701 1309 760 δὲ
1337 699 1672 780 βλάπτοντος.

475 809 598 851 1433.
644 787 879 867 μάλιστα
935 788 1031 865 μὲν
1078 787 1264 847 λέοντα
1316 808 1331 848 :
1390 786 1662 865 (Μάλιστα
1710 784 1825 864 μὲν)
1877 782 1954 863 μὴ

391 877 696 959 ἀνατρέφειν
737 875 1008 958 φρόνημα,
1038 874 1127 935 ἐὰν
1161 874 1216 935 δὲ
1250 873 1543 956 ἀνατρέφῃ,
1581 873 1655 952 μὴ
1694 872 1954 952 ἐρεθίζειν,

391 964 530 1025 ἀλλὰ
555 969 861 1025 τιθασῶσαι.
885 963 1022 1023 ὥστε
1046 968 1074 1022 ὁ
1102 961 1197 1040 μὲν
1222 962 1512 1044 Εὐριπίδης
1535 961 1956 1039 συμὸεὸούλευκε

393 1051 469 1131 μὴ
499 1052 772 1134 δέχεσθαι,
813 1056 841 1110 ὁ
870 1049 925 1110 δὲ
970 1049 1234 1132 Αἰσχύλος
1270 1047 1518 1122 τοιαύτην
1553 1049 1670 1108 τινὰ
1707 1048 1956 1123 διάνοιαν,

314 1156 365 1195 10
392 1140 428 1212 ἢ
467 1139 542 1218 μὴ
581 1137 992 1212 καταδέξασθαι,
1035 1136 1070 1209 ἢ
1112 1136 1561 1215 καταδεξαμένους
1596 1144 1954 1219 τροποφορεῖν.

393 1226 467 1305 (ἔν
509 1250 617 1286 τισι
652 1225 708 1285 δὲ
749 1222 885 1303 μετὰ
922 1223 983 1284 τὸ
1020 1228 1228 1305 πρῶτον
1268 1224 1610 1306 παραγραφή·
1649 1223 1785 1284 ὥστε
1822 1215 1957 1283 εἶναι

391 1315 452 1379 τὸ
501 1314 597 1394 μὲν
641 1317 845 1395 πρῶτον
897 1311 1323 1392 ὁμολογουμένως
1376 1311 1673 1391 Αἰσχύλου,
1727 1310 1847 1378 τούς
1901 1311 1957 1370 δὲ

393 1402 509 1474 ἑξῆς
551 1400 744 1473 ἄδηλον
771 1399 921 1467 τίνος.
951 1398 986 1470 ἢ
1013 1396 1116 1481 γὰρ
1154 1396 1443 1480 Εὐριπίδης
1476 1397 1552 1467 δίς
1582 1401 1720 1458 ἔστιν
1746 1402 1958 1477 ἀποφη-

393 1489 639 1568 νάμενος,
667 1487 703 1561 ἢ
733 1491 761 1546 ὁ
796 1486 1041 1554 Διόνυσος
1076 1486 1192 1546 ἀντὶ
1223 1492 1314 1545 τοῦ
1343 1486 1549 1545 ἀκούειν
1579 1485 1775 1546 ἐκείνου
1810 1485 1960 1553 αὐτὸς

316 1597 365 1637 15
392 1577 560 1656 λέγων
593 1575 686 1636 καὶ
719 1580 919 1652 ταῦτα,
943 1573 1404 1652 ἐπεξεργαζόμενος
1433 1573 1494 1632 τὸ
1529 1575 1655 1655 παρ’
1691 1573 1960 1655 Αἰσχύλου

391 1664 693 1744 λεγόμενον·
723 1661 759 1735 ἢ
788 1667 817 1722 ὁ
838 1661 1011 1744 χορός.
1038 1662 1091 1720 ἔν
1114 1684 1222 1720 τισι
1244 1660 1300 1720 δὲ
1332 1660 1443 1729 ίνός
1468 1664 1580 1720 ἐστι
1603 1660 1671 1720 τὰ
1690 1660 1838 1743 τρία,
1867 1665 1960 1720 τοῦ

393 1750 664 1833 Αἰσχύλου
707 1754 914 1833 πρῶτον
965 1748 1061 1828 μὲν
1104 1752 1440 1831 ἀποφατικῶς
1483 1748 1722 1828 λέγοντος
1736 1793 1753 1823 ,
1792 1746 1860 1807 τὰ
1904 1747 1962 1808 δὲ

393 1838 510 1910 ἑξῆς
532 1835 625 1897 δύο
650 1835 1023 1918 μαλακώτερον
1053 1832 1460 1915 ὖποτιθεμένου.)

478 1943 602 1986 1434.
648 1927 818 2006 σοφῶς
854 1921 950 2001 μὲν
984 1926 1014 1981 ὁ
1041 1920 1331 2003 Αἰσχύλος,
1373 1923 1552 2003 σαφῶς
1583 1919 1639 1981 δὲ
1679 1925 1708 1981 ὁ
1739 1919 1966 2003 Εὐριπί-

312 2033 372 2072 20
399 2013 509 2083 δης.
538 2021 597 2070 R.
1200 2072 1209 2079 ,

477 2120 598 2160 1437.
640 2096 691 2158 εἴ
736 2121 815 2167 τις
860 2094 1135 2180 πτερώσας
1180 2096 1498 2177 Κλεόκριτον
1540 2096 1774 2179 Κινησία
1825 2117 1840 2158 :
1893 2095 1964 2158 ‘O

396 2186 655 2259 Κινησίας
687 2184 876 2253 λεπτὸς
906 2176 989 2259 ἦν,
1038 2189 1067 2244 6
1105 2181 1161 2244 δὲ
1203 2184 1520 2266 Κλεόκριτος
1548 2185 1823 2267 μοχθηρός.
1863 2207 1966 2266 φη-

397 2275 481 2335 σὶν
520 2265 609 2334 οὐν
636 2272 718 2334 ὅτι
746 2271 814 2352 (εἴ
838 2297 914 2340 τις
951 2272 1069 2331 ἀντὶ
1094 2274 1322 2353 πτερῶν)
1363 2271 1669 2354 Κλεοκρίτῳ
1707 2271 1964 2345 Κινησίαν

395 2360 728 2444 παραὸάλοι,
770 2359 906 2421 ὥστε
964 2358 1211 2442 φέρεσθαι
1254 2360 1589 2442 μεταρσίους,
1636 2360 1966 2435 συμὸήσεται

317 2467 369 2506 25
398 2448 583 2518 αὐτοὺς
604 2447 816 2508 ὀλέσθαι
847 2447 1231 2530 αὐροφορῆτους
1255 2446 1576 2526 γενομένους.
1701 2446 1957 2528 [Ἄλλως.

395 2535 446 2597 εἴ
472 2560 550 2604 τις
578 2534 854 2618 πτερώσας
886 2555 902 2596 ε
943 2535 1038 2601 Ὡς
1063 2533 1252 2601 λεπτὸς
1290 2533 1491 2616 σφόδρα
1522 2532 1594 2592 ὢν
1631 2536 1964 2614 κωμῳδεῖται

397 2624 488 2685 καὶ
513 2627 585 2693 ὣς
616 2622 753 2693 ξένος
781 2622 873 2682 καὶ
900 2625 973 2690 ὣς
1001 2620 1181 2691 κόλαξ.
1212 2620 1446 2699 ἐμνήσθη
1480 2619 1536 2679 δὲ
1566 2622 1656 2681 καὶ
1679 2627 1769 2681 τοῦ
1798 2626 1967 2696 Κινη-

398 2711 513 2773 σίου
558 2714 631 2778 ὧς
665 2710 850 2771 τούτου
886 2707 981 2769 καὶ
1019 2714 1110 2768 τοῦ
1159 2709 1476 2789 Κλεοκρίτου
1517 2707 1960 2792 ὁμοφρονούντων.

398 2799 571 2860 ἀθετεῖ
598 2797 652 2856 δὲ
676 2798 794 2866 τοὺς
814 2796 973 2855 πέντε
997 2795 1176 2879 ἐφεξῆς
1204 2795 1412 2878 στίχους
1441 2795 1537 2865 ἕως
1559 2802 1649 2858 τοῦ

317 2957 373 3000 80
585 2946 783 3010 ῥαίνοιεν
805 2947 871 3002 εἰς
891 2944 954 2995 τὰ
973 2945 1175 3009 βλέφαρα
1191 2950 1286 2994 τῶν
1300 2944 1520 2995 ἐναντίων

398 3084 750 3167 Ἀρίσταρχος.
797 3082 877 3142 ὅτι
918 3083 1287 3167 φορτικώτεροί
1320 3086 1421 3144 εἰσι
1455 3083 1547 3144 καὶ
1591 3086 1837 3159 εὐτελεῖς,
1881 3088 1971 3147 διὰ

396 3179 553 3234 τοῦτο
608 3173 1007 3232 ὁποπτεύονται.
1061 3172 1400 3240 Ἀπολλώνιος
1449 3170 1505 3232 δὲ
1557 3175 1615 3232 οὐ
1660 3174 1746 3234 διὰ
1789 3181 1970 3249 τοῦτο,

398 3259 515 3321 ἀλλ’
544 3258 624 3319 ὅτι
651 3263 708 3319 οὐ
748 3259 877 3341 πρὸς
912 3258 1009 3332 τὴν
1037 3258 1279 3319 ὑπόθεσιν
1308 3258 1489 3339 Ῑχουσί
1525 3284 1593 3321 τι.
1629 3260 1885 3343 ἐρομένων
1915 3262 1970 3321 δὲ

400 3349 574 3407 αὐτῶν
603 3345 848 3428 ἑκάτερος
874 3345 1000 3424 μίαν
1029 3345 1245 3424 γνώμην
1271 3344 1465 3426 λέγει]

325 3465 379 3506 35
491 3455 615 3496 1440.
659 3432 967 3513 κατέχοντες
1011 3433 1181 3502 ὀξίδας
1229 3454 1244 3494 2
1293 3432 1620 3515 Ὀξυδάφους
1663 3435 1974 3518 κατέχοντες

401 3521 622 3606 ῥαίνοιεν
648 3519 751 3589 ὄξει
774 3519 894 3588 τοὺς
920 3520 1220 3599 πολεμίους.
1249 3520 1426 3597 (ὀξίδες
1448 3520 1502 3579 δὲ
1528 3522 1756 3603 κεράμια
1784 3524 1971 3606 μικρά.

398 3609 435 3682 ἢ
464 3602 600 3676 εἶδος
638 3606 863 3675 λοπάδος
898 3613 933 3680 ἡ
972 3606 1090 3675 ὀξίς.
1127 3613 1295 3666 ταῦτα
1333 3607 1388 3666 δὲ
1424 3609 1721 3686 ἠθετημένα
1752 3612 1975 3691 μετρίως

400 3696 464 3756 ἄν
486 3719 564 3763 τις
590 3694 850 3774 νομίσειεν
875 3693 1311 3756 ἐνδιεσκευάσθαι.
1342 3695 1431 3755 καὶ
1463 3695 1565 3778 γάρ
1594 3699 1703 3755 ἐστι
1731 3699 1971 3780 φορτικά.

397 3782 467 3844 τὰ
498 3782 556 3843 δὲ
595 3782 710 3855 ἑξῆς
741 3781 956 3861 κείμενα
995 3781 1264 3863 πρέποντα
1304 3782 1396 3842 καὶ
1433 3787 1509 3864 τῷ
1544 3789 1739 3864 ποιητῇ
1778 3786 1870 3844 καὶ
1904 3792 1973 3867 τῇ

320 3900 375 3940 ⁴0
404 3868 689 3949 ὑποθέσει.)
716 3868 887 3950 [fitam
913 3868 1089 3950 φησὶν,
1118 3868 1203 3936 οὓς
1217 3873 1304 3927 νῦν
1328 3868 1515 3948 ἔχομεν
1541 3871 1976 3952 παρεωραμένους

402 3956 493 4017 καί
522 3956 775 4034 δοκοῦμεν
816 3954 1031 4036 ἐχθροὺς
1065 3959 1159 4027 τῆς
1197 3954 1424 4030 πόλεως,
1464 3955 1676 4024 τούτους
1708 3958 1976 4038 ἐπανάγω-

403 4068 500 4123 μεν
537 4046 609 4111 εἰς
642 4043 703 4102 τὸ
740 4044 962 4124 ἀρχαῖον
1005 4041 1243 4120 ἀξίωμα,
1279 4043 1371 4103 καὶ
1404 4044 1619 4112 πιστοὺς
1658 4044 1972 4125 νομίσωμεν·

401 4124 475 4199 οἶς
502 4128 557 4190 δὲ
593 4136 685 4190 νῦν
721 4130 974 4213 χρώμεθα
1003 4133 1072 4199 ὡς
1099 4135 1330 4203 πιστοῖς,
1367 4131 1576 4200 τούτους
1606 4132 1856 4202 ἀπίστους
1881 4135 1973 4195 καὶ

401 4217 620 4301 φθορέας
673 4222 767 4290 τῆς
845 4215 1046 4284 πόλεως
1101 4218 1383 4296 ἡγώμεθα,
1447 4218 1635 4294 σωθείη
1713 4226 1747 4293 ἡ
1802 4223 1969 4292 πόλις.

323 4333 376 4374 ⁴⁵
403 4313 556 4367 τοῦτο
592 4304 648 4364 δὲ
692 4303 861 4382 λέγει,
904 4304 1034 4363 διότι
1070 4303 1188 4373 τούς
1224 4305 1415 4375 καλοὺς
1452 4306 1542 4366 καὶ
1580 4310 1974 4379 λυσιτελοῦντας

405 4393 596 4476 ἄνδρας
621 4396 688 4473 τῇ
716 4391 869 4451 πόλει
896 4390 1135 4472 ἀφέντες,
1165 4397 1236 4461 ὡς
1263 4394 1353 4452 καὶ
1380 4393 1589 4454 ὄπισθεν
1619 4398 1672 4456 ἐν
1699 4401 1765 4478 τῇ
1794 4421 1971 4479 παρα-

405 4480 560 4626 δάσὲι
603 4479 730 4562 ἔφη,
768 4483 1049 4560 μοχθηροῖς
1086 4480 1178 4542 καὶ
1215 4481 1429 4562 φαύλοις
1474 4485 1705 4563 ἐχρῶντο
1738 4485 1865 4566 πρδς
1903 4484 1974 4545 τὰ

404 4589 514 4628 κοιν
560 4612 574 4627 .
1768 4621 1779 4635 .

486 4565 610 4713 uu}
650 4652 1007 4736 ἀμαθέστερόν
1045 4678 1157 4722 πως
1200 4652 1313 4714 εἰπὲ
1362 4676 1377 4717 :
1424 4655 1836 4741 [Ἀγροικότερον
1879 4661 1971 4722 καὶ

328 4777 382 4818 ω
406 4739 752 4885 παχύτερον]
795 4741 1248 4828 ἀπαιδευτότερον,
1282 4741 1319 4824 ἢ
1355 4744 1663 4826 κοινότερον.
1701 4743 1847 4834 παρὰ
1870 4748 1971 4824 τὴν

407 4850 610 4907 παροιμ
631 4852 694 4886 αν
1436 4840 1445 4850 “

593 4980 869 5046 σαφέστερόν
898 4999 976 5046 μοι
1000 4983 1342 5050 κάμαθέστερον
1369 4985 1561 5050 φράσον.

1555 217 1939 283 SCHOLIA
1987 215 2079 277 IN
2129 215 2434 316 RAN4S.

2117 367 2241 410 1451.
2288 339 2346 407 εὐ
2378 347 2428 427 γ’
2459 336 2505 407 ῶ
2543 345 2867 426 Παλάμηδες
2905 366 2921 407 2
2961 342 3130 431 [Πρὸς
3163 344 3252 405 τὸν
3289 344 3603 426 ΕὐριπΒην·

2036 432 2116 494 ὅτι
2144 434 2276 503 εἰκὸς
2302 439 2362 495 ἐκ
2383 433 2743 513 Παλαμήδους
2770 433 3070 494 πεπλάσθαι
3085 439 3274 493 ταῦτα.
3323 432 3389 516 [ἢ
3423 432 3602 506 ἐπειδὴ

2036 525 2065 581 6
2100 520 2437 601 Παλαμήδης
2473 520 2763 601 μηχανικὸς
2807 521 2899 581 καὶ
2942 520 3221 603 ἕφευρετὴς
3291 546 3336 580 ν.
3382 513 3503 603 εἶρε
3549 520 3605 581 δὲ

2038 610 2130 669 καὶ
2158 601 2305 675 οὗτος
2331 608 2576 690 μηχανὴν
2605 608 2866 691 σωτηρίας
2891 613 2958 691 τῇ
2987 608 3156 670 πόλει.
3188 608 3274 669 διὰ
3299 614 3455 669 τοῦτο
3482 613 3606 673 Πα-

2037 697 2281 777 λαμήδην
2313 703 2497 758 τοῦτον
2525 697 2727 778 καλεῖ]
3626 721 3655 760 5

2122 807 2239 845 1452.
2288 785 2457 864 (ταυτὶ
2493 784 2667 867 πότερ’
2709 783 2865 853 αὐτὸς
2902 805 2918 845 z
2951 787 3324 846 Συναθετεῖται
3354 796 3463 854 τοῖς
3497 786 3607 847 ἅνω

2038 871 2130 931 καὶ
2154 864 2315 941 οὗτος.
2345 871 2513 951 μένων
2541 873 2642 953 γὰρ
2676 875 2858 953 ἀκυροῖ
2886 871 2985 945 τὴν
3017 873 3226 932 ἐκείνων
3266 873 3530 949 ἀθέτησιν,
3553 880 3607 936 ἐν

2038 951 2076 1038 ᾖ
2113 959 2353 1041 φαίνεται
2393 960 2461 1018 τὰ
2497 957 2593 1038 μὲν
2631 959 2864 1042 πρότερα
2905 958 3169 1040 Αἰσχύλος
3208 960 3399 1042 λέγων,
3440 963 3512 1023 τὰ
3552 965 3608 1024 δὶ

2039 1044 2156 1119 ἑξῆς
2187 1045 2512 1127 Εὐριπίδης.)

2121 1156 2241 1196 1453.
2286 1135 2396 1214 (τὰς
2432 1137 2477 1195 δ’
2512 1135 2684 1205 ὀξίδας
2719 1139 3039 1220 Κηφισοφῶν
3079 1159 3094 1200 :
3137 1140 3445 1223 Τιμαχίδας
3479 1142 3610 1225 πόρ-
3637 1158 3684 1196 ιο

2042 1228 2201 1306 ρωθεν
2233 1226 2295 1284 ἐκ
2324 1224 2754 1304 λαχανοπώλιδός
2787 1248 2916 1308 φησι
2947 1226 3037 1285 τὸν
3069 1227 3362 1311 Εὐριπίδην
3400 1228 3487 1287 διὰ
3518 1230 3610 1299 τὰς

2040 1309 2245 1389 ὀξίδας.)

2126 1418 2243 1459 1455.
2292 1398 2473 1480 [πόθεν
2509 1421 2525 1461 z
2562 1399 2874 1483 Ἀρνητικῶς
2908 1399 3021 1460 ἴσον
3058 1404 3134 1483 τῷ
3173 1404 3436 1477 οὐδαμῶς.
3485 1406 3612 1488 πρὸς

2044 1482 2163 1563 βίαν
2187 1482 2260 1559 δὲ,
2275 1485 2405 1567 πρὸς
2423 1487 2673 1565 ἀνάγκην·
2696 1488 2876 1559 ἐπειδὴ
2900 1487 3109 1557 τούτους
3122 1492 3150 1548 6
3168 1490 3347 1572 καιρὸς
3363 1491 3611 1575 ἤγαγεν]

2123 1591 2245 1632 145ο.
2292 1574 2346 1630 ἐν
2375 1574 2644 1655 ἐρωτήσει.
2672 1586 2732 1635 R.
3640 1599 3685 1638 15

2125 1678 2247 1720 1459.
2294 1651 2333 1740 ᾗ
2365 1659 2500 1738 μήτε
2532 1660 2720 1743 σισύρα
2749 1662 3029 1736 ;(Χλαίνης
3056 1654 3188 1732 εἶδος
3218 1667 3481 1740 εὐτελοῦς,
3510 1659 3612 1728 οἷον

2044 1743 2271 1911 iffi&
2322 1744 2363 1889 3
2423 1744 2649 1809 διπλοΐδα
2697 1749 2732 1822 ἤ
2789 1773 2843 1809 τι
2901 1742 3176 1831 τοιοῦτον.)
3203 1750 3323 1832 [καὶ
3378 1756 3613 1837 ἀλλαχοῦ

2189 1879 2201 1891 .
2228 1854 2306 1895 421

2231 1982 2460 2043 χειμῶνος
2483 1977 2614 2035 ὄντος
2629 1981 2749 2042 τρεῖς
2767 1977 2960 2042 σισύρας
2982 1978 3219 2042 ὀφειλέτω.

2045 2101 2178 2170 τινὲς
2206 2099 2261 2161 δὲ
2293 2100 2501 2179 ἱμάτιον
2530 2098 2700 2181 τραχύ
2730 2100 2821 2160 καὶ
2855 2100 3004 2181 παχὺ
3023 2146 3039 2175 ,
3066 2101 3403 2183 περιὸόλαιον
3435 2106 3610 2187 ἀγροι·
3637 2120 3689 2159 ¹⁰

2048 2189 2210 2262 κικὸν,
2235 2187 2491 2261 δουλικὸν,
2510 2186 2755 2247 παλαιόν·
2779 2187 2995 2268 ἢχιτὼν
3018 2189 3339 2270 δερμάτινος.
3365 2193 3535 2273 Βορέῃ
3560 2192 3616 2254 δὲ

2046 2276 2284 2357 λέγουσιν
2296 2274 2529 2357 Ἥλίῳτε
2538 2275 2784 2347 τοιαύτην
2798 2274 2904 2356 ἔριν
2912 2275 3166 2356 γενέσθαι,
3181 2279 3426 2361 ὁπότερος
3437 2282 3618 2361 ἀνδρὸς

2052 2364 2299 2447 ἀγροίκου
2320 2364 2709 2443 ὁδοιποροῦντος
2731 2361 2827 2433 τὴν
2847 2361 3065 2444 σισύραν
3089 2364 3376 2448 beadufl&
3399 2367 3454 2427 δὲ
3473 2375 3616 2444 νοῦς,

2051 2453 2189 2530 μήτε
2218 2450 2451 2533 χρηστὸς
2494 2449 2629 2528 μήτε
2666 2449 2890 2530 ὀχληρὸς
2916 2450 3133 2523 πολίτης
3174 2453 3450 2535 συμφέρει.
3487 2457 3619 2537 πρὸς

2050 2542 2104 2600 δὲ
2138 2540 2236 2614 τὴν
2274 2538 2542 2621 διαφοράν.
2581 2538 2635 2597 ἔν
2675 2561 2781 2598 τισι
2820 2537 2910 2598 καὶ
2948 2539 3137 2621 σισύρα
3170 2541 3263 2601 καὶ
3302 2543 3521 2622 σισύρνα
3557 2548 3619 2605 ἐκ
3643 2563 3690 2604 25

2050 2653 2083 2688 τ
2118 2628 2227 2688 ίτου
2263 2627 2323 2687 τὸ
2353 2626 2508 2699 αὐτὸ,
2550 2623 2689 2697 πλὴν
2724 2623 2805 2684 ὅτι
2842 2630 2878 2698 ἡ
2923 2625 3018 2703 μὲν
3059 2626 3248 2709 σισύρα
3289 2630 3430 2689 δοκεῖ
3461 2631 3619 2711 βαίτη

2051 2653 2183 2776 devm
2210 2717 2271 2774 ἐκ
2305 2713 2577 2794 δερμάτων
2606 2712 2834 2791 αἰγείων,
2861 2718 2895 2786 ἡ
2925 2715 2978 2772 δὲ
3002 2717 3196 2795 χλαῖνα
3222 2717 3329 2777 ἀπὸ
3352 2718 3525 2799 ἐρίων.

2133 2823 2253 2864 1460.
2298 2801 2474 2884 [εἴπερ
2515 2802 2764 2860 ἀναδύσει
2804 2820 2819 2862 :
2863 2800 3162 2884 Ἔπανέλθῃ
3197 2806 3257 2863 ἐκ
3296 2809 3391 2878 τῆς
3431 2807 3620 2867 δυστυ-

2050 2891 2174 2974 χίας
2191 2889 2372 2972 ὥσπερ
2401 2892 2461 2950 ἐκ
2492 2894 2669 2969 βυθοῦ.
2696 2888 2901 2970 εἴρηται
2922 2887 2978 2949 δὲ
3004 2892 3066 2949 ἐκ
3079 2903 3381 2974 μεταφορᾶς
3400 2899 3507 2954 τῶν
3525 2901 3623 2976 βυ-

2052 2978 2330 3056 θιζομένων
2356 2976 2546 3057 νηῶν]
3645 3015 3697 3056 ³0

2134 3085 2255 3126 1⁴⁶1.
2306 3064 2443 3144 [ἐκεῖ
2469 3061 2725 3145 φράσαιμ’
2762 3063 2826 3124 ἂν
2851 3083 2867 3126 :
2899 3063 2992 3125 Ἐν
3015 3068 3093 3146 τῷ
3122 3065 3238 3150 βίῳ.
3266 3070 3535 3146 ἐπιθυμῶν
3561 3069 3622 3132 δὲ

2054 3152 2341 3212 ἀναὸιῶναι
2363 3156 2518 3210 τοῦτο
2541 3149 2736 3231 λέγει.]

2137 3241 2302 3317 (1462).
2339 3239 2454 3298 ἀλλ’
2485 3237 2654 3297 ἐνθάδ’
2697 3238 2828 3298 ἀνίει
2862 3239 3071 3319 τάγαθά
3113 3262 3128 3304 :
3161 3241 3325 3320 [Ἀντὶ
3351 3249 3446 3305 τοῦ
3484 3246 3620 3306 ἀνά-

2054 3326 2282 3404 πεμπε.]
2302 3325 2448 3406 παρὰ
2471 3326 2567 3396 τὴν
2594 3327 2887 3407 παροιμίαν

2179 3465 2278 3514 ἐκεῖ
2292 3466 2546 3529 βλέπουσα,
2561 3467 2680 3530 δεῦρ’
2706 3466 2821 3516 ἀνίει
2846 3467 3044 3530 τάγαθά.
3647 3486 3700 3526 ³⁵

2138 3595 2259 3636 1463.
2323 3575 2419 3647 τὴν
2432 3579 2530 3655 γῆν
2560 3575 2686 3635 ὅταν
2706 3578 2962 3656 νομίσωσι
2979 3601 2993 3641 z
3012 3581 3127 3654 Τὴν
3150 3585 3471 3666 Περικλέους
3492 3587 3624 3666 γνώ-

2057 3686 2162 3741 μην
2189 3661 2344 3740 λέγει.
2365 3664 2430 3741 (εἰ
2464 3661 2560 3734 τὴν
2601 3661 2695 3740 μὲν
2720 3664 2957 3739 Ἀττικὴν
2993 3671 3064 3736 ὡς
3099 3671 3361 3748 πολεμίαν
3404 3674 3622 3737 ἕάσουσι

2054 3748 2361 3827 τέμνεσθαι,
2394 3747 2534 3820 ἢκαί
2552 3753 2610 3808 οὐ
2627 3749 3004 3829 τέμνουσι,τὴν
3034 3755 3088 3815 δὲ
3109 3759 3426 3833 Λακωνικὴν
3470 3787 3621 3845 περι-

2054 3837 2386 3898 πλεύσουσιν.
2508 3835 2726 3907 Ἄλλως.
2757 3840 2846 3900 ἐπὶ
2895 3842 2991 3915 τὴν
3037 3843 3359 3927 Περικλέους
3403 3851 3620 3932 φέρεται

2055 3925 2287 4003 γνώμην,
2316 3924 2370 3991 ὃς
2401 3925 2772 3986 συνεὸούλευσε
2803 3933 3074 4011 περιπλεῖν
3095 3932 3192 4005 τὴν
3218 3937 3506 4016 πολεμίαν,
3537 3939 3616 4017 μὴ
3647 3966 3697 4006 ω

2058 4012 2323 4093 μάχεσθαι
2365 4013 2420 4072 δὲ
2468 4014 2791 4093 τεμνομένης
2825 4023 2918 4090 τῆς
2962 4019 3240 4101 Ἀττικῆς.)
3366 4022 3618 4106 [Ἄλλως.

2055 4100 2303 4173 τοιαύτην
2337 4099 2551 4179 γνώμην
2585 4103 2674 4161 καὶ
2708 4107 2974 4185 Περικλῆς
3010 4109 3414 4172 συνεὸούλευσεν
3459 4115 3620 4187 Ἀθη-

2055 4188 2245 4265 ναίοις,
2269 4190 2703 4267 Λακεδαιμονίων
2727 4192 3111 4255 εἰσὸαλλόντων
3141 4200 3212 4266 εἰς
3234 4197 3330 4271 τὴν
3356 4201 3620 4276 Ἀττικὴν,

2056 4275 2191 4356 μέγα
2224 4275 2419 4356 βοήσας
2442 4276 2660 4338 ἀπὸτοῦ
2683 4278 2943 4358 βήματος,
2968 4284 3038 4350 ὣς
3062 4285 3157 4344 οὐκ
3187 4285 3248 4344 ἂν
3274 4286 3448 4356 ἄλλως
3466 4289 3620 4349 ἔσται

2052 4366 2158 4431 τοῖς
2179 4362 2460 4445 πράγμασι
2480 4365 2715 4445 σωτηρία
2732 4412 2750 4444 ,
2780 4369 2826 4426 εἰ
2863 4369 2938 4446 μὴ
2963 4370 3022 4429 τὸ
3049 4370 3190 4430 κατὰ
3216 4378 3315 4451 γῆν
3347 4374 3619 4455 μάχεσθαι
3643 4411 3697 4452 ⁴5

2052 4449 2250 4619 τούτοὶς
2274 4450 2488 4532 ἀφέντες
2506 4454 2993 4533 περιπλευσούμεθα
3020 4461 3402 4543 Λακεδαίμονα
3422 4464 3619 4536 πλήθει

2053 4560 2196 4598 νεων.

2136 4644 2254 4686 1465.
2299 4625 2460 4707 πόρον
2488 4626 2542 4686 δὲ
2569 4628 2665 4695 τὰς
2685 4635 2808 4698 ναῦς
2834 4652 2849 4692 :
2883 4632 2994 4693 Καὶ
3021 4640 3173 4695 τοῦτο
3202 4634 3341 4695 κατὰ
3371 4635 3469 4708 τὴν
3496 4638 3606 4696 Ilt-

2055 4712 2282 4793 ρικλέους
2308 4712 2543 4790 γνώμην,
2573 4714 2628 4782 ὃς
2656 4715 2891 4778 ἐκέλευεν
2929 4720 3240 4796 Ἀθηναίοις,
3270 4723 3618 4801 ἕμὸαλόντων

2052 4800 2485 4877 Λακεδαιμονίων
2523 4805 2595 4870 εἰς
2619 4801 2716 4875 τὴν
2766 4805 3024 4881 Ἀττικὴν,
3064 4809 3138 4888 μὴ
3180 4811 3455 4885 ἐπεξιέναι,
3495 4811 3619 4871 ἀλλ’

2052 4885 2176 4945 εἴσω
2203 4886 2405 4968 τείχους
2434 4889 2630 4966 μένειν,
2649 4892 2833 4962 αὐτοὺς
2856 4894 2910 4954 δὲ
2940 4896 3026 4955 διὰ
3053 4901 3156 4957 τῶν
3185 4899 3381 4959 πλοίων
3409 4901 3619 4961 ἐπιέναι
3643 4869 3700 4909 ⁶⁰

2053 4973 2120 5049 τῇ
2143 4975 2445 5053 Λακωνικῇ.
2475 4977 2564 5037 τὸν
2606 4970 2693 5038 οὗν
2723 4980 2862 5042 κατὰ
2883 4987 2986 5061 γῆν
3017 4984 3175 5066 πόρον
3203 4987 3428 5070 ἀπορίαν
3458 4994 3616 5069 ἡγεῖ-
