3859 5725
401 197 517 252 ⁵9⁴
1534 184 1989 248 ADNOTATIO
2044 184 2129 251 IN
2171 187 2437 250 scnoL.

479 322 617 397 951,
650 329 724 389 al·
765 318 962 399 Λόγους
1011 318 1339 402 συκοφάντου
1383 324 1643 398 μιμεῖται.
1683 316 1800 378 ἀντὶ
1838 322 1934 389 V„
1977 308 1997 397 Ῐ
2041 318 2214 392 ξένον,
2237 321 2272 389 ἢ
2305 316 2481 397 χιλίας
2518 314 2779 374 ἀποτίνειν
2826 313 2912 372 τὸν
2957 314 3224 393 χορηγόν·
3284 311 3400 371 cui
3447 329 3615 388 quam

401 429 516 469 non
548 416 619 468 G.
648 407 787 468 Ἆντὶ
812 413 905 467 τοῦ
929 430 1044 467 om.
1067 413 1136 467 G.
1169 413 1237 468 R.
1264 445 1328 458 —
1359 410 1428 466 25
1454 428 1571 486 quo
1598 419 1816 486 spectet
1839 406 1936 464 λό-
1985 400 1994 467 l
2042 420 2313 486 proterve
2337 403 2649 476 Demades,
2698 402 3176 461 insolentissimus
3210 420 3430 481 opum
3476 399 3618 457 male

400 519 519 574 γους
565 495 621 555 δὲ
660 495 985 577 συκοφάντου
1024 505 1295 575 μιμεῖται,
1343 496 1481 555 mihi
1527 517 1642 555 non
1688 498 1823 554 satis
1849 505 1938 554 est
1989 556 1996 589 ι
2041 507 2332 573 partarum
2353 505 2692 564 ostentator,
2710 490 3293 564 insultaverit,refert
3311 488 3616 547 Plutarch.

402 598 666 663 apertum
712 605 727 645 ε
777 605 850 644 an
878 586 1092 661 voluit,
1124 585 1260 643 ideo
1298 585 1517 664 justum
1551 584 1841 642 hominem
1877 585 1934 640 in
2042 584 2218 665 Phoc.
2256 602 2311 660 p.
2348 582 2485 653 755,
2521 585 2596 651 C,
2621 598 2794 656 quam
2830 579 2998 636 latam
3039 597 3165 636 esse
3197 588 3468 636 constat
3493 589 3620 632 ante

400 692 464 733 re
496 674 610 732 levi
637 671 1040 750 grandioribus
1069 674 1153 730 uti
1186 671 1404 745 verbis,
1439 671 1737 743 πανοπλία,
1774 693 1935 750 κορυ-
2042 669 2441 747 Aristophanis
2475 678 2698 724 aetatem
2740 686 2812 724 ex
2848 665 3144 724 Andocide
3192 666 3255 722 in
3311 661 3528 721 Alcib.
3565 683 3616 740 p.

399 769 578 837 φαῖος,
601 760 787 821 στάσιν
812 759 982 839 ἔχειν,
1012 760 1171 837 quod
1206 760 1357 818 idem
1393 759 1749 838 sycophanta
1777 760 1938 816 fecis·-
2045 761 2142 830 31,
2168 761 2262 816 36.
2289 763 2476 835 Caput
2502 755 2760 833 ejusdem
2789 755 2930 832 legis
2955 776 2992 813 a
3017 753 3446 812 Demosthene
3470 771 3620 808 com·

401 861 518 920 set,
553 863 609 907 et
638 847 1027 929 δημοκρατίαν,
1050 846 1147 917 τὴν
1191 845 1381 924 βουλὴν
1410 846 1506 920 τὴν
1534 851 1638 905 τῶν
1667 848 1897 904 πολιτῶν
1917 889 1934 923 ,
1992 862 2003 934 ξ
2048 858 2400 905 memoratur
2441 844 2582 903 Mid.
2632 864 2690 923 p.
2714 845 2850 914 612,
2884 847 2959 910 Β,
2987 841 3375 920 potissimum
3424 852 3618 899 autem

401 949 575 1014 atque
607 935 892 1007 ἐκκλησίαν
920 936 1219 1012 magnifice
1235 934 1540 1012 jactasset:
1569 935 1742 993 fuisse
1767 946 1937 992 vete-
2046 935 2316 994 adversus
2346 952 2443 990 eos
2472 931 2808 1010 peregrinos
2839 930 3080 987 valuisse
3100 928 3322 1003 crede,
3357 928 3476 1005 qui
3502 927 3621 985 sur-

401 1046 528 1084 rum
562 1026 814 1103 aliquem
839 1024 1373 1101 grammaticorum,
1412 1025 1510 1101 qui
1537 1031 1816 1104 κορυφαῖον
1844 1023 1939 1081 hic
2047 1024 2149 1081 tim
2181 1041 2247 1081 ac
2285 1039 2388 1098 per
2418 1020 2678 1078 fraudem
2709 1020 2765 1076 in
2780 1019 2878 1095 jus
2912 1017 3159 1075 civitatis
3200 1018 3616 1093 irrepserant,

402 1114 687 1191 acceperit
696 1118 1007 1188 principem
1034 1125 1279 1181 senam-5,
1305 1111 1521 1170 scholia
1544 1131 1678 1169 mox
1700 1111 1940 1168 demon-
2046 1123 2222 1187 atque
2244 1107 2389 1167 adeo
2409 1101 2689 1185 'poterant
2718 1105 2943 1164 actione
2966 1102 3132 1172 ξενίας
3154 1103 3403 1181 pulsari
3434 1125 3451 1159 ι
3475 1102 3616 1159 nihil

2048 1196 2312 1275 equidem
2336 1195 2489 1252 inter
2513 1194 2893 1253 Athenienses
2917 1191 3086 1250 citius
3105 1191 3450 1270 contigisse
3469 1211 3615 1263 reor,

2049 1305 2220 1363 quam
2249 1295 2314 1341 ut
2342 1303 2413 1341 ex
2436 1304 2507 1343 eo
2529 1302 2773 1342 numero
2798 1301 2949 1359 saepe
2981 1283 3244 1341 nonnulli
3293 1284 3514 1342 choris
3541 1284 3616 1340 in-

1989 1421 2001 1447 ,
2052 1386 2325 1432 teressent
2355 1397 2369 1432 ε
2400 1374 2614 1433 horum
2650 1368 3101 1429 amovendorum
3128 1390 3267 1428 cura
3300 1369 3433 1429 sub
3456 1370 3612 1448 gravi

2053 1463 2262 1521 mulcta
2296 1469 2403 1528 τοῖς
2445 1467 2692 1542 χορηγοῖς
2720 1458 2828 1516 fuit
2859 1458 3177 1516 commissa.
3208 1463 3304 1519 De
3345 1478 3608 1536 praecen-

2051 1563 2177 1610 tore
2204 1572 2376 1623 vern,
2394 1543 2878 1629 quemadmodum
2899 1549 3181 1626 Apuleius
3193 1547 3282 1607 τὸν
3313 1553 3611 1629 κορυφαῖον

401 1214 585 1261 strant
630 1223 644 1256 :
688 1201 747 1257 in
792 1197 1190 1276 superioribus
1235 1199 1469 1277 quidem
1518 1199 1663 1257 nihil
1701 1218 1733 1255 a
1763 1218 1935 1274 syco-

400 1290 617 1368 phanta
655 1287 977 1365 prolatum,
1006 1286 1165 1364 quod
1209 1306 1362 1345 nunc
1403 1308 1508 1365 per
1525 1288 1724 1365 jocum
1745 1284 1937 1363 justus

401 1377 610 1436 imitari
639 1375 925 1437 videatur.
960 1378 1154 1447 Quum
1178 1374 1332 1433 idem
1362 1375 1436 1433 ad
1464 1396 1516 1435 v,
1547 1394 1665 1453 9²9
1693 1374 1936 1433 scholia·

400 1480 516 1524 stes
563 1462 832 1534 notabat,
878 1482 968 1520 res
1014 1482 1206 1521 coram
1260 1463 1443 1520 oculis
1485 1475 1609 1520 erat
1656 1462 1937 1539 exposita.

402 1557 622 1611 Hausr.
648 1585 711 1600 -
735 1551 810 1607 26
836 1547 1039 1616 παίζων
1063 1568 1179 1608 om.
1207 1550 1277 1608 Θ.
1311 1586 1373 1598 -
1408 1551 1475 1608 31
1511 1548 1685 1607 ἄλλων
1726 1549 1937 1608 πολλῶν

400 1644 543 1716 Reg.

484 1728 623 1804 952,
656 1727 727 1784 33
764 1725 1137 1786 scribendum
1188 1726 1374 1784 fuerat
1407 1723 1648 1805 λοετρὸν,
1689 1724 1938 1806 λουτρὸν,

403 1816 490 1874 vel
533 1809 792 1891 λοετρὼν,
816 1812 1081 1894 λουτρών·
1126 1814 1286 1891 prius
1319 1813 1582 1872 adhibuit
1611 1815 1738 1892 ipse
1774 1815 1847 1873 ad
1879 1834 1940 1872 V.

404 1906 537 1963 616.
570 1903 854 1964 Statuitur
898 1913 1091 1960 autem
1137 1921 1172 1958 a
1219 1902 1642 1978 grammaticis,
1672 1915 1735 1960 ut
1768 1921 1940 1959 mon-

403 2004 585 2052 strant
615 1990 863 2066 Etymol.
883 1989 943 2046 in
973 2009 1025 2048 v.
1043 2009 1101 2068 p.
1128 1989 1263 2061 568,
1291 2001 1347 2048 et
1375 1990 1634 2048 Eustath.
1669 1989 1741 2047 ad
1769 1988 1832 2049 Il.
1854 1994 1939 2064 O,

404 2102 461 2159 p.
500 2080 667 2151 1037,
696 2078 792 2153 39,
817 2076 930 2136 Od.
963 2081 1036 2148 Z,
1072 2095 1128 2154 p.
1170 2075 1338 2143 1560,
1385 2077 1478 2148 31,
1509 2076 1808 2154 potestatis
1836 2095 1938 2133 ac-

403 2179 574 2225 centu
598 2164 935 2223 moderante
976 2163 1284 2221 discrimen
1328 2163 1480 2222 inter
1505 2163 1753 2243 λουτρὸν,
1784 2162 1941 2241 quod

406 2267 492 2313 est
521 2257 801 2309 lavacrum
834 2251 1048 2322 balnei,
1092 2250 1213 2307 sive
1247 2255 1480 2321 lavatio,
1520 2250 1813 2328 quomodo
1843 2250 1942 2307 fri-

407 2341 600 2418 gidam
638 2340 697 2395 in
747 2338 1028 2415 palaestris
1066 2337 1415 2395 lavationem
1459 2343 1693 2397 Graecos
1727 2338 1942 2419 λουτρὸν

404 2428 665 2486 vocitare
688 2425 890 2484 scribit
919 2428 1141 2485 vitruv.
1176 2425 1230 2497 5,
1265 2447 1323 2482 ιι
1346 2450 1362 2499 ;
1385 2437 1442 2484 et
1460 2427 1677 2505 λοῧτρον
1708 2428 1945 2506 proprie

408 2516 735 2592 significans
784 2534 991 2588 aquam
1033 2514 1435 2585 balneaticam,
1468 2527 1569 2572 aut
1601 2515 1769 2572 etiam
1811 2535 1945 2574 sor--

408 2603 598 2661 didam
629 2621 661 2658 a
685 2601 1102 2673 lavationibus3
1132 2600 1286 2659 unde
1298 2600 1603 2682 λοετροχόος
1626 2602 1809 2673 idem,
1834 2606 1946 2661 He·

413 2690 611 2768 sychio
650 2701 826 2761 teste,
873 2690 971 2766 qui
1018 2685 1335 2769 περιχῦτης,
1364 2702 1424 2747 et
1453 2690 1683 2748 serioris
1713 2688 1950 2749 Graeciae

412 2776 719 2857 λουτράρης,
746 2776 901 2854 quod
928 2774 1270 2834 vocabulum
1297 2797 1365 2835 ex
1392 2777 1613 2835 Glossis
1636 2777 1709 2835 ad
1729 2776 1946 2837 Comici

412 2868 644 2948 l³lutum
672 2885 805 2934 mss.
829 2863 1117 2943 prolatum
1145 2886 1179 2923 ιι
1207 2866 1505 2942 Ducangio
1533 2866 1780 2943 pertinet
1805 2867 1878 2925 ad
1892 2886 1948 2927 v.

414 2955 546 3031 955.
586 2953 850 3012 Alterum
874 2949 1107 3034 λουτρὸν
1155 2951 1353 3014 itidem
1382 2972 1415 3009 a
1442 2953 1735 3011 veteribus
1777 2971 1950 3010 usur-

414 3054 607 3120 patur,
635 3042 800 3119 cujus
833 3041 1114 3099 rationem
1144 3039 1383 3118 exponit
1425 3040 1680 3098 Eustath.
1722 3040 1795 3097 ad
1837 3038 1950 3099 Od.

415 3132 490 3202 Δ,
518 3147 572 3206 p.
610 3131 777 3199 1481,
807 3130 880 3186 63
912 3151 926 3186 ε
956 3126 1339 3205 διαλελυμένως
1363 3124 1575 3205 λέγεται
1611 3126 1700 3186 καὶ
1728 3125 1796 3185 τὰ
1821 3127 1953 3186 λου-

416 3213 517 3298 τρὰ
539 3213 757 3296 λοετρὰ,
794 3214 885 3274 καὶ
916 3219 945 3274 ὁ
986 3211 1143 3279 τόπος
1174 3216 1344 3272 αὐτῶν
1374 3215 1434 3272 οὗ
1464 3213 1618 3290 μόνον
1650 3216 1958 3292 βαλανεῖον,

420 3303 559 3364 ἀλλὰ
578 3305 670 3364 καὶ
691 3301 922 3384 λουτρὼν
938 3347 954 3375 ,
976 3293 1036 3361 οἶ
1061 3300 1241 3380 γενικὴ
1279 3304 1592 3383 λουτρῶνος,
1629 3301 1781 3385 τύπῳ
1803 3326 1953 3386 περι·

421 3395 630 3473 εκτικῷ.
675 3393 1019 3451 Ptolemaeus
1063 3393 1270 3467 Euerg.
1311 3391 1466 3468 apud
1509 3392 1709 3451 Athen.
1764 3413 1854 3466 ιο,
1892 3412 1953 3471 p.

425 3479 560 3548 438,
588 3483 632 3537 F
658 3501 672 3537 ε
707 3475 889 3537 &lova-6
905 3500 962 3536 τε
983 3478 1057 3547 εἰς
1078 3474 1197 3542 τοὺς
1221 3475 1422 3544 κοινοὺς
1449 3477 1770 3559 λουτρῶνας·
1815 3479 1957 3539 Plu-

427 3565 607 3623 tarch.
637 3565 798 3624 Alex.
835 3586 891 3643 p.
924 3567 1058 3633 685,
1084 3568 1161 3636 Ε,
1185 3578 1243 3623 et
1271 3585 1343 3624 ex
1364 3566 1533 3643 regiis
1564 3567 1957 3644 ephemeridi-

425 3652 536 3711 bus
557 3673 615 3730 p.
649 3655 781 3724 708,
812 3656 882 3711 D.
907 3654 1130 3712 Hans-r.

509 3741 645 3815 953,
677 3741 751 3798 35
776 3733 1009 3799 Ἔπειτα
1048 3738 1179 3798 ΑΙιΙ.
1211 3736 1573 3819 περιίστανται
1608 3745 1676 3799 R.
1721 3739 1945 3800 Ἐπεὶ-

430 3825 722 3905 βαλανείοις
752 3848 861 3886 om.
894 3832 962 3885 G.
992 3864 1055 3878 -
1080 3830 1153 3885 36
1190 3828 1261 3893 ὡς
1283 3825 1403 3908 περὶ
1431 3825 1586 3905 χορὸν
1611 3832 1705 3898 V„
1736 3831 1835 3906 qui
1864 3851 1957 3889 se·

429 3915 663 3992 quentia
694 3916 752 3973 οὖ
783 3912 885 3995 γὰρ
916 3912 1033 3985 ἐξῆν
1061 3912 1201 3981 ξένον
1229 3913 1330 3991 (sic
1364 3914 1519 3972 enim
1545 3914 1767 3994 scribit)
1789 3917 1959 3977 -ἐπὶ

429 4000 660 4081 κεφαλήν
685 4002 749 4081 (l.
784 4001 879 4078 40)
900 4015 1034 4060 ante
1060 3999 1175 4060 ἐπεὶ
1197 3999 1530 4082 περιίσταντο
1555 4001 1744 4061 habet.
1771 4029 1794 4055 ι
1820 4008 1962 4079 Quae

429 4088 702 4167 deinceps
726 4089 794 4157 in
817 4088 1041 4148 scholio
1069 4100 1407 4166 sequuntur,
1437 4101 1706 4147 externos
1734 4090 1959 4152 urbano

432 4176 611 4234 choro
639 4176 810 4234 inseri
834 4197 949 4234 non
981 4175 1235 4248 licuisse,
1265 4188 1466 4235 contra
1485 4176 1710 4237 licuisse
1731 4182 1964 4253 Leuaeo,

434 4274 498 4319 ut
523 4282 643 4320 non
671 4264 907 4320 omnino
937 4263 1293 4341 negaverim,
1321 4263 1497 4322 solius
1524 4276 1682 4323 certe
1717 4264 1966 4324 scholia-

431 4363 534 4408 stae
568 4350 679 4406 fide
705 4352 805 4407 vix
834 4349 1024 4408 induci
1054 4370 1313 4429 possum,
1342 4363 1406 4410 ut
1429 4353 1512 4410 rei
1544 4352 1777 4410 minime
1815 4372 1966 4429 pro-

432 4435 613 4495 babili
630 4434 1001 4495 subscribam.
1022 4438 1240 4496 Petitus
1262 4438 1494 4514 quidem
1518 4443 1736 4498 Comm.
1765 4440 1824 4497 in
1850 4443 1962 4499 Lt..

433 4530 559 4584 ΛΔ.
584 4544 641 4603 p.
664 4525 779 4600 269
803 4537 1011 4602 praeter
1031 4525 1140 4583 hoc
1164 4524 1443 4584 scholium
1488 4527 1722 4606 Ulpiani
1769 4526 1966 4586 locum

434 4612 679 4690 protulit
704 4613 774 4670 ad
806 4613 1103 4672 Demosth.
1146 4616 1241 4674 Or.
1270 4613 1330 4671 in
1360 4615 1583 4691 Leptin.
1627 4635 1682 4693 p.
1715 4614 1850 4686 572,
1881 4619 1966 4686 D,

440 4699 538 4758 nbi
561 4701 747 4760 minus
776 4713 997 4760 attento
1024 4702 1206 4761 simile
1233 4700 1505 4780 quiddam
1533 4723 1604 4760 ex
1635 4701 1967 4762 Alexandro

438 4788 670 4846 rhetore
690 4787 896 4847 docere
918 4788 1183 4848 videatur
1213 4811 1226 4846 :
1255 4809 1457 4848 verum
1484 4790 1530 4848 si
1558 4790 1689 4867 quis
1706 4809 1828 4848 rem
1855 4809 1965 4868 pe·-

434 4875 613 4933 nitius
646 4875 989 4955 inspexerit,
1028 4876 1170 4935 nihil
1210 4878 1322 4935 huc
1355 4877 1639 4955 pertinere
1668 4878 1835 4937 facile
1859 4876 1969 4935 de-

436 4962 774 5041 prehendet.
821 4970 939 5023 Lex
981 4985 1117 5023 sane
1152 4965 1255 5023 fnit
1303 4965 1567 5034 Athenis,
1606 4962 1684 5042 μὴ
1725 4963 1960 5044 χορεύειν

2051 1639 2259 1698 Latine
2285 1639 2475 1711 dedit,
2514 1635 2892 1695 dubitandum
2922 1656 3038 1694 non
3082 1648 3196 1707 est,
3228 1636 3390 1713 quin
3439 1655 3606 1713 pere·

2051 1728 2249 1805 grinus
2286 1727 2500 1786 assumi
2540 1724 2829 1804 potuerit;
2866 1723 3074 1781 artifex
3102 1724 3259 1782 enim
3287 1722 3610 1801 quaereba-

2055 1836 2177 1887 tur,
2226 1817 2427 1894 reique
2460 1814 2690 1873 musicae
2719 1812 2940 1890 peritus
2967 1834 2983 1869 ε
3008 1811 3186 1888 idque
3231 1823 3467 1889 praeter
3506 1812 3604 1870 alia

2053 1905 2238 1963 multo
2285 1905 2456 1981 plura
2504 1902 2806 1960 manifesto
2849 1911 3010 1977 patet
3048 1918 3122 1957 ex
3166 1919 3240 1956 eo
3291 1899 3606 1958 Simonidis

2054 1992 2338 2062 carmine,
2367 1991 2523 2070 quod
2556 1987 2894 2050 Callimachi
2935 1987 3480 2065 Epigrammatibus
3507 1989 3602 2046 im-

2055 2080 2298 2139 mixtum
2327 2091 2412 2137 cst
2438 2098 2495 2136 n.
2529 2077 2622 2136 50.
2659 2075 2772 2135 Sed
2799 2076 2900 2153 qui
2946 2074 3283 2146 tradiderit,
3309 2087 3445 2132 tum
3473 2076 3602 2132 alios

2058 2168 2235 2226 fuisse
2276 2167 2503 2238 choris,
2542 2164 2640 2243 qui
2681 2163 2921 2221 deorum
2964 2162 3176 2222 honori
3218 2162 3586 2221 ducebantur

2059 2254 2412 2332 adscriptos,
2437 2272 2608 2330 quam
2629 2252 2867 2324 juvenes
2893 2250 3200 2328 ingenuos,
3223 2249 3473 2324 ἠϊθέους,
3501 2252 3602 2326 ἐμ-

2057 2344 2310 2423 φιθαλεῖς,
2342 2343 2495 2402 veris
2525 2340 2747 2399 civibus
2775 2353 3128 2419 prognatos,
3170 2353 3294 2398 tum
3336 2340 3604 2405 μετοίκους

2059 2431 2162 2489 vili
2204 2431 2262 2488 in
2294 2429 2525 2509 pompis
2561 2449 2630 2486 ac
2654 2447 2816 2506 paene
2841 2429 3222 2504 ignominioso
3245 2425 3596 2509 σκαφηφόρυο

2061 2518 2378 2575 ministerio
2407 2518 2706 2592 fungentes
2738 2514 3022 2595 χορηγίας,
3069 2535 3200 2592 quae
3236 2516 3312 2573 ad
3347 2535 3476 2574 rem
3513 2532 3599 2572 sa-

2062 2625 2214 2664 cram
2245 2603 2635 2685 pertinebant,
2661 2602 3095 2661 administrasse
3113 2648 3128 2674 ,
3175 2603 3429 2663 necdum
3456 2622 3493 2661 a
3515 2619 3598 2657 me

2062 2693 2363 2770 quisquam
2385 2711 2562 2763 unus,
2592 2703 2871 2768 quantum
2912 2689 3206 2763 recordor,
3230 2704 3401 2749 extra
3432 2689 3596 2747 scho-

2065 2781 2263 2838 liasten
2289 2781 2400 2838 suit
2415 2781 2676 2838 inventus
2694 2799 2708 2836 z
2728 2797 2908 2855 quare
2927 2797 3118 2854 neque
3138 2778 3278 2837 illud
3303 2798 3444 2836 sane
3461 2772 3594 2855 παρὰ

2063 2873 2212 2927 τοῦτο
2237 2866 2499 2947 πέπαιχεν
2516 2913 2532 2939 ,
2561 2886 2835 2944 quorsum
2856 2878 3080 2944 spectet
3097 2909 3115 2938 ,
3153 2866 3292 2924 satis
3320 2865 3593 2945 percipio,

2065 2956 2172 3014 nisi
2229 2955 2359 3031 quis
2413 2954 2698 3012 interiisse
2748 2953 2915 3031 plura
2976 2954 3337 3030 suspicetur,
3394 2950 3591 3031 quibus

2066 3042 2409 3114 ostenderit,
2426 3042 2647 3100 idcirco
2675 3038 3068 3100 balneatorem
3102 3041 3256 3099 hunc
3283 3040 3590 3118 sycophan-

2071 3141 2215 3204 tam,
2244 3120 2909 3209 tanquam'peregrinum
2933 3142 2993 3188 et
3018 3135 3110 3189 τοῦ
3131 3134 3365 3210 πονηρῶ
3395 3128 3588 3205 κόμμα·

2075 3241 2179 3289 τος,
2208 3219 2362 3277 foras
2404 3217 2845 3276 exturbatumm
2882 3238 3038 3289 esse,
3083 3219 3220 3295 quia
3257 3217 3336 3276 de
3366 3216 3589 3284 balneo,

2069 3327 2187 3384 quo
2212 3306 2505 3364 hominem
2536 3326 2784 3384 nequam
2808 3306 3086 3363 facessere
3106 3325 3166 3362 se
3179 3308 3464 3381 jusserat,
3489 3321 3587 3358 non

2069 3414 2232 3453 secus
2259 3413 2324 3450 ac
2344 3392 2416 3450 de
2436 3392 2619 3450 choro
2639 3393 2865 3449 locutus
2890 3391 3075 3449 fuerat
3096 3391 3188 3449 vir
3210 3390 3404 3467 justus
3427 3414 3444 3448 z
3472 3399 3589 3446 sunt

2070 3483 2224 3539 enim
2236 3487 2515 3560 κορυφαῖος
2529 3492 2586 3538 et
2599 3476 2780 3543 σ’τάσις
2796 3479 3034 3556 propria
3056 3477 3250 3538 choris
3270 3478 3560 3538 vocabula.
3570 3500 3590 3525 ι

2069 3576 2291 3630 Ηιιιεετ.
2318 3607 2382 3622 -
2409 3572 2484 3645 39
2511 3590 2626 3648 κορ.
2669 3567 2880 3647 λέγεται
2906 3572 2935 3627 ὁ
2974 3574 3038 3627 V.
3076 3570 3131 3627 ἰν
3177 3569 3340 3647 βουλῇ
3388 3567 3516 3628 Ald.
3539 3604 3588 3616 -

2075 3668 2148 3726 40
2171 3656 2349 3738 ὥσπερ
2384 3653 2593 3737 ἀνδριὰς
2618 3655 2705 3714 ἐπὶ
2739 3655 2970 3739 κεφαλήν
2995 3677 3069 3715 ex
3102 3655 3333 3715 scholiis
3367 3653 3588 3713 brevio-

2072 3746 2234 3805 ribus
2284 3759 2458 3823 atqne
2500 3744 2569 3802 ad
2616 3744 2873 3821 singulos
2901 3764 3100 3802 versus
3130 3743 3452 3820 interjectis
3477 3758 3587 3799 ma·

2073 3845 2232 3893 nasse
2257 3852 2530 3910 auguror,
2554 3832 2665 3889 hoc
2695 3845 2868 3908 pacto
2890 3832 2951 3890 in
2970 3831 3235 3889 ordinem
3259 3828 3588 3907 redigenda:

2070 3928 2347 4002 κορυφαῖος
2363 3943 2375 3978 2
2397 3918 2485 3978 ἐπὶ
2503 3917 2755 4000 κεφαλήν.
2775 3915 3009 3990 ἑστηκὼς
3025 3940 3040 3977 :
3056 3915 3238 3998 ὥσπερ
3260 3916 3489 3996 ἀνδριάς.
3507 3915 3590 3972 sic

2074 4008 2268 4067 saltem
2295 4027 2492 4066 sensus
2519 4006 2724 4083 aliquis
2746 4005 2983 4063 extundi
3007 4004 3257 4082 poterit,
3285 4018 3462 4080 atque
3479 4001 3591 4060 ani-

2075 4093 2389 4164 madverti,
2422 4091 2564 4170 quid
2594 4091 2931 4168 cogitaverit
2955 4091 3274 4168 interpres,
3304 4090 3439 4147 licet
3462 4085 3588 4149 nihil

2074 4182 2261 4239 minus
2324 4199 2494 4257 quam
2561 4180 3093 4255 interpretationem
3149 4177 3272 4254 ejus
3337 4176 3587 4255 probem.

2073 4271 2292 4325 Heusr.
2336 4264 2423 4324 ἐπὶ
2452 4263 2549 4336 τὴν
2594 4264 2825 4345 κεφαλήν
2867 4266 2939 4326 Θ.
2985 4301 3049 4314 —
3086 4272 3156 4333 41
3202 4261 3349 4344 ὀρθός
3380 4267 3586 4321 nemsi.

2072 4351 2271 4431 Ἤγουν
2294 4374 2407 4413 om.
2433 4354 2504 4414 Θ.

2151 4443 2288 4517 954,
2341 4444 2415 4509 43
2467 4440 2837 4500 scribendum
2875 4442 2966 4500 vel
3005 4445 3096 4501 τοῦ
3146 4437 3422 4518 βαλανείου
3470 4454 3589 4496 cum

2072 4535 2291 4590 Hemst.
2323 4531 2414 4589 vel
2441 4529 2577 4589 κατὰ
2603 4531 2666 4589 τὸ
2692 4532 2979 4610 βαλανεῖον.
3012 4535 3195 4589 Dum.
3222 4526 3303 4589 Τὸ
3328 4529 3588 4608 βαλανεῖον

2072 4619 2328 4696 reliquiae
2355 4632 2489 4676 sunt
2523 4619 2815 4696 sequentis
2863 4619 3095 4697 glossae,
3133 4619 3163 4676 ὁ
3202 4621 3295 4675 τοῦ
3322 4613 3589 4695 βαλανείου

2072 4706 2386 4777 ἐπιστάτης,
2414 4726 2583 4784 quam
2612 4707 2893 4765 exstitisse
2930 4707 2988 4764 in
3021 4705 3343 4782 archetypo
3357 4702 3588 4762 Dorvil-

2073 4793 2210 4852 liani
2237 4793 2451 4852 similes
2479 4792 2702 4853 codices
2731 4793 2954 4853 docent.
2975 4830 3040 4844 -
3068 4799 3139 4862 44
3172 4793 3380 4870 πρῶτον
3406 4793 3476 4868 τῇ
3498 4787 3588 4848 τά·

2072 4879 2145 4949 ξει
2177 4887 2317 4960 Reg.

2151 4970 2286 5046 955,
2320 4971 2391 5038 48
2413 4967 2509 5037 ἔξω
2537 4972 2630 5039 τῆς
2657 4969 2724 5026 Θ.
