<?xml version="1.0" encoding="UTF-8"?>
<!DOCTYPE html PUBLIC "-//W3C//DTD XHTML 1.0 Transitional//EN"
    "http://www.w3.org/TR/xhtml1/DTD/xhtml1-transitional.dtd">
<html xmlns="http://www.w3.org/1999/xhtml" xml:lang="en" lang="en">
 <head>
  <title>
</title>
<meta http-equiv="Content-Type" content="text/html;charset=utf-8" />
  <meta name='ocr-system' content='tesseract 3.04.00' />
  <meta name='ocr-capabilities' content='ocr_page ocr_carea ocr_par ocr_line ocrx_word'/>
</head>
<body>
  <div class='ocr_page' id='page_1' title='image "./scholiagraecain02dbgoog_0320.png"; bbox 0 0 3859 5725; ppageno 0'>
   <div class='ocr_carea' id='block_1_1' title="bbox 389 314 504 367">
    <p class='ocr_par' dir='ltr' id='par_1_1' title="bbox 389 314 504 367">
     <span class='ocr_line' id='line_1_1' title="bbox 389 314 504 367; baseline -0.009 0"><span class='ocrx_word' id='word_1_1' title='bbox 389 314 504 367; x_wconf 79' lang='lat'>2⁷8</span> 
     </span>
    </p>
   </div>
   <div class='ocr_carea' id='block_1_2' title="bbox 387 426 1957 601">
    <p class='ocr_par' dir='ltr' id='par_1_2' title="bbox 387 426 1957 601">
     <span class='ocr_line' id='line_1_2' title="bbox 469 426 1957 514; baseline -0.005 -19"><span class='ocrx_word' id='word_1_2' title='bbox 469 434 616 514; x_wconf 87' lang='grc' dir='ltr'>μάλα</span> <span class='ocrx_word' id='word_1_3' title='bbox 644 431 793 491; x_wconf 87' lang='grc' dir='ltr'>πλεῖν</span> <span class='ocrx_word' id='word_1_4' title='bbox 821 431 858 503; x_wconf 83' lang='grc' dir='ltr'>ἢ</span> <span class='ocrx_word' id='word_1_5' title='bbox 888 430 1149 510; x_wconf 87' lang='grc' dir='ltr'>μαίνομαι</span> <span class='ocrx_word' id='word_1_6' title='bbox 1181 450 1198 491; x_wconf 85' lang='lat'><strong>:</strong></span> <span class='ocrx_word' id='word_1_7' title='bbox 1229 431 1301 491; x_wconf 73' lang='grc' dir='ltr'>Οἱ</span> <span class='ocrx_word' id='word_1_8' title='bbox 1330 427 1427 509; x_wconf 83' lang='grc' dir='ltr'>μὲν</span> <span class='ocrx_word' id='word_1_9' title='bbox 1473 430 1843 512; x_wconf 87' lang='grc' dir='ltr'>βραχύνουσιν,</span> <span class='ocrx_word' id='word_1_10' title='bbox 1869 426 1957 488; x_wconf 74' lang='grc' dir='ltr'>ἵνα</span> 
     </span>
     <span class='ocr_line' id='line_1_3' title="bbox 387 509 1957 601; baseline -0.005 -18"><span class='ocrx_word' id='word_1_11' title='bbox 387 526 479 583; x_wconf 87' lang='grc' dir='ltr'>τοῦ</span> <span class='ocrx_word' id='word_1_12' title='bbox 502 547 537 595; x_wconf 92' lang='grc' dir='ltr'>η</span> <span class='ocrx_word' id='word_1_13' title='bbox 567 520 796 601; x_wconf 70' lang='grc' dir='ltr'>ἕκθλιψις</span> <span class='ocrx_word' id='word_1_14' title='bbox 823 509 957 579; x_wconf 69' lang='grc' dir='ltr'>εἶναι</span> <span class='ocrx_word' id='word_1_15' title='bbox 984 520 1139 599; x_wconf 82' lang='grc' dir='ltr'>δοκῇ,</span> <span class='ocrx_word' id='word_1_16' title='bbox 1168 521 1217 577; x_wconf 78' lang='grc' dir='ltr'>οἱ</span> <span class='ocrx_word' id='word_1_17' title='bbox 1241 516 1296 577; x_wconf 82' lang='grc' dir='ltr'>δὲ</span> <span class='ocrx_word' id='word_1_18' title='bbox 1322 518 1608 577; x_wconf 83' lang='grc' dir='ltr'>ἐκτείνουσι</span> <span class='ocrx_word' id='word_1_19' title='bbox 1633 517 1695 578; x_wconf 79' lang='grc' dir='ltr'>τὸ</span> <span class='ocrx_word' id='word_1_20' title='bbox 1723 542 1787 592; x_wconf 90' lang='grc' dir='ltr'>α,</span> <span class='ocrx_word' id='word_1_21' title='bbox 1820 526 1957 598; x_wconf 77' lang='grc' dir='ltr'>κρᾶ-</span> 
     </span>
    </p>
   </div>
   <div class='ocr_carea' id='block_1_3' title="bbox 1553 294 2433 364">
    <p class='ocr_par' dir='ltr' id='par_1_3' title="bbox 1553 294 2433 364">
     <span class='ocr_line' id='line_1_4' title="bbox 1553 294 2433 364; baseline -0.007 0"><span class='ocrx_word' id='word_1_22' title='bbox 1553 297 1928 364; x_wconf 79' lang='lat' dir='ltr'>SCHOLIA</span> <span class='ocrx_word' id='word_1_23' title='bbox 1973 295 2067 357; x_wconf 86' lang='lat' dir='ltr'>IN</span> <span class='ocrx_word' id='word_1_24' title='bbox 2116 294 2433 360; x_wconf 76' lang='lat' dir='ltr'>RANAS.</span> 
     </span>
    </p>
   </div>
   <div class='ocr_carea' id='block_1_4' title="bbox 2040 425 3613 604">
    <p class='ocr_par' dir='ltr' id='par_1_4' title="bbox 2040 425 3613 604">
     <span class='ocr_line' id='line_1_5' title="bbox 2040 425 3609 517; baseline 0.004 -30"><span class='ocrx_word' id='word_1_25' title='bbox 2040 428 2272 509; x_wconf 72' lang='grc' dir='ltr'>ψυχρᾶς,</span> <span class='ocrx_word' id='word_1_26' title='bbox 2303 427 2396 487; x_wconf 75' lang='grc' dir='ltr'>καὶ</span> <span class='ocrx_word' id='word_1_27' title='bbox 2421 429 2503 488; x_wconf 75' lang='grc' dir='ltr'>δτι</span> <span class='ocrx_word' id='word_1_28' title='bbox 2524 425 2663 489; x_wconf 75' lang='grc' dir='ltr'>κατὰ</span> <span class='ocrx_word' id='word_1_29' title='bbox 2685 427 2836 511; x_wconf 76' lang='grc' dir='ltr'>ψύξιν</span> <span class='ocrx_word' id='word_1_30' title='bbox 2858 430 3061 512; x_wconf 81' lang='grc' dir='ltr'>φονεύει</span> <span class='ocrx_word' id='word_1_31' title='bbox 3080 430 3143 491; x_wconf 78' lang='grc' dir='ltr'>τὸ</span> <span class='ocrx_word' id='word_1_32' title='bbox 3164 429 3423 515; x_wconf 78' lang='grc' dir='ltr'><strong>κώνειον.)</strong></span> <span class='ocrx_word' id='word_1_33' title='bbox 3449 433 3609 517; x_wconf 79' lang='grc' dir='ltr'>[πή-</span> 
     </span>
     <span class='ocr_line' id='line_1_6' title="bbox 2041 506 3613 604; baseline 0.007 -31"><span class='ocrx_word' id='word_1_34' title='bbox 2041 537 2192 594; x_wconf 89' lang='grc' dir='ltr'>γνυσι</span> <span class='ocrx_word' id='word_1_35' title='bbox 2215 514 2300 588; x_wconf 85' lang='grc' dir='ltr'>δὲ,</span> <span class='ocrx_word' id='word_1_36' title='bbox 2325 506 2469 589; x_wconf 70' lang='grc' dir='ltr'>εἶπε,</span> <span class='ocrx_word' id='word_1_37' title='bbox 2489 513 2904 598; x_wconf 57' lang='grc' dir='ltr'>τάντικνήμια]</span> <span class='ocrx_word' id='word_1_38' title='bbox 2929 516 3037 577; x_wconf 79' lang='grc' dir='ltr'>ἀπὸ</span> <span class='ocrx_word' id='word_1_39' title='bbox 3057 522 3164 579; x_wconf 76' lang='grc' dir='ltr'>τῶν</span> <span class='ocrx_word' id='word_1_40' title='bbox 3190 522 3364 581; x_wconf 78' lang='grc' dir='ltr'>ποδῶν</span> <span class='ocrx_word' id='word_1_41' title='bbox 3381 520 3485 604; x_wconf 66' lang='grc' dir='ltr'>γὰρ</span> <span class='ocrx_word' id='word_1_42' title='bbox 3511 514 3613 583; x_wconf 72' lang='grc' dir='ltr'>οὗ-</span> 
     </span>
    </p>
   </div>
   <div class='ocr_carea' id='block_1_5' title="bbox 391 596 3612 692">
    <p class='ocr_par' dir='ltr' id='par_1_5' title="bbox 391 596 3612 692">
     <span class='ocr_line' id='line_1_7' title="bbox 391 596 3612 692; baseline 0.001 -24"><span class='ocrx_word' id='word_1_43' title='bbox 391 632 474 669; x_wconf 90' lang='grc' dir='ltr'>σιν</span> <span class='ocrx_word' id='word_1_44' title='bbox 507 606 833 674; x_wconf 77' lang='grc' dir='ltr'>πιστεύοντες</span> <span class='ocrx_word' id='word_1_45' title='bbox 851 596 984 665; x_wconf 67' lang='grc' dir='ltr'>εἶναι</span> <span class='ocrx_word' id='word_1_46' title='bbox 1009 612 1102 664; x_wconf 89' lang='grc' dir='ltr'>τοῦ</span> <span class='ocrx_word' id='word_1_47' title='bbox 1129 630 1165 678; x_wconf 86' lang='grc' dir='ltr'>η</span> <span class='ocrx_word' id='word_1_48' title='bbox 1194 606 1286 664; x_wconf 85' lang='grc' dir='ltr'>καὶ</span> <span class='ocrx_word' id='word_1_49' title='bbox 1308 612 1402 664; x_wconf 90' lang='grc' dir='ltr'>τοῦ</span> <span class='ocrx_word' id='word_1_50' title='bbox 1425 630 1460 664; x_wconf 90' lang='grc' dir='ltr'>α</span> <span class='ocrx_word' id='word_1_51' title='bbox 1493 605 1721 688; x_wconf 79' lang='grc' dir='ltr'>βραχέος</span> <span class='ocrx_word' id='word_1_52' title='bbox 1743 608 1815 672; x_wconf 88' lang='grc' dir='ltr'>εἷς</span> <span class='ocrx_word' id='word_1_53' title='bbox 1836 603 1897 662; x_wconf 82' lang='grc' dir='ltr'>τὸ</span> <span class='ocrx_word' id='word_1_54' title='bbox 1922 627 1958 662; x_wconf 88' lang='grc' dir='ltr'>α</span> <span class='ocrx_word' id='word_1_55' title='bbox 2039 625 2127 670; x_wconf 92' lang='grc' dir='ltr'>τος</span> <span class='ocrx_word' id='word_1_56' title='bbox 2165 607 2194 662; x_wconf 93' lang='lat'><em>6</em></span> <span class='ocrx_word' id='word_1_57' title='bbox 2235 603 2456 671; x_wconf 88' lang='grc' dir='ltr'>θάνατος</span> <span class='ocrx_word' id='word_1_58' title='bbox 2482 603 2731 684; x_wconf 79' lang='grc' dir='ltr'>ἄρχεται,</span> <span class='ocrx_word' id='word_1_59' title='bbox 2774 604 3010 687; x_wconf 79' lang='grc' dir='ltr'>πρώτους</span> <span class='ocrx_word' id='word_1_60' title='bbox 3056 608 3242 676; x_wconf 78' lang='grc' dir='ltr'>αὐτοὺς</span> <span class='ocrx_word' id='word_1_61' title='bbox 3266 610 3612 692; x_wconf 79' lang='grc' dir='ltr'>καταψύχων.</span> 
     </span>
    </p>
   </div>
   <div class='ocr_carea' id='block_1_6' title="bbox 320 690 1967 1563">
    <p class='ocr_par' dir='ltr' id='par_1_6' title="bbox 392 690 1959 778">
     <span class='ocr_line' id='line_1_8' title="bbox 392 690 1959 778; baseline -0.003 -24"><span class='ocrx_word' id='word_1_62' title='bbox 392 694 617 778; x_wconf 88' lang='grc' dir='ltr'>μακρόν.</span> <span class='ocrx_word' id='word_1_63' title='bbox 650 706 712 754; x_wconf 81' lang='lat' dir='ltr'>V.</span> <span class='ocrx_word' id='word_1_64' title='bbox 737 694 983 775; x_wconf 74' lang='grc' dir='ltr'>[μᾶλλον</span> <span class='ocrx_word' id='word_1_65' title='bbox 1005 692 1041 765; x_wconf 82' lang='grc' dir='ltr'>ἢ</span> <span class='ocrx_word' id='word_1_66' title='bbox 1071 693 1346 771; x_wconf 87' lang='grc' dir='ltr'>μαίνομαι.</span> <span class='ocrx_word' id='word_1_67' title='bbox 1370 696 1417 752; x_wconf 81' lang='grc' dir='ltr'>οἷ</span> <span class='ocrx_word' id='word_1_68' title='bbox 1449 693 1561 772; x_wconf 82' lang='grc' dir='ltr'>μὲν,</span> <span class='ocrx_word' id='word_1_69' title='bbox 1589 693 1767 775; x_wconf 75' lang='grc' dir='ltr'>φασὶν,</span> <span class='ocrx_word' id='word_1_70' title='bbox 1792 690 1959 753; x_wconf 82' lang='grc' dir='ltr'>ἐκτεί·</span> 
     </span>
    </p>

    <p class='ocr_par' dir='ltr' id='par_1_7' title="bbox 338 780 1963 1215">
     <span class='ocr_line' id='line_1_9' title="bbox 338 780 1960 861; baseline -0.003 -17"><span class='ocrx_word' id='word_1_71' title='bbox 338 804 366 844; x_wconf 75' lang='grc' dir='ltr'>σ</span> <span class='ocrx_word' id='word_1_72' title='bbox 391 806 593 843; x_wconf 85' lang='grc' dir='ltr'>νουσιν·</span> <span class='ocrx_word' id='word_1_73' title='bbox 636 785 684 843; x_wconf 79' lang='grc' dir='ltr'>οῖ</span> <span class='ocrx_word' id='word_1_74' title='bbox 726 781 782 841; x_wconf 81' lang='grc' dir='ltr'>δὲ</span> <span class='ocrx_word' id='word_1_75' title='bbox 824 780 1226 861; x_wconf 86' lang='grc' dir='ltr'>συστέλλουσι.]</span> <span class='ocrx_word' id='word_1_76' title='bbox 1266 781 1766 860; x_wconf 58' lang='grc' dir='ltr'>(μεταλαμβάνεται</span> <span class='ocrx_word' id='word_1_77' title='bbox 1796 780 1850 839; x_wconf 82' lang='grc' dir='ltr'>δὲ</span> <span class='ocrx_word' id='word_1_78' title='bbox 1887 782 1960 846; x_wconf 77' lang='grc' dir='ltr'>εἰς</span> 
     </span>
     <span class='ocr_line' id='line_1_10' title="bbox 390 860 1959 951; baseline -0.003 -21"><span class='ocrx_word' id='word_1_79' title='bbox 390 868 453 930; x_wconf 76' lang='grc' dir='ltr'>τὸ</span> <span class='ocrx_word' id='word_1_80' title='bbox 481 868 578 949; x_wconf 85' lang='grc' dir='ltr'>μὲν</span> <span class='ocrx_word' id='word_1_81' title='bbox 613 860 722 943; x_wconf 66' lang='grc' dir='ltr'>οὖν,</span> <span class='ocrx_word' id='word_1_82' title='bbox 750 867 785 941; x_wconf 76' lang='grc' dir='ltr'>ἢ</span> <span class='ocrx_word' id='word_1_83' title='bbox 810 867 932 929; x_wconf 81' lang='grc' dir='ltr'>οὔκ·</span> <span class='ocrx_word' id='word_1_84' title='bbox 961 867 1101 928; x_wconf 71' lang='grc' dir='ltr'>ἀλλὰ</span> <span class='ocrx_word' id='word_1_85' title='bbox 1133 868 1224 928; x_wconf 76' lang='grc' dir='ltr'>καὶ</span> <span class='ocrx_word' id='word_1_86' title='bbox 1254 871 1474 948; x_wconf 77' lang='grc' dir='ltr'>μᾶλλον.</span> <span class='ocrx_word' id='word_1_87' title='bbox 1514 875 1548 942; x_wconf 81' lang='grc' dir='ltr'><strong>ἡ</strong></span> <span class='ocrx_word' id='word_1_88' title='bbox 1576 868 1680 951; x_wconf 75' lang='grc' dir='ltr'>γὰρ</span> <span class='ocrx_word' id='word_1_89' title='bbox 1711 868 1787 948; x_wconf 85' lang='grc' dir='ltr'>μή</span> <span class='ocrx_word' id='word_1_90' title='bbox 1817 871 1959 927; x_wconf 84' lang='grc' dir='ltr'>ἀπα-</span> 
     </span>
     <span class='ocr_line' id='line_1_11' title="bbox 391 956 1961 1040; baseline -0.002 -23"><span class='ocrx_word' id='word_1_91' title='bbox 391 958 629 1040; x_wconf 87' lang='grc' dir='ltr'>γόρευσις</span> <span class='ocrx_word' id='word_1_92' title='bbox 647 956 795 1038; x_wconf 71' lang='grc' dir='ltr'>παρὰ</span> <span class='ocrx_word' id='word_1_93' title='bbox 817 961 926 1024; x_wconf 87' lang='grc' dir='ltr'>τοῖς</span> <span class='ocrx_word' id='word_1_94' title='bbox 946 959 1193 1025; x_wconf 82' lang='grc' dir='ltr'>παλαιοῖς</span> <span class='ocrx_word' id='word_1_95' title='bbox 1221 957 1336 1016; x_wconf 81' lang='grc' dir='ltr'>ἀντὶ</span> <span class='ocrx_word' id='word_1_96' title='bbox 1359 961 1455 1028; x_wconf 90' lang='grc' dir='ltr'>τῆς</span> <span class='ocrx_word' id='word_1_97' title='bbox 1476 959 1536 1018; x_wconf 82' lang='grc' dir='ltr'>οὐ</span> <span class='ocrx_word' id='word_1_98' title='bbox 1561 957 1825 1037; x_wconf 76' lang='grc' dir='ltr'>ἀρνήσεως</span> <span class='ocrx_word' id='word_1_99' title='bbox 1846 979 1961 1014; x_wconf 88' lang='grc' dir='ltr'>πα-</span> 
     </span>
     <span class='ocr_line' id='line_1_12' title="bbox 395 1042 1963 1128; baseline -0.002 -23"><span class='ocrx_word' id='word_1_100' title='bbox 395 1044 814 1128; x_wconf 79' lang='grc' dir='ltr'>ραλαμὸάνεται.</span> <span class='ocrx_word' id='word_1_101' title='bbox 856 1044 1078 1112; x_wconf 74' lang='grc' dir='ltr'>Ἄλλως.</span> <span class='ocrx_word' id='word_1_102' title='bbox 1128 1042 1268 1104; x_wconf 75' lang='grc' dir='ltr'>ἀλλὰ</span> <span class='ocrx_word' id='word_1_103' title='bbox 1303 1043 1462 1104; x_wconf 84' lang='grc' dir='ltr'>πλέον</span> <span class='ocrx_word' id='word_1_104' title='bbox 1503 1044 1539 1117; x_wconf 83' lang='grc' dir='ltr'>ἢ</span> <span class='ocrx_word' id='word_1_105' title='bbox 1576 1044 1836 1123; x_wconf 86' lang='grc' dir='ltr'>μαίνομαι</span> <span class='ocrx_word' id='word_1_106' title='bbox 1876 1042 1963 1102; x_wconf 83' lang='grc' dir='ltr'>ἐπ’</span> 
     </span>
     <span class='ocr_line' id='line_1_13' title="bbox 395 1131 1767 1215; baseline -0.001 -21"><span class='ocrx_word' id='word_1_107' title='bbox 395 1135 567 1215; x_wconf 64' lang='grc' dir='ltr'>αὖτιῖι·</span> <span class='ocrx_word' id='word_1_108' title='bbox 619 1131 902 1207; x_wconf 75' lang='grc' dir='ltr'>τουτέστιν,</span> <span class='ocrx_word' id='word_1_109' title='bbox 929 1131 1362 1214; x_wconf 74' lang='grc' dir='ltr'>ὑπερόαλλόντως</span> <span class='ocrx_word' id='word_1_110' title='bbox 1388 1155 1479 1211; x_wconf 91' lang='grc' dir='ltr'>μοι</span> <span class='ocrx_word' id='word_1_111' title='bbox 1507 1132 1767 1213; x_wconf 85' lang='grc' dir='ltr'>ἀρέσκει.)</span> 
     </span>
    </p>

    <p class='ocr_par' dir='ltr' id='par_1_8' title="bbox 320 1217 1967 1476">
     <span class='ocr_line' id='line_1_14' title="bbox 320 1217 1963 1299; baseline -0.007 -13"><span class='ocrx_word' id='word_1_112' title='bbox 320 1246 371 1286; x_wconf 86' lang='grc'>10</span> <span class='ocrx_word' id='word_1_113' title='bbox 478 1241 572 1282; x_wconf 73' lang='lat'><strong>104.</strong></span> <span class='ocrx_word' id='word_1_114' title='bbox 613 1219 820 1281; x_wconf 74' lang='grc' dir='ltr'>κόόαλα</span> <span class='ocrx_word' id='word_1_115' title='bbox 848 1241 864 1281; x_wconf 88' lang='lat'>:</span> <span class='ocrx_word' id='word_1_116' title='bbox 904 1219 1051 1280; x_wconf 75' lang='grc' dir='ltr'>Ἀντὶ</span> <span class='ocrx_word' id='word_1_117' title='bbox 1086 1224 1176 1278; x_wconf 93' lang='grc' dir='ltr'>τοῦ</span> <span class='ocrx_word' id='word_1_118' title='bbox 1209 1223 1478 1299; x_wconf 89' lang='grc' dir='ltr'>κακοῦργα</span> <span class='ocrx_word' id='word_1_119' title='bbox 1514 1219 1607 1278; x_wconf 78' lang='grc' dir='ltr'>καὶ</span> <span class='ocrx_word' id='word_1_120' title='bbox 1633 1217 1963 1298; x_wconf 79' lang='grc' dir='ltr'>ἀνελεύθερα.</span> 
     </span>
     <span class='ocr_line' id='line_1_15' title="bbox 397 1302 1967 1387; baseline -0.003 -19"><span class='ocrx_word' id='word_1_121' title='bbox 397 1306 663 1387; x_wconf 80' lang='grc' dir='ltr'>(Δίδυμος</span> <span class='ocrx_word' id='word_1_122' title='bbox 678 1352 695 1381; x_wconf 92' lang='grc'>,</span> <span class='ocrx_word' id='word_1_123' title='bbox 714 1303 1223 1387; x_wconf 84' lang='grc' dir='ltr'>κατεστωμυλμένα,</span> <span class='ocrx_word' id='word_1_124' title='bbox 1245 1304 1571 1379; x_wconf 85' lang='grc' dir='ltr'>ἀπατητικά.</span> <span class='ocrx_word' id='word_1_125' title='bbox 1590 1305 1683 1364; x_wconf 82' lang='grc' dir='ltr'>καὶ</span> <span class='ocrx_word' id='word_1_126' title='bbox 1701 1302 1967 1364; x_wconf 79' lang='grc' dir='ltr'>κακοόού-</span> 
     </span>
     <span class='ocr_line' id='line_1_16' title="bbox 396 1395 877 1476; baseline -0.004 -20"><span class='ocrx_word' id='word_1_127' title='bbox 396 1398 515 1464; x_wconf 87' lang='grc' dir='ltr'>λους</span> <span class='ocrx_word' id='word_1_128' title='bbox 529 1440 546 1467; x_wconf 91' lang='grc'>,</span> <span class='ocrx_word' id='word_1_129' title='bbox 569 1395 877 1476; x_wconf 74' lang='grc' dir='ltr'>κοὸάλους.)</span> 
     </span>
    </p>

    <p class='ocr_par' dir='ltr' id='par_1_9' title="bbox 478 1478 1966 1563">
     <span class='ocr_line' id='line_1_17' title="bbox 478 1478 1966 1563; baseline -0.003 -18"><span class='ocrx_word' id='word_1_130' title='bbox 478 1503 573 1545; x_wconf 72' lang='lat'>105.</span> <span class='ocrx_word' id='word_1_131' title='bbox 620 1482 721 1563; x_wconf 85' lang='grc' dir='ltr'>(μὴ</span> <span class='ocrx_word' id='word_1_132' title='bbox 762 1481 853 1542; x_wconf 81' lang='grc' dir='ltr'>τὸν</span> <span class='ocrx_word' id='word_1_133' title='bbox 885 1481 1011 1560; x_wconf 75' lang='grc' dir='ltr'>ἐμὸν</span> <span class='ocrx_word' id='word_1_134' title='bbox 1049 1480 1181 1541; x_wconf 75' lang='grc' dir='ltr'>οἴκει</span> <span class='ocrx_word' id='word_1_135' title='bbox 1225 1501 1240 1535; x_wconf 85' lang='lat'>:</span> <span class='ocrx_word' id='word_1_136' title='bbox 1282 1479 1394 1542; x_wconf 71' lang='grc' dir='ltr'>Καὶ</span> <span class='ocrx_word' id='word_1_137' title='bbox 1431 1485 1586 1559; x_wconf 72' lang='grc' dir='ltr'>τοῦτο</span> <span class='ocrx_word' id='word_1_138' title='bbox 1627 1478 1777 1563; x_wconf 76' lang='grc' dir='ltr'>παρὰ</span> <span class='ocrx_word' id='word_1_139' title='bbox 1817 1478 1879 1539; x_wconf 78' lang='grc' dir='ltr'>τὸ</span> <span class='ocrx_word' id='word_1_140' title='bbox 1911 1482 1966 1540; x_wconf 76' lang='grc' dir='ltr'>ἐν</span> 
     </span>
    </p>
   </div>
   <div class='ocr_carea' id='block_1_7' title="bbox 319 1569 1656 1776">
    <p class='ocr_par' dir='ltr' id='par_1_10' title="bbox 319 1569 1656 1776">
     <span class='ocr_line' id='line_1_18' title="bbox 397 1569 730 1652; baseline 0 -1"><span class='ocrx_word' id='word_1_141' title='bbox 397 1569 730 1652; x_wconf 71' lang='grc' dir='ltr'>Ἀνδρομάχῃ</span> 
     </span>
     <span class='ocr_line' id='line_1_19' title="bbox 319 1708 1656 1776; baseline -0.005 -12"><span class='ocrx_word' id='word_1_142' title='bbox 319 1722 372 1764; x_wconf 70' lang='lat'>1⁵</span> <span class='ocrx_word' id='word_1_143' title='bbox 586 1713 653 1776; x_wconf 81' lang='grc' dir='ltr'>μὴ</span> <span class='ocrx_word' id='word_1_144' title='bbox 670 1713 752 1762; x_wconf 81' lang='grc' dir='ltr'>τὸν</span> <span class='ocrx_word' id='word_1_145' title='bbox 775 1711 887 1775; x_wconf 74' lang='grc' dir='ltr'>ἐμὸν</span> <span class='ocrx_word' id='word_1_146' title='bbox 906 1709 1025 1760; x_wconf 68' lang='grc' dir='ltr'>οἴκει</span> <span class='ocrx_word' id='word_1_147' title='bbox 1042 1712 1171 1771; x_wconf 80' lang='grc' dir='ltr'>νοῦν,</span> <span class='ocrx_word' id='word_1_148' title='bbox 1191 1709 1287 1773; x_wconf 75' lang='grc' dir='ltr'>ἐγὼ</span> <span class='ocrx_word' id='word_1_149' title='bbox 1304 1708 1394 1773; x_wconf 80' lang='grc' dir='ltr'>γὰρ</span> <span class='ocrx_word' id='word_1_150' title='bbox 1416 1708 1656 1773; x_wconf 78' lang='grc' dir='ltr'>ἀρκέσω.)</span> 
     </span>
    </p>
   </div>
   <div class='ocr_carea' id='block_1_8' title="bbox 320 1828 1974 5159">
    <p class='ocr_par' dir='ltr' id='par_1_11' title="bbox 398 1828 1971 2176">
     <span class='ocr_line' id='line_1_20' title="bbox 480 1828 1971 1913; baseline -0.003 -18"><span class='ocrx_word' id='word_1_151' title='bbox 480 1854 575 1895; x_wconf 74' lang='lat'>10⁶.</span> <span class='ocrx_word' id='word_1_152' title='bbox 613 1832 706 1893; x_wconf 78' lang='grc' dir='ltr'>καὶ</span> <span class='ocrx_word' id='word_1_153' title='bbox 736 1830 844 1912; x_wconf 76' lang='grc' dir='ltr'>μὴν</span> <span class='ocrx_word' id='word_1_154' title='bbox 868 1834 1102 1913; x_wconf 81' lang='grc' dir='ltr'>ἀτεχνῶς</span> <span class='ocrx_word' id='word_1_155' title='bbox 1125 1855 1186 1911; x_wconf 88' lang='grc' dir='ltr'>γε</span> <span class='ocrx_word' id='word_1_156' title='bbox 1217 1851 1233 1893; x_wconf 87' lang='lat'><strong>:</strong></span> <span class='ocrx_word' id='word_1_157' title='bbox 1263 1829 1401 1890; x_wconf 79' lang='grc' dir='ltr'>Ἀντὶ</span> <span class='ocrx_word' id='word_1_158' title='bbox 1424 1836 1517 1891; x_wconf 90' lang='grc' dir='ltr'>τοῦ</span> <span class='ocrx_word' id='word_1_159' title='bbox 1542 1833 1751 1904; x_wconf 77' lang='grc' dir='ltr'>ἀληθῶς</span> <span class='ocrx_word' id='word_1_160' title='bbox 1774 1828 1810 1903; x_wconf 73' lang='grc' dir='ltr'>ἢ</span> <span class='ocrx_word' id='word_1_161' title='bbox 1834 1830 1971 1899; x_wconf 65' lang='grc' dir='ltr'>ὅλως</span> 
     </span>
     <span class='ocr_line' id='line_1_21' title="bbox 398 1911 1969 2000; baseline -0.003 -18"><span class='ocrx_word' id='word_1_162' title='bbox 398 1920 491 1983; x_wconf 74' lang='grc' dir='ltr'>καὶ</span> <span class='ocrx_word' id='word_1_163' title='bbox 514 1920 765 1994; x_wconf 82' lang='grc' dir='ltr'>συνόλως,</span> <span class='ocrx_word' id='word_1_164' title='bbox 790 1920 882 1979; x_wconf 71' lang='grc' dir='ltr'>καὶ</span> <span class='ocrx_word' id='word_1_165' title='bbox 894 1918 1049 1979; x_wconf 57' lang='grc' dir='ltr'>ἔστιν</span> <span class='ocrx_word' id='word_1_166' title='bbox 1077 1911 1182 1979; x_wconf 76' lang='grc' dir='ltr'>οἷον</span> <span class='ocrx_word' id='word_1_167' title='bbox 1206 1917 1425 1986; x_wconf 80' lang='grc' dir='ltr'>ἀδόλως.</span> <span class='ocrx_word' id='word_1_168' title='bbox 1450 1917 1640 1999; x_wconf 82' lang='grc' dir='ltr'>τέχνας</span> <span class='ocrx_word' id='word_1_169' title='bbox 1661 1919 1764 2000; x_wconf 79' lang='grc' dir='ltr'>γὰρ</span> <span class='ocrx_word' id='word_1_170' title='bbox 1789 1917 1969 1998; x_wconf 74' lang='grc' dir='ltr'>ἔλεγον</span> 
     </span>
     <span class='ocr_line' id='line_1_22' title="bbox 400 2006 1970 2089; baseline -0.003 -19"><span class='ocrx_word' id='word_1_171' title='bbox 400 2009 558 2070; x_wconf 69' lang='grc' dir='ltr'>οἱονεὶ</span> <span class='ocrx_word' id='word_1_172' title='bbox 575 2007 695 2077; x_wconf 77' lang='grc' dir='ltr'>τοὺς</span> <span class='ocrx_word' id='word_1_173' title='bbox 717 2007 914 2076; x_wconf 84' lang='grc' dir='ltr'>δόλους.</span> <span class='ocrx_word' id='word_1_174' title='bbox 948 2015 1126 2080; x_wconf 80' lang='lat' dir='ltr'><strong>[Hom.</strong></span> <span class='ocrx_word' id='word_1_175' title='bbox 1151 2016 1247 2069; x_wconf 85' lang='lat' dir='ltr'>od.</span> <span class='ocrx_word' id='word_1_176' title='bbox 1277 2018 1348 2081; x_wconf 82' lang='grc' dir='ltr'>θ,</span> <span class='ocrx_word' id='word_1_177' title='bbox 1377 2027 1456 2068; x_wconf 74' lang='grc'>290</span> <span class='ocrx_word' id='word_1_178' title='bbox 1488 2015 1539 2079; x_wconf 73' lang='grc' dir='ltr'>τ]</span> <span class='ocrx_word' id='word_1_179' title='bbox 1571 2034 1597 2063; x_wconf 70' lang='grc' dir='ltr'>ει</span> <span class='ocrx_word' id='word_1_180' title='bbox 1635 2007 1772 2089; x_wconf 74' lang='grc' dir='ltr'>ἀμφὶ</span> <span class='ocrx_word' id='word_1_181' title='bbox 1799 2006 1856 2066; x_wconf 82' lang='grc' dir='ltr'>δὲ</span> <span class='ocrx_word' id='word_1_182' title='bbox 1879 2009 1970 2067; x_wconf 77' lang='grc' dir='ltr'>δε-</span> 
     </span>
     <span class='ocr_line' id='line_1_23' title="bbox 401 2093 1187 2176; baseline -0.001 -21"><span class='ocrx_word' id='word_1_183' title='bbox 401 2124 426 2151; x_wconf 78' lang='grc' dir='ltr'>ιι</span> <span class='ocrx_word' id='word_1_184' title='bbox 451 2095 578 2174; x_wconf 78' lang='grc' dir='ltr'>σμοὶ</span> <span class='ocrx_word' id='word_1_185' title='bbox 601 2095 904 2176; x_wconf 74' lang='grc' dir='ltr'>τεχνήεντες</span> <span class='ocrx_word' id='word_1_186' title='bbox 929 2093 1130 2174; x_wconf 81' lang='grc' dir='ltr'>ἔχυντο.</span> <span class='ocrx_word' id='word_1_187' title='bbox 1161 2122 1187 2147; x_wconf 76' lang='lat'>²·</span> 
     </span>
    </p>

    <p class='ocr_par' dir='ltr' id='par_1_12' title="bbox 320 2179 1972 2442">
     <span class='ocr_line' id='line_1_24' title="bbox 320 2179 1971 2266; baseline -0.004 -19"><span class='ocrx_word' id='word_1_188' title='bbox 320 2205 376 2247; x_wconf 72' lang='grc' dir='ltr'>ω</span> <span class='ocrx_word' id='word_1_189' title='bbox 483 2204 575 2245; x_wconf 78' lang='grc'>107.</span> <span class='ocrx_word' id='word_1_190' title='bbox 612 2184 834 2242; x_wconf 58' lang='grc' dir='ltr'>δϊιπνεῖν</span> <span class='ocrx_word' id='word_1_191' title='bbox 876 2206 944 2260; x_wconf 91' lang='grc' dir='ltr'>με</span> <span class='ocrx_word' id='word_1_192' title='bbox 975 2182 1188 2242; x_wconf 86' lang='grc' dir='ltr'>δίδασκε</span> <span class='ocrx_word' id='word_1_193' title='bbox 1219 2200 1235 2244; x_wconf 85' lang='lat'>:</span> <span class='ocrx_word' id='word_1_194' title='bbox 1277 2180 1487 2262; x_wconf 86' lang='grc' dir='ltr'>[Τοῦτο</span> <span class='ocrx_word' id='word_1_195' title='bbox 1522 2179 1626 2266; x_wconf 74' lang='grc' dir='ltr'>γὰρ</span> <span class='ocrx_word' id='word_1_196' title='bbox 1653 2182 1971 2255; x_wconf 83' lang='grc' dir='ltr'>ἐπίστασαι,</span> 
     </span>
     <span class='ocr_line' id='line_1_25' title="bbox 400 2268 1972 2353; baseline -0.003 -21"><span class='ocrx_word' id='word_1_197' title='bbox 400 2273 567 2332; x_wconf 83' lang='grc' dir='ltr'>ἐκεῖνο</span> <span class='ocrx_word' id='word_1_198' title='bbox 593 2271 638 2331; x_wconf 85' lang='grc' dir='ltr'>δ’</span> <span class='ocrx_word' id='word_1_199' title='bbox 661 2268 786 2350; x_wconf 61' lang='grc' dir='ltr'>οὔ]</span> <span class='ocrx_word' id='word_1_200' title='bbox 812 2268 982 2329; x_wconf 90' lang='grc' dir='ltr'>ταῦτά</span> <span class='ocrx_word' id='word_1_201' title='bbox 1016 2293 1113 2347; x_wconf 84' lang='grc' dir='ltr'>με,</span> <span class='ocrx_word' id='word_1_202' title='bbox 1137 2269 1295 2351; x_wconf 82' lang='grc' dir='ltr'>φησὶ,</span> <span class='ocrx_word' id='word_1_203' title='bbox 1326 2269 1572 2345; x_wconf 87' lang='grc' dir='ltr'>δίδασκε,</span> <span class='ocrx_word' id='word_1_204' title='bbox 1600 2269 1693 2331; x_wconf 78' lang='grc' dir='ltr'>καὶ</span> <span class='ocrx_word' id='word_1_205' title='bbox 1722 2270 1798 2350; x_wconf 79' lang='grc' dir='ltr'>μὴ</span> <span class='ocrx_word' id='word_1_206' title='bbox 1826 2274 1972 2353; x_wconf 83' lang='grc' dir='ltr'>κρῖνε</span> 
     </span>
     <span class='ocr_line' id='line_1_26' title="bbox 398 2356 1474 2442; baseline -0.002 -23"><span class='ocrx_word' id='word_1_207' title='bbox 398 2357 710 2442; x_wconf 80' lang='grc' dir='ltr'>τραγῳδίας.</span> <span class='ocrx_word' id='word_1_208' title='bbox 733 2357 815 2418; x_wconf 78' lang='grc' dir='ltr'>ὅτι</span> <span class='ocrx_word' id='word_1_209' title='bbox 835 2356 1104 2440; x_wconf 75' lang='grc' dir='ltr'>ἀδηφάγος</span> <span class='ocrx_word' id='word_1_210' title='bbox 1126 2361 1155 2416; x_wconf 93' lang='lat'><em>6</em></span> <span class='ocrx_word' id='word_1_211' title='bbox 1182 2356 1474 2437; x_wconf 79' lang='grc' dir='ltr'>Ἡρακλῆς.</span> 
     </span>
    </p>

    <p class='ocr_par' dir='ltr' id='par_1_13' title="bbox 399 2442 1971 2615">
     <span class='ocr_line' id='line_1_27' title="bbox 483 2442 1971 2528; baseline -0.001 -21"><span class='ocrx_word' id='word_1_212' title='bbox 483 2467 577 2507; x_wconf 84' lang='grc'>113.</span> <span class='ocrx_word' id='word_1_213' title='bbox 618 2445 814 2528; x_wconf 81' lang='grc' dir='ltr'>κρήνας</span> <span class='ocrx_word' id='word_1_214' title='bbox 859 2468 874 2506; x_wconf 86' lang='lat'>:</span> <span class='ocrx_word' id='word_1_215' title='bbox 919 2444 1227 2527; x_wconf 82' lang='grc' dir='ltr'>[Γράφεται</span> <span class='ocrx_word' id='word_1_216' title='bbox 1261 2442 1547 2527; x_wconf 88' lang='grc' dir='ltr'>κρημνούς.</span> <span class='ocrx_word' id='word_1_217' title='bbox 1593 2445 1845 2527; x_wconf 79' lang='grc' dir='ltr'>ἐκτροπαὶ</span> <span class='ocrx_word' id='word_1_218' title='bbox 1883 2445 1971 2520; x_wconf 73' lang='grc' dir='ltr'>δὲ,</span> 
     </span>
     <span class='ocr_line' id='line_1_28' title="bbox 399 2531 1959 2615; baseline 0.001 -22"><span class='ocrx_word' id='word_1_219' title='bbox 399 2534 658 2602; x_wconf 78' lang='grc' dir='ltr'>ἐκνεύσεις</span> <span class='ocrx_word' id='word_1_220' title='bbox 700 2537 804 2593; x_wconf 84' lang='grc' dir='ltr'>τῶν</span> <span class='ocrx_word' id='word_1_221' title='bbox 850 2533 1044 2614; x_wconf 81' lang='grc' dir='ltr'>δδῶν,]</span> <span class='ocrx_word' id='word_1_222' title='bbox 1073 2531 1204 2592; x_wconf 78' lang='grc' dir='ltr'>ὅπου</span> <span class='ocrx_word' id='word_1_223' title='bbox 1245 2556 1323 2600; x_wconf 85' lang='grc' dir='ltr'>τις</span> <span class='ocrx_word' id='word_1_224' title='bbox 1363 2535 1690 2615; x_wconf 76' lang='grc' dir='ltr'>ἐκτραπῆναι</span> <span class='ocrx_word' id='word_1_225' title='bbox 1717 2532 1959 2596; x_wconf 89' lang='grc' dir='ltr'>δύναται.</span> 
     </span>
    </p>

    <p class='ocr_par' dir='ltr' id='par_1_14' title="bbox 321 2618 1973 3034">
     <span class='ocr_line' id='line_1_29' title="bbox 321 2618 1973 2702; baseline 0.001 -22"><span class='ocrx_word' id='word_1_226' title='bbox 321 2651 375 2691; x_wconf 76' lang='lat'>25</span> <span class='ocrx_word' id='word_1_227' title='bbox 403 2620 528 2702; x_wconf 81' lang='grc' dir='ltr'>(διὰ</span> <span class='ocrx_word' id='word_1_228' title='bbox 570 2620 632 2681; x_wconf 77' lang='grc' dir='ltr'>τὸ</span> <span class='ocrx_word' id='word_1_229' title='bbox 666 2618 1007 2701; x_wconf 75' lang='grc' dir='ltr'>ἐκτρέπεσθαι</span> <span class='ocrx_word' id='word_1_230' title='bbox 1047 2623 1141 2691; x_wconf 89' lang='grc' dir='ltr'>τῆς</span> <span class='ocrx_word' id='word_1_231' title='bbox 1173 2620 1293 2679; x_wconf 82' lang='grc' dir='ltr'>ὁδοῦ</span> <span class='ocrx_word' id='word_1_232' title='bbox 1330 2620 1423 2679; x_wconf 72' lang='grc' dir='ltr'>καὶ</span> <span class='ocrx_word' id='word_1_233' title='bbox 1454 2618 1809 2702; x_wconf 77' lang='grc' dir='ltr'>κρύπτεσθαι,</span> <span class='ocrx_word' id='word_1_234' title='bbox 1846 2622 1973 2681; x_wconf 82' lang='grc' dir='ltr'>ὅταν</span> 
     </span>
     <span class='ocr_line' id='line_1_30' title="bbox 399 2706 1973 2791; baseline 0 -21"><span class='ocrx_word' id='word_1_235' title='bbox 399 2709 615 2791; x_wconf 84' lang='grc' dir='ltr'>ταραχή</span> <span class='ocrx_word' id='word_1_236' title='bbox 640 2733 718 2776; x_wconf 89' lang='grc' dir='ltr'>τις</span> <span class='ocrx_word' id='word_1_237' title='bbox 742 2706 959 2787; x_wconf 90' lang='grc' dir='ltr'>γένηται</span> <span class='ocrx_word' id='word_1_238' title='bbox 986 2710 1090 2766; x_wconf 78' lang='grc' dir='ltr'>τῶν</span> <span class='ocrx_word' id='word_1_239' title='bbox 1132 2710 1382 2788; x_wconf 81' lang='grc' dir='ltr'>νεκρῶν.)</span> <span class='ocrx_word' id='word_1_240' title='bbox 1413 2707 1554 2789; x_wconf 77' lang='grc' dir='ltr'>[ὅσα</span> <span class='ocrx_word' id='word_1_241' title='bbox 1596 2709 1651 2767; x_wconf 72' lang='grc' dir='ltr'>δὲ</span> <span class='ocrx_word' id='word_1_242' title='bbox 1678 2711 1727 2769; x_wconf 77' lang='lat' dir='ltr'>ot</span> <span class='ocrx_word' id='word_1_243' title='bbox 1765 2710 1973 2770; x_wconf 80' lang='grc' dir='ltr'>ὁδοιπο-</span> 
     </span>
     <span class='ocr_line' id='line_1_31' title="bbox 404 2795 1972 2880; baseline 0.001 -23"><span class='ocrx_word' id='word_1_244' title='bbox 404 2803 608 2880; x_wconf 88' lang='grc' dir='ltr'>ροῦντες</span> <span class='ocrx_word' id='word_1_245' title='bbox 653 2797 830 2855; x_wconf 90' lang='grc' dir='ltr'>ἐπάνω</span> <span class='ocrx_word' id='word_1_246' title='bbox 875 2800 968 2868; x_wconf 85' lang='grc' dir='ltr'>τῆς</span> <span class='ocrx_word' id='word_1_247' title='bbox 1013 2800 1108 2875; x_wconf 87' lang='grc' dir='ltr'>γῆς</span> <span class='ocrx_word' id='word_1_248' title='bbox 1148 2795 1444 2877; x_wconf 73' lang='grc' dir='ltr'>εὑρίσκουσι</span> <span class='ocrx_word' id='word_1_249' title='bbox 1486 2796 1604 2856; x_wconf 87' lang='grc' dir='ltr'>καθ’</span> <span class='ocrx_word' id='word_1_250' title='bbox 1630 2796 1767 2872; x_wconf 78' lang='grc' dir='ltr'>ὁδὸν,</span> <span class='ocrx_word' id='word_1_251' title='bbox 1801 2803 1972 2858; x_wconf 87' lang='grc' dir='ltr'>ταῦτα</span> 
     </span>
     <span class='ocr_line' id='line_1_32' title="bbox 401 2875 1969 2970; baseline 0.001 -25"><span class='ocrx_word' id='word_1_252' title='bbox 401 2886 493 2945; x_wconf 72' lang='grc' dir='ltr'>καὶ</span> <span class='ocrx_word' id='word_1_253' title='bbox 520 2885 677 2952; x_wconf 78' lang='grc' dir='ltr'>αὐτὸς</span> <span class='ocrx_word' id='word_1_254' title='bbox 704 2883 937 2963; x_wconf 78' lang='grc' dir='ltr'>οἰόμενος</span> <span class='ocrx_word' id='word_1_255' title='bbox 960 2885 1051 2944; x_wconf 81' lang='grc' dir='ltr'>καὶ</span> <span class='ocrx_word' id='word_1_256' title='bbox 1076 2886 1179 2944; x_wconf 77' lang='grc' dir='ltr'>ὑπὸ</span> <span class='ocrx_word' id='word_1_257' title='bbox 1200 2888 1299 2963; x_wconf 88' lang='grc' dir='ltr'>γῆν</span> <span class='ocrx_word' id='word_1_258' title='bbox 1323 2875 1457 2944; x_wconf 78' lang='grc' dir='ltr'>εἶναι</span> <span class='ocrx_word' id='word_1_259' title='bbox 1471 2929 1489 2960; x_wconf 93' lang='grc'>,</span> <span class='ocrx_word' id='word_1_260' title='bbox 1513 2889 1686 2968; x_wconf 71' lang='grc' dir='ltr'>ἐρωτᾷ</span> <span class='ocrx_word' id='word_1_261' title='bbox 1708 2887 1829 2970; x_wconf 81' lang='grc' dir='ltr'>περὶ</span> <span class='ocrx_word' id='word_1_262' title='bbox 1853 2886 1969 2947; x_wconf 82' lang='grc' dir='ltr'>τού·</span> 
     </span>
     <span class='ocr_line' id='line_1_33' title="bbox 401 2997 524 3034; baseline -0.008 0"><span class='ocrx_word' id='word_1_263' title='bbox 401 2997 524 3034; x_wconf 88' lang='grc' dir='ltr'>των.</span> 
     </span>
    </p>

    <p class='ocr_par' dir='ltr' id='par_1_15' title="bbox 323 2972 1972 3233">
     <span class='ocr_line' id='line_1_34' title="bbox 323 2972 1972 3145; baseline -0.002 -19"><span class='ocrx_word' id='word_1_264' title='bbox 323 3087 376 3126; x_wconf 91' lang='grc' dir='ltr'>3ο</span> <span class='ocrx_word' id='word_1_265' title='bbox 485 2972 581 3123; x_wconf 56' lang='grc'>1133</span> <span class='ocrx_word' id='word_1_266' title='bbox 623 3058 804 3132; x_wconf 83' lang='grc' dir='ltr'>ἐπειδὴ</span> <span class='ocrx_word' id='word_1_267' title='bbox 824 3057 1050 3141; x_wconf 78' lang='grc' dir='ltr'>ῥυπαρὸς</span> <span class='ocrx_word' id='word_1_268' title='bbox 1068 3049 1216 3127; x_wconf 68' lang='grc' dir='ltr'>οὗτος</span> <span class='ocrx_word' id='word_1_269' title='bbox 1235 3063 1264 3119; x_wconf 99' lang='lat'><em>6</em></span> <span class='ocrx_word' id='word_1_270' title='bbox 1281 3059 1442 3128; x_wconf 88' lang='grc' dir='ltr'>τόπος</span> <span class='ocrx_word' id='word_1_271' title='bbox 1457 3084 1471 3098; x_wconf 89' lang='grc'><em>·</em></span> <span class='ocrx_word' id='word_1_272' title='bbox 1488 3057 1698 3142; x_wconf 31' lang='grc' dir='ltr'>ὅπουρδὲ</span> <span class='ocrx_word' id='word_1_273' title='bbox 1713 3060 1972 3145; x_wconf 76' lang='grc' dir='ltr'>ῥυπαρία,</span> 
     </span>
     <span class='ocr_line' id='line_1_35' title="bbox 401 3148 836 3233; baseline -0.009 -23"><span class='ocrx_word' id='word_1_274' title='bbox 401 3148 571 3233; x_wconf 84' lang='grc' dir='ltr'>κόρεις</span> <span class='ocrx_word' id='word_1_275' title='bbox 596 3148 745 3210; x_wconf 79' lang='grc' dir='ltr'>εἰσίν.</span> <span class='ocrx_word' id='word_1_276' title='bbox 771 3161 836 3208; x_wconf 78' lang='lat' dir='ltr'>V.</span> 
     </span>
    </p>

    <p class='ocr_par' dir='ltr' id='par_1_16' title="bbox 400 3226 1974 3493">
     <span class='ocr_line' id='line_1_36' title="bbox 484 3226 1970 3318; baseline -0.002 -20"><span class='ocrx_word' id='word_1_277' title='bbox 484 3259 577 3299; x_wconf 84' lang='grc' dir='ltr'>ιῐο.</span> <span class='ocrx_word' id='word_1_278' title='bbox 619 3241 649 3296; x_wconf 85' lang='lat'><em>6</em></span> <span class='ocrx_word' id='word_1_279' title='bbox 672 3237 946 3318; x_wconf 78' lang='grc' dir='ltr'>Ἡρακλῆς</span> <span class='ocrx_word' id='word_1_280' title='bbox 966 3235 1098 3318; x_wconf 83' lang='grc' dir='ltr'>πρὸς</span> <span class='ocrx_word' id='word_1_281' title='bbox 1118 3235 1209 3295; x_wconf 86' lang='grc' dir='ltr'>τὸν</span> <span class='ocrx_word' id='word_1_282' title='bbox 1234 3235 1467 3297; x_wconf 83' lang='grc' dir='ltr'>Ξανθίαν</span> <span class='ocrx_word' id='word_1_283' title='bbox 1495 3235 1557 3296; x_wconf 79' lang='grc' dir='ltr'>τὸ</span> <span class='ocrx_word' id='word_1_284' title='bbox 1584 3226 1630 3295; x_wconf 70' lang='grc' dir='ltr'><em>ὦ</em></span> <span class='ocrx_word' id='word_1_285' title='bbox 1653 3235 1883 3317; x_wconf 84' lang='grc' dir='ltr'>σχέτλιε.</span> <span class='ocrx_word' id='word_1_286' title='bbox 1908 3248 1970 3296; x_wconf 86' lang='lat' dir='ltr'>R.</span> 
     </span>
     <span class='ocr_line' id='line_1_37' title="bbox 402 3322 1973 3407; baseline -0.001 -20"><span class='ocrx_word' id='word_1_287' title='bbox 402 3331 431 3387; x_wconf 92' lang='lat'><em>6</em></span> <span class='ocrx_word' id='word_1_288' title='bbox 472 3325 745 3406; x_wconf 76' lang='grc' dir='ltr'>Ἡρακλῆς</span> <span class='ocrx_word' id='word_1_289' title='bbox 785 3324 1014 3392; x_wconf 86' lang='grc' dir='ltr'>ἀκούσας</span> <span class='ocrx_word' id='word_1_290' title='bbox 1053 3328 1147 3384; x_wconf 87' lang='grc' dir='ltr'>τοῦ</span> <span class='ocrx_word' id='word_1_291' title='bbox 1188 3324 1416 3384; x_wconf 87' lang='grc' dir='ltr'>Ξανθίου</span> <span class='ocrx_word' id='word_1_292' title='bbox 1458 3322 1696 3403; x_wconf 79' lang='grc' dir='ltr'>λέγοντος</span> <span class='ocrx_word' id='word_1_293' title='bbox 1723 3324 1804 3385; x_wconf 74' lang='grc' dir='ltr'>ὅτι</span> <span class='ocrx_word' id='word_1_294' title='bbox 1848 3325 1973 3407; x_wconf 74' lang='grc' dir='ltr'>περὶ</span> 
     </span>
     <span class='ocr_line' id='line_1_38' title="bbox 400 3409 1974 3493; baseline 0.001 -22"><span class='ocrx_word' id='word_1_295' title='bbox 400 3414 528 3490; x_wconf 91' lang='grc' dir='ltr'>ἐμοῦ</span> <span class='ocrx_word' id='word_1_296' title='bbox 577 3411 740 3480; x_wconf 77' lang='grc' dir='ltr'>ὠδεὶς</span> <span class='ocrx_word' id='word_1_297' title='bbox 777 3409 961 3491; x_wconf 81' lang='grc' dir='ltr'>λόγος,</span> <span class='ocrx_word' id='word_1_298' title='bbox 990 3412 1120 3493; x_wconf 81' lang='grc' dir='ltr'>πρὸς</span> <span class='ocrx_word' id='word_1_299' title='bbox 1146 3410 1303 3470; x_wconf 80' lang='grc' dir='ltr'>αὐτὸν</span> <span class='ocrx_word' id='word_1_300' title='bbox 1336 3415 1563 3471; x_wconf 82' lang='grc' dir='ltr'>ποιεῖται</span> <span class='ocrx_word' id='word_1_301' title='bbox 1590 3411 1682 3473; x_wconf 82' lang='grc' dir='ltr'>τὸν</span> <span class='ocrx_word' id='word_1_302' title='bbox 1709 3412 1863 3493; x_wconf 87' lang='grc' dir='ltr'>λόγον</span> <span class='ocrx_word' id='word_1_303' title='bbox 1891 3413 1974 3473; x_wconf 67' lang='grc' dir='ltr'>ὅτι</span> 
     </span>
    </p>

    <p class='ocr_par' dir='ltr' id='par_1_17' title="bbox 324 3497 1314 3577">
     <span class='ocr_line' id='line_1_39' title="bbox 324 3497 1314 3577; baseline -0.006 -16"><span class='ocrx_word' id='word_1_304' title='bbox 324 3522 378 3561; x_wconf 72' lang='lat'>³⁶</span> <span class='ocrx_word' id='word_1_305' title='bbox 403 3500 495 3560; x_wconf 74' lang='grc' dir='ltr'>καὶ</span> <span class='ocrx_word' id='word_1_306' title='bbox 516 3497 581 3560; x_wconf 70' lang='grc' dir='ltr'>σὺ</span> <span class='ocrx_word' id='word_1_307' title='bbox 604 3499 884 3577; x_wconf 79' lang='grc' dir='ltr'>τολμήσεις</span> <span class='ocrx_word' id='word_1_308' title='bbox 905 3498 1223 3571; x_wconf 78' lang='grc' dir='ltr'>καταόῆναι.</span> <span class='ocrx_word' id='word_1_309' title='bbox 1253 3509 1314 3557; x_wconf 79' lang='lat' dir='ltr'>V.</span> 
     </span>
    </p>

    <p class='ocr_par' dir='ltr' id='par_1_18' title="bbox 486 3583 1405 3653">
     <span class='ocr_line' id='line_1_40' title="bbox 486 3583 1405 3653; baseline -0.003 -7"><span class='ocrx_word' id='word_1_310' title='bbox 486 3608 581 3647; x_wconf 78' lang='lat'>118.</span> <span class='ocrx_word' id='word_1_311' title='bbox 626 3585 743 3646; x_wconf 79' lang='grc' dir='ltr'>ἀντὶ</span> <span class='ocrx_word' id='word_1_312' title='bbox 767 3591 859 3645; x_wconf 88' lang='grc' dir='ltr'>τοῦ</span> <span class='ocrx_word' id='word_1_313' title='bbox 888 3583 974 3644; x_wconf 74' lang='grc' dir='ltr'>διὰ</span> <span class='ocrx_word' id='word_1_314' title='bbox 1000 3584 1155 3653; x_wconf 84' lang='grc' dir='ltr'>ποίας</span> <span class='ocrx_word' id='word_1_315' title='bbox 1182 3586 1318 3645; x_wconf 83' lang='grc' dir='ltr'>ὁδοῦ.</span> <span class='ocrx_word' id='word_1_316' title='bbox 1339 3595 1405 3644; x_wconf 82' lang='lat' dir='ltr'>V.</span> 
     </span>
    </p>

    <p class='ocr_par' dir='ltr' id='par_1_19' title="bbox 405 3671 1971 3843">
     <span class='ocr_line' id='line_1_41' title="bbox 488 3671 1971 3753; baseline 0.001 -20"><span class='ocrx_word' id='word_1_317' title='bbox 488 3694 582 3735; x_wconf 76' lang='grc'>113.</span> <span class='ocrx_word' id='word_1_318' title='bbox 627 3671 762 3751; x_wconf 81' lang='grc' dir='ltr'>μήτε</span> <span class='ocrx_word' id='word_1_319' title='bbox 807 3671 1003 3753; x_wconf 85' lang='grc' dir='ltr'>θερμὴν</span> <span class='ocrx_word' id='word_1_320' title='bbox 1043 3693 1058 3734; x_wconf 88' lang='lat'>:</span> <span class='ocrx_word' id='word_1_321' title='bbox 1104 3671 1258 3744; x_wconf 78' lang='grc' dir='ltr'>Μήτι</span> <span class='ocrx_word' id='word_1_322' title='bbox 1299 3672 1432 3733; x_wconf 78' lang='grc' dir='ltr'>ὅπου</span> <span class='ocrx_word' id='word_1_323' title='bbox 1470 3672 1583 3732; x_wconf 70' lang='grc' dir='ltr'>ἐστὶ</span> <span class='ocrx_word' id='word_1_324' title='bbox 1616 3676 1798 3751; x_wconf 87' lang='grc' dir='ltr'>καῦμα</span> <span class='ocrx_word' id='word_1_325' title='bbox 1835 3671 1971 3753; x_wconf 86' lang='grc' dir='ltr'>μήτε</span> 
     </span>
     <span class='ocr_line' id='line_1_42' title="bbox 405 3759 1079 3843; baseline 0 -23"><span class='ocrx_word' id='word_1_326' title='bbox 405 3759 746 3843; x_wconf 85' lang='grc' dir='ltr'>δυσχείμερον</span> <span class='ocrx_word' id='word_1_327' title='bbox 767 3759 883 3820; x_wconf 81' lang='grc' dir='ltr'>ὁδὸν</span> <span class='ocrx_word' id='word_1_328' title='bbox 913 3759 1079 3841; x_wconf 82' lang='grc' dir='ltr'>εἴπῃς.</span> 
     </span>
    </p>

    <p class='ocr_par' dir='ltr' id='par_1_20' title="bbox 488 3844 1971 3929">
     <span class='ocr_line' id='line_1_43' title="bbox 488 3844 1971 3929; baseline 0 -21"><span class='ocrx_word' id='word_1_329' title='bbox 488 3870 582 3910; x_wconf 72' lang='grc'>121.</span> <span class='ocrx_word' id='word_1_330' title='bbox 627 3846 837 3929; x_wconf 75' lang='grc' dir='ltr'>θρανίου</span> <span class='ocrx_word' id='word_1_331' title='bbox 868 3868 882 3908; x_wconf 76' lang='lat' dir='ltr'>t</span> <span class='ocrx_word' id='word_1_332' title='bbox 916 3845 1158 3929; x_wconf 84' lang='grc' dir='ltr'>Θράνους</span> <span class='ocrx_word' id='word_1_333' title='bbox 1188 3847 1282 3906; x_wconf 72' lang='grc' dir='ltr'>καὶ</span> <span class='ocrx_word' id='word_1_334' title='bbox 1318 3844 1572 3926; x_wconf 89' lang='grc' dir='ltr'>θρανάτια</span> <span class='ocrx_word' id='word_1_335' title='bbox 1599 3846 1824 3907; x_wconf 87' lang='grc' dir='ltr'>ταπεινά</span> <span class='ocrx_word' id='word_1_336' title='bbox 1850 3870 1971 3908; x_wconf 90' lang='grc' dir='ltr'>τινα</span> 
     </span>
    </p>

    <p class='ocr_par' dir='ltr' id='par_1_21' title="bbox 323 3932 1972 4018">
     <span class='ocr_line' id='line_1_44' title="bbox 323 3932 1972 4018; baseline -0.002 -21"><span class='ocrx_word' id='word_1_337' title='bbox 323 3963 379 4003; x_wconf 69' lang='lat'>⁴0</span> <span class='ocrx_word' id='word_1_338' title='bbox 406 3936 635 4018; x_wconf 82' lang='grc' dir='ltr'>διφρίδια</span> <span class='ocrx_word' id='word_1_339' title='bbox 657 3933 747 3996; x_wconf 75' lang='grc' dir='ltr'>καὶ</span> <span class='ocrx_word' id='word_1_340' title='bbox 771 3933 1030 3995; x_wconf 81' lang='grc' dir='ltr'>ὖποπόδια</span> <span class='ocrx_word' id='word_1_341' title='bbox 1055 3932 1322 4014; x_wconf 84' lang='grc' dir='ltr'>λέγονται·</span> <span class='ocrx_word' id='word_1_342' title='bbox 1347 3933 1439 3992; x_wconf 75' lang='grc' dir='ltr'>καὶ</span> <span class='ocrx_word' id='word_1_343' title='bbox 1463 3937 1496 4005; x_wconf 77' lang='grc' dir='ltr'><strong>ἦ</strong></span> <span class='ocrx_word' id='word_1_344' title='bbox 1515 3933 1665 4015; x_wconf 82' lang='grc' dir='ltr'>παρὰ</span> <span class='ocrx_word' id='word_1_345' title='bbox 1682 3937 1758 4015; x_wconf 78' lang='grc' dir='ltr'>τῷ</span> <span class='ocrx_word' id='word_1_346' title='bbox 1779 3939 1972 4015; x_wconf 82' lang='grc' dir='ltr'>ποιητῇ</span> 
     </span>
    </p>

    <p class='ocr_par' dir='ltr' id='par_1_22' title="bbox 403 4016 1974 4270">
     <span class='ocr_line' id='line_1_45' title="bbox 404 4016 1970 4107; baseline -0.001 -23"><span class='ocrx_word' id='word_1_347' title='bbox 404 4029 613 4107; x_wconf 90' lang='grc' dir='ltr'>θρῆνυς·</span> <span class='ocrx_word' id='word_1_348' title='bbox 637 4023 715 4105; x_wconf 76' lang='grc' dir='ltr'>ἐφ’</span> <span class='ocrx_word' id='word_1_349' title='bbox 737 4016 811 4083; x_wconf 71' lang='grc' dir='ltr'>ὧν</span> <span class='ocrx_word' id='word_1_350' title='bbox 834 4022 1105 4102; x_wconf 80' lang='grc' dir='ltr'>ἱστάμενοι</span> <span class='ocrx_word' id='word_1_351' title='bbox 1128 4026 1176 4082; x_wconf 76' lang='grc' dir='ltr'>οἱ</span> <span class='ocrx_word' id='word_1_352' title='bbox 1201 4021 1567 4101; x_wconf 74' lang='grc' dir='ltr'>ἀπαγχόμενοι</span> <span class='ocrx_word' id='word_1_353' title='bbox 1593 4024 1818 4103; x_wconf 79' lang='grc' dir='ltr'>ἀρτῶσιν</span> <span class='ocrx_word' id='word_1_354' title='bbox 1843 4027 1970 4083; x_wconf 83' lang='grc' dir='ltr'>ἑαυ-</span> 
     </span>
     <span class='ocr_line' id='line_1_46' title="bbox 403 4108 1974 4188; baseline -0.001 -16"><span class='ocrx_word' id='word_1_355' title='bbox 403 4112 552 4188; x_wconf 76' lang='grc' dir='ltr'>τοὺς,</span> <span class='ocrx_word' id='word_1_356' title='bbox 598 4111 1034 4182; x_wconf 79' lang='grc' dir='ltr'>ἀπολακτίζοντες</span> <span class='ocrx_word' id='word_1_357' title='bbox 1070 4110 1227 4173; x_wconf 74' lang='grc' dir='ltr'>αὐτά.</span> <span class='ocrx_word' id='word_1_358' title='bbox 1268 4116 1361 4170; x_wconf 89' lang='grc' dir='ltr'>τοῦ</span> <span class='ocrx_word' id='word_1_359' title='bbox 1395 4108 1452 4169; x_wconf 72' lang='grc' dir='ltr'>δὲ</span> <span class='ocrx_word' id='word_1_360' title='bbox 1489 4109 1639 4172; x_wconf 88' lang='grc' dir='ltr'>κάλω</span> <span class='ocrx_word' id='word_1_361' title='bbox 1665 4115 1701 4182; x_wconf 82' lang='grc' dir='ltr'>ἡ</span> <span class='ocrx_word' id='word_1_362' title='bbox 1731 4112 1903 4172; x_wconf 81' lang='grc' dir='ltr'>εὐθεῖα</span> <span class='ocrx_word' id='word_1_363' title='bbox 1944 4115 1974 4170; x_wconf 91' lang='lat'><em>6</em></span> 
     </span>
     <span class='ocr_line' id='line_1_47' title="bbox 403 4201 594 4270; baseline 0.01 -9"><span class='ocrx_word' id='word_1_364' title='bbox 403 4201 594 4270; x_wconf 88' lang='grc' dir='ltr'>κάλως.</span> 
     </span>
    </p>

    <p class='ocr_par' dir='ltr' id='par_1_23' title="bbox 485 4284 1971 4371">
     <span class='ocr_line' id='line_1_48' title="bbox 485 4284 1971 4371; baseline -0.001 -23"><span class='ocrx_word' id='word_1_365' title='bbox 485 4309 579 4352; x_wconf 74' lang='lat'>122.</span> <span class='ocrx_word' id='word_1_366' title='bbox 620 4289 878 4371; x_wconf 76' lang='grc' dir='ltr'>πνιγηρὰν</span> <span class='ocrx_word' id='word_1_367' title='bbox 900 4285 1069 4366; x_wconf 83' lang='grc' dir='ltr'>λέγεις</span> <span class='ocrx_word' id='word_1_368' title='bbox 1098 4307 1112 4348; x_wconf 74' lang='lat'>2</span> <span class='ocrx_word' id='word_1_369' title='bbox 1144 4285 1289 4367; x_wconf 76' lang='grc' dir='ltr'>Πρὸς</span> <span class='ocrx_word' id='word_1_370' title='bbox 1313 4285 1403 4344; x_wconf 83' lang='grc' dir='ltr'>τὸν</span> <span class='ocrx_word' id='word_1_371' title='bbox 1426 4284 1652 4365; x_wconf 80' lang='grc' dir='ltr'>πνιγμὸν</span> <span class='ocrx_word' id='word_1_372' title='bbox 1678 4289 1773 4357; x_wconf 81' lang='grc' dir='ltr'>τῆς</span> <span class='ocrx_word' id='word_1_373' title='bbox 1800 4287 1971 4368; x_wconf 77' lang='grc' dir='ltr'>ἀγχό-</span> 
     </span>
    </p>

    <p class='ocr_par' dir='ltr' id='par_1_24' title="bbox 322 4370 1973 4701">
     <span class='ocr_line' id='line_1_49' title="bbox 322 4370 1971 4458; baseline -0.004 -21"><span class='ocrx_word' id='word_1_374' title='bbox 322 4410 378 4451; x_wconf 71' lang='lat'>45</span> <span class='ocrx_word' id='word_1_375' title='bbox 402 4401 495 4451; x_wconf 90' lang='grc' dir='ltr'>νης</span> <span class='ocrx_word' id='word_1_376' title='bbox 516 4377 608 4437; x_wconf 83' lang='grc' dir='ltr'>καὶ</span> <span class='ocrx_word' id='word_1_377' title='bbox 631 4374 812 4458; x_wconf 74' lang='grc' dir='ltr'>ὥσπερ</span> <span class='ocrx_word' id='word_1_378' title='bbox 838 4377 959 4437; x_wconf 80' lang='grc' dir='ltr'>ὁδοῦ</span> <span class='ocrx_word' id='word_1_379' title='bbox 988 4374 1385 4452; x_wconf 82' lang='grc' dir='ltr'>καυματώδους.</span> <span class='ocrx_word' id='word_1_380' title='bbox 1413 4370 1633 4441; x_wconf 81' lang='grc' dir='ltr'>Ἄλλως.</span> <span class='ocrx_word' id='word_1_381' title='bbox 1658 4387 1722 4436; x_wconf 82' lang='lat' dir='ltr'>V.</span> <span class='ocrx_word' id='word_1_382' title='bbox 1752 4397 1971 4453; x_wconf 84' lang='grc' dir='ltr'>καυμα-</span> 
     </span>
     <span class='ocr_line' id='line_1_50' title="bbox 404 4459 1971 4545; baseline 0 -23"><span class='ocrx_word' id='word_1_383' title='bbox 404 4462 574 4537; x_wconf 82' lang='grc' dir='ltr'>τώδη·</span> <span class='ocrx_word' id='word_1_384' title='bbox 605 4463 718 4542; x_wconf 77' lang='grc' dir='ltr'>ἅμα</span> <span class='ocrx_word' id='word_1_385' title='bbox 746 4462 841 4541; x_wconf 83' lang='grc' dir='ltr'>μὲν</span> <span class='ocrx_word' id='word_1_386' title='bbox 871 4460 986 4522; x_wconf 79' lang='grc' dir='ltr'>ἀντὶ</span> <span class='ocrx_word' id='word_1_387' title='bbox 1017 4467 1107 4521; x_wconf 91' lang='grc' dir='ltr'>τοῦ</span> <span class='ocrx_word' id='word_1_388' title='bbox 1136 4460 1333 4545; x_wconf 85' lang='grc' dir='ltr'>θερμήν</span> <span class='ocrx_word' id='word_1_389' title='bbox 1352 4485 1365 4499; x_wconf 91' lang='grc'><em>·</em></span> <span class='ocrx_word' id='word_1_390' title='bbox 1393 4459 1605 4540; x_wconf 70' lang='grc' dir='ltr'>πνιγεὺς</span> <span class='ocrx_word' id='word_1_391' title='bbox 1627 4459 1729 4542; x_wconf 70' lang='grc' dir='ltr'>γὰρ</span> <span class='ocrx_word' id='word_1_392' title='bbox 1757 4465 1792 4534; x_wconf 79' lang='grc' dir='ltr'>ἡ</span> <span class='ocrx_word' id='word_1_393' title='bbox 1816 4462 1971 4542; x_wconf 78' lang='grc' dir='ltr'>κάμι-</span> 
     </span>
     <span class='ocr_line' id='line_1_51' title="bbox 405 4547 1973 4632; baseline 0 -22"><span class='ocrx_word' id='word_1_394' title='bbox 405 4575 512 4619; x_wconf 90' lang='grc' dir='ltr'>νος·</span> <span class='ocrx_word' id='word_1_395' title='bbox 551 4551 667 4630; x_wconf 77' lang='grc' dir='ltr'>ἅμα</span> <span class='ocrx_word' id='word_1_396' title='bbox 690 4551 746 4610; x_wconf 82' lang='grc' dir='ltr'>δὲ</span> <span class='ocrx_word' id='word_1_397' title='bbox 787 4551 868 4609; x_wconf 76' lang='grc' dir='ltr'>ὅτι</span> <span class='ocrx_word' id='word_1_398' title='bbox 909 4548 1082 4628; x_wconf 77' lang='grc' dir='ltr'>πνίγει</span> <span class='ocrx_word' id='word_1_399' title='bbox 1120 4552 1196 4632; x_wconf 74' lang='grc' dir='ltr'>τῷ</span> <span class='ocrx_word' id='word_1_400' title='bbox 1235 4547 1411 4632; x_wconf 76' lang='grc' dir='ltr'>χρόνῳ</span> <span class='ocrx_word' id='word_1_401' title='bbox 1438 4547 1501 4608; x_wconf 76' lang='grc' dir='ltr'>τὸ</span> <span class='ocrx_word' id='word_1_402' title='bbox 1537 4547 1767 4629; x_wconf 77' lang='grc' dir='ltr'>σχοινίον</span> <span class='ocrx_word' id='word_1_403' title='bbox 1791 4549 1885 4609; x_wconf 74' lang='grc' dir='ltr'>καὶ</span> <span class='ocrx_word' id='word_1_404' title='bbox 1911 4548 1973 4610; x_wconf 77' lang='grc' dir='ltr'>τὸ</span> 
     </span>
     <span class='ocr_line' id='line_1_52' title="bbox 405 4639 631 4701; baseline 0.009 -3"><span class='ocrx_word' id='word_1_405' title='bbox 405 4645 434 4699; x_wconf 88' lang='grc' dir='ltr'>θ</span> <span class='ocrx_word' id='word_1_406' title='bbox 469 4639 631 4701; x_wconf 85' lang='grc' dir='ltr'>ανίον.</span> 
     </span>
    </p>

    <p class='ocr_par' dir='ltr' id='par_1_25' title="bbox 438 4664 1970 4806">
     <span class='ocr_line' id='line_1_53' title="bbox 438 4664 1970 4806; baseline -0.001 -19"><span class='ocrx_word' id='word_1_407' title='bbox 438 4664 579 4788; x_wconf 74' lang='grc' dir='ltr'>ρ133.</span> <span class='ocrx_word' id='word_1_408' title='bbox 623 4726 874 4806; x_wconf 89' lang='grc' dir='ltr'>σύντομος</span> <span class='ocrx_word' id='word_1_409' title='bbox 911 4745 927 4787; x_wconf 75' lang='grc' dir='ltr'><strong><em>ε</em></strong></span> <span class='ocrx_word' id='word_1_410' title='bbox 970 4724 1102 4787; x_wconf 68' lang='grc' dir='ltr'>Ὀτι</span> <span class='ocrx_word' id='word_1_411' title='bbox 1138 4728 1197 4786; x_wconf 78' lang='grc' dir='ltr'>οὗ</span> <span class='ocrx_word' id='word_1_412' title='bbox 1239 4723 1393 4802; x_wconf 90' lang='grc' dir='ltr'>μόνον</span> <span class='ocrx_word' id='word_1_413' title='bbox 1435 4723 1684 4805; x_wconf 80' lang='grc' dir='ltr'>ἐπίτομον</span> <span class='ocrx_word' id='word_1_414' title='bbox 1710 4723 1970 4805; x_wconf 88' lang='grc' dir='ltr'>λέγουσιν,</span> 
     </span>
    </p>

    <p class='ocr_par' dir='ltr' id='par_1_26' title="bbox 326 4810 1971 5071">
     <span class='ocr_line' id='line_1_54' title="bbox 326 4810 1971 4895; baseline -0.001 -20"><span class='ocrx_word' id='word_1_415' title='bbox 326 4849 381 4892; x_wconf 74' lang='lat' dir='ltr'><strong><em>w</em></strong></span> <span class='ocrx_word' id='word_1_416' title='bbox 407 4816 546 4875; x_wconf 79' lang='grc' dir='ltr'>ἀλλὰ</span> <span class='ocrx_word' id='word_1_417' title='bbox 573 4813 665 4875; x_wconf 77' lang='grc' dir='ltr'>καὶ</span> <span class='ocrx_word' id='word_1_418' title='bbox 692 4813 965 4892; x_wconf 90' lang='grc' dir='ltr'>σύντομον.</span> <span class='ocrx_word' id='word_1_419' title='bbox 993 4811 1344 4895; x_wconf 79' lang='grc' dir='ltr'>τετριμμένην</span> <span class='ocrx_word' id='word_1_420' title='bbox 1373 4812 1462 4887; x_wconf 85' lang='grc' dir='ltr'>δὲ,</span> <span class='ocrx_word' id='word_1_421' title='bbox 1502 4811 1616 4892; x_wconf 72' lang='grc' dir='ltr'>ἅμα</span> <span class='ocrx_word' id='word_1_422' title='bbox 1644 4810 1740 4891; x_wconf 76' lang='grc' dir='ltr'>μὲν</span> <span class='ocrx_word' id='word_1_423' title='bbox 1769 4817 1840 4881; x_wconf 78' lang='grc' dir='ltr'>ὣς</span> <span class='ocrx_word' id='word_1_424' title='bbox 1882 4815 1971 4874; x_wconf 71' lang='grc' dir='ltr'>ἐπὶ</span> 
     </span>
     <span class='ocr_line' id='line_1_55' title="bbox 404 4898 1967 4984; baseline 0 -22"><span class='ocrx_word' id='word_1_425' title='bbox 404 4903 523 4962; x_wconf 81' lang='grc' dir='ltr'>ὁδοῦ</span> <span class='ocrx_word' id='word_1_426' title='bbox 554 4899 1137 4984; x_wconf 80' lang='grc' dir='ltr'>[κατημαξευμένης],</span> <span class='ocrx_word' id='word_1_427' title='bbox 1167 4899 1283 4979; x_wconf 76' lang='grc' dir='ltr'>ἅμα</span> <span class='ocrx_word' id='word_1_428' title='bbox 1313 4898 1369 4959; x_wconf 76' lang='grc' dir='ltr'>δὲ</span> <span class='ocrx_word' id='word_1_429' title='bbox 1396 4899 1489 4960; x_wconf 79' lang='grc' dir='ltr'>καὶ</span> <span class='ocrx_word' id='word_1_430' title='bbox 1514 4899 1645 4982; x_wconf 80' lang='grc' dir='ltr'>πρὸς</span> <span class='ocrx_word' id='word_1_431' title='bbox 1665 4900 1727 4960; x_wconf 82' lang='grc' dir='ltr'>τὸ</span> <span class='ocrx_word' id='word_1_432' title='bbox 1752 4900 1967 4962; x_wconf 79' lang='grc' dir='ltr'>κώνειον</span> 
     </span>
     <span class='ocr_line' id='line_1_56' title="bbox 404 4988 1002 5071; baseline 0 -22"><span class='ocrx_word' id='word_1_433' title='bbox 404 4989 490 5049; x_wconf 80' lang='grc' dir='ltr'>διὰ</span> <span class='ocrx_word' id='word_1_434' title='bbox 515 4989 689 5057; x_wconf 78' lang='grc' dir='ltr'>θυείας</span> <span class='ocrx_word' id='word_1_435' title='bbox 711 4988 1002 5071; x_wconf 72' lang='grc' dir='ltr'>τρίῧεσθαι.</span> 
     </span>
    </p>

    <p class='ocr_par' dir='ltr' id='par_1_27' title="bbox 486 5073 1969 5159">
     <span class='ocr_line' id='line_1_57' title="bbox 486 5073 1969 5159; baseline -0.001 -24"><span class='ocrx_word' id='word_1_436' title='bbox 486 5097 580 5138; x_wconf 75' lang='lat'>126.</span> <span class='ocrx_word' id='word_1_437' title='bbox 624 5075 832 5159; x_wconf 83' lang='grc' dir='ltr'>ψυχράν</span> <span class='ocrx_word' id='word_1_438' title='bbox 857 5098 919 5156; x_wconf 85' lang='grc' dir='ltr'>γε</span> <span class='ocrx_word' id='word_1_439' title='bbox 940 5075 1033 5135; x_wconf 78' lang='grc' dir='ltr'>καὶ</span> <span class='ocrx_word' id='word_1_440' title='bbox 1057 5073 1398 5156; x_wconf 80' lang='grc' dir='ltr'>δυσχείμερον</span> <span class='ocrx_word' id='word_1_441' title='bbox 1427 5096 1442 5136; x_wconf 76' lang='lat' dir='ltr'>t</span> <span class='ocrx_word' id='word_1_442' title='bbox 1474 5075 1617 5155; x_wconf 76' lang='grc' dir='ltr'>(Καὶ</span> <span class='ocrx_word' id='word_1_443' title='bbox 1639 5079 1710 5145; x_wconf 79' lang='grc' dir='ltr'>ὥς</span> <span class='ocrx_word' id='word_1_444' title='bbox 1733 5076 1822 5136; x_wconf 71' lang='grc' dir='ltr'>ἐπὶ</span> <span class='ocrx_word' id='word_1_445' title='bbox 1845 5077 1969 5136; x_wconf 81' lang='grc' dir='ltr'>ὁδοῦ</span> 
     </span>
    </p>
   </div>
   <div class='ocr_carea' id='block_1_9' title="bbox 2041 689 3708 3321">
    <p class='ocr_par' dir='ltr' id='par_1_28' title="bbox 2041 689 3672 958">
     <span class='ocr_line' id='line_1_58' title="bbox 2041 689 3614 780; baseline 0.008 -31"><span class='ocrx_word' id='word_1_446' title='bbox 2041 689 2150 771; x_wconf 74' lang='grc' dir='ltr'>[ὡς</span> <span class='ocrx_word' id='word_1_447' title='bbox 2174 697 2265 750; x_wconf 91' lang='grc' dir='ltr'>τοῦ</span> <span class='ocrx_word' id='word_1_448' title='bbox 2294 694 2511 762; x_wconf 76' lang='grc' dir='ltr'>ζωτικοῦ</span> <span class='ocrx_word' id='word_1_449' title='bbox 2541 689 2765 771; x_wconf 75' lang='grc' dir='ltr'>αἵματος</span> <span class='ocrx_word' id='word_1_450' title='bbox 2790 692 2914 776; x_wconf 79' lang='grc' dir='ltr'>περὶ</span> <span class='ocrx_word' id='word_1_451' title='bbox 2939 692 3036 767; x_wconf 79' lang='grc' dir='ltr'>τὴν</span> <span class='ocrx_word' id='word_1_452' title='bbox 3069 697 3293 780; x_wconf 83' lang='grc' dir='ltr'>καρδίαν</span> <span class='ocrx_word' id='word_1_453' title='bbox 3323 701 3614 761; x_wconf 87' lang='grc' dir='ltr'>συστελλο-</span> 
     </span>
     <span class='ocr_line' id='line_1_59' title="bbox 2044 777 3672 860; baseline 0.007 -22"><span class='ocrx_word' id='word_1_454' title='bbox 2044 777 2262 860; x_wconf 62' lang='grc' dir='ltr'>μένου]</span> <span class='ocrx_word' id='word_1_455' title='bbox 3644 812 3672 850; x_wconf 75' lang='lat'><strong>5</strong></span> 
     </span>
     <span class='ocr_line' id='line_1_60' title="bbox 2125 865 3616 958; baseline 0.008 -33"><span class='ocrx_word' id='word_1_456' title='bbox 2125 885 2220 928; x_wconf 77' lang='lat'>127.</span> <span class='ocrx_word' id='word_1_457' title='bbox 2265 865 2498 939; x_wconf 87' lang='grc' dir='ltr'>κατάντη</span> <span class='ocrx_word' id='word_1_458' title='bbox 2527 886 2542 928; x_wconf 88' lang='lat'><strong>:</strong></span> <span class='ocrx_word' id='word_1_459' title='bbox 2572 866 2757 936; x_wconf 78' lang='grc' dir='ltr'>Οὕτως</span> <span class='ocrx_word' id='word_1_460' title='bbox 2784 868 3007 930; x_wconf 82' lang='grc' dir='ltr'>Ἀττικοὶ</span> <span class='ocrx_word' id='word_1_461' title='bbox 3045 872 3162 931; x_wconf 74' lang='grc' dir='ltr'>ἀντὶ</span> <span class='ocrx_word' id='word_1_462' title='bbox 3188 878 3282 932; x_wconf 88' lang='grc' dir='ltr'>τοῦ</span> <span class='ocrx_word' id='word_1_463' title='bbox 3309 879 3616 958; x_wconf 82' lang='grc' dir='ltr'>κατωφερῆ.</span> 
     </span>
    </p>

    <p class='ocr_par' dir='ltr' id='par_1_29' title="bbox 2043 951 3452 1039">
     <span class='ocr_line' id='line_1_61' title="bbox 2043 951 3452 1039; baseline 0.008 -27"><span class='ocrx_word' id='word_1_464' title='bbox 2043 951 2392 1035; x_wconf 79' lang='grc' dir='ltr'>εὖκολώτεραι</span> <span class='ocrx_word' id='word_1_465' title='bbox 2413 951 2517 1035; x_wconf 76' lang='grc' dir='ltr'>γὰρ</span> <span class='ocrx_word' id='word_1_466' title='bbox 2540 954 2632 1014; x_wconf 79' lang='grc' dir='ltr'>καὶ</span> <span class='ocrx_word' id='word_1_467' title='bbox 2653 953 2942 1039; x_wconf 85' lang='grc' dir='ltr'>ταχύτεραι</span> <span class='ocrx_word' id='word_1_468' title='bbox 2969 961 3027 1016; x_wconf 78' lang='grc' dir='ltr'>αἱ</span> <span class='ocrx_word' id='word_1_469' title='bbox 3052 965 3300 1020; x_wconf 88' lang='grc' dir='ltr'>ταιαῦται</span> <span class='ocrx_word' id='word_1_470' title='bbox 3323 961 3452 1023; x_wconf 82' lang='grc' dir='ltr'>ὁδοί.</span> 
     </span>
    </p>

    <p class='ocr_par' dir='ltr' id='par_1_30' title="bbox 2043 1041 3621 1215">
     <span class='ocr_line' id='line_1_62' title="bbox 2128 1041 3621 1126; baseline 0.005 -25"><span class='ocrx_word' id='word_1_471' title='bbox 2128 1061 2219 1101; x_wconf 73' lang='lat'>12⁸.</span> <span class='ocrx_word' id='word_1_472' title='bbox 2261 1043 2332 1110; x_wconf 80' lang='grc' dir='ltr'>ὡς</span> <span class='ocrx_word' id='word_1_473' title='bbox 2357 1041 2501 1108; x_wconf 84' lang='grc' dir='ltr'>ὄντος</span> <span class='ocrx_word' id='word_1_474' title='bbox 2524 1064 2586 1121; x_wconf 86' lang='grc' dir='ltr'>γε</span> <span class='ocrx_word' id='word_1_475' title='bbox 2616 1041 2692 1119; x_wconf 79' lang='grc' dir='ltr'>μὴ</span> <span class='ocrx_word' id='word_1_476' title='bbox 2721 1046 3027 1124; x_wconf 70' lang='grc' dir='ltr'>βαδιστικοῦ</span> <span class='ocrx_word' id='word_1_477' title='bbox 3042 1091 3058 1120; x_wconf 92' lang='grc'>,</span> <span class='ocrx_word' id='word_1_478' title='bbox 3089 1049 3221 1126; x_wconf 86' lang='grc' dir='ltr'>ἐμοῦ</span> <span class='ocrx_word' id='word_1_479' title='bbox 3245 1049 3488 1120; x_wconf 81' lang='grc' dir='ltr'>δηλονότι</span> <span class='ocrx_word' id='word_1_480' title='bbox 3512 1073 3621 1110; x_wconf 87' lang='grc' dir='ltr'>τα-</span> 
     </span>
     <span class='ocr_line' id='line_1_63' title="bbox 2043 1126 3503 1215; baseline 0.008 -29"><span class='ocrx_word' id='word_1_481' title='bbox 2043 1126 2178 1209; x_wconf 84' lang='grc' dir='ltr'>χέως</span> <span class='ocrx_word' id='word_1_482' title='bbox 2207 1128 2435 1208; x_wconf 82' lang='grc' dir='ltr'>βαδίζειν</span> <span class='ocrx_word' id='word_1_483' title='bbox 2461 1129 2537 1207; x_wconf 78' lang='grc' dir='ltr'>μὴ</span> <span class='ocrx_word' id='word_1_484' title='bbox 2558 1129 2865 1209; x_wconf 85' lang='grc' dir='ltr'>δυναμένου.</span> <span class='ocrx_word' id='word_1_485' title='bbox 2894 1144 2956 1192; x_wconf 81' lang='lat' dir='ltr'>V.</span> <span class='ocrx_word' id='word_1_486' title='bbox 2987 1132 3234 1204; x_wconf 84' lang='grc' dir='ltr'>ὀξύποδος</span> <span class='ocrx_word' id='word_1_487' title='bbox 3263 1138 3413 1215; x_wconf 79' lang='grc' dir='ltr'>ἐμοῦ.</span> <span class='ocrx_word' id='word_1_488' title='bbox 3442 1148 3503 1197; x_wconf 74' lang='lat' dir='ltr'>R.</span> 
     </span>
    </p>

    <p class='ocr_par' dir='ltr' id='par_1_31' title="bbox 2048 1216 3705 2000">
     <span class='ocr_line' id='line_1_64' title="bbox 2128 1216 3705 1304; baseline 0.007 -28"><span class='ocrx_word' id='word_1_489' title='bbox 2128 1236 2223 1278; x_wconf 79' lang='grc'>131.</span> <span class='ocrx_word' id='word_1_490' title='bbox 2268 1216 2553 1299; x_wconf 75' lang='grc' dir='ltr'>ἀφιεμένην</span> <span class='ocrx_word' id='word_1_491' title='bbox 2589 1218 2688 1292; x_wconf 68' lang='grc' dir='ltr'>τὴν</span> <span class='ocrx_word' id='word_1_492' title='bbox 2724 1219 2984 1298; x_wconf 77' lang='grc' dir='ltr'>λαμπάδα</span> <span class='ocrx_word' id='word_1_493' title='bbox 3021 1242 3037 1282; x_wconf 87' lang='lat'>:</span> <span class='ocrx_word' id='word_1_494' title='bbox 3071 1222 3207 1293; x_wconf 76' lang='grc' dir='ltr'>Τοὺς</span> <span class='ocrx_word' id='word_1_495' title='bbox 3240 1224 3623 1304; x_wconf 73' lang='grc' dir='ltr'>λαμπαδιστὰς</span> <span class='ocrx_word' id='word_1_496' title='bbox 3653 1245 3705 1285; x_wconf 74' lang='grc' dir='ltr'>ιο</span> 
     </span>
     <span class='ocr_line' id='line_1_65' title="bbox 2048 1305 3624 1396; baseline 0.008 -34"><span class='ocrx_word' id='word_1_497' title='bbox 2048 1305 2271 1383; x_wconf 80' lang='grc' dir='ltr'>ἀγῶνας.</span> <span class='ocrx_word' id='word_1_498' title='bbox 2296 1306 2769 1387; x_wconf 85' lang='grc' dir='ltr'>λαμπαδηδρομίαι</span> <span class='ocrx_word' id='word_1_499' title='bbox 2790 1307 2846 1367; x_wconf 87' lang='grc' dir='ltr'>δὲ</span> <span class='ocrx_word' id='word_1_500' title='bbox 2868 1308 3099 1388; x_wconf 85' lang='grc' dir='ltr'>γίνονται</span> <span class='ocrx_word' id='word_1_501' title='bbox 3115 1316 3252 1393; x_wconf 85' lang='grc' dir='ltr'>τρεῖς</span> <span class='ocrx_word' id='word_1_502' title='bbox 3272 1315 3325 1372; x_wconf 79' lang='grc' dir='ltr'>ἐν</span> <span class='ocrx_word' id='word_1_503' title='bbox 3348 1317 3425 1396; x_wconf 79' lang='grc' dir='ltr'>τῷ</span> <span class='ocrx_word' id='word_1_504' title='bbox 3449 1317 3624 1395; x_wconf 85' lang='grc' dir='ltr'>Κερα-</span> 
     </span>
     <span class='ocr_line' id='line_1_66' title="bbox 2049 1393 3623 1484; baseline 0.005 -31"><span class='ocrx_word' id='word_1_505' title='bbox 2049 1396 2246 1474; x_wconf 80' lang='grc' dir='ltr'>μεικῷ,</span> <span class='ocrx_word' id='word_1_506' title='bbox 2275 1393 2517 1468; x_wconf 74' lang='grc' dir='ltr'>Ἀθηνᾶς,</span> <span class='ocrx_word' id='word_1_507' title='bbox 2547 1394 2868 1476; x_wconf 84' lang='grc' dir='ltr'>Ἡφαίστου,</span> <span class='ocrx_word' id='word_1_508' title='bbox 2900 1399 3246 1479; x_wconf 71' lang='grc' dir='ltr'>Προμηθέως.</span> <span class='ocrx_word' id='word_1_509' title='bbox 3347 1405 3623 1484; x_wconf 84' lang='grc' dir='ltr'>Κεραμει-</span> 
     </span>
     <span class='ocr_line' id='line_1_67' title="bbox 2048 1480 3626 1561; baseline 0.006 -22"><span class='ocrx_word' id='word_1_510' title='bbox 2048 1480 2136 1548; x_wconf 84' lang='grc' dir='ltr'>κὸς</span> <span class='ocrx_word' id='word_1_511' title='bbox 2187 1480 2345 1549; x_wconf 84' lang='grc' dir='ltr'>τόπος</span> <span class='ocrx_word' id='word_1_512' title='bbox 2400 1481 2674 1555; x_wconf 83' lang='grc' dir='ltr'>Ἀθήνησιν</span> <span class='ocrx_word' id='word_1_513' title='bbox 2721 1482 2855 1543; x_wconf 78' lang='grc' dir='ltr'>ὅπου</span> <span class='ocrx_word' id='word_1_514' title='bbox 2905 1485 3208 1547; x_wconf 78' lang='grc' dir='ltr'>συνετέλουν</span> <span class='ocrx_word' id='word_1_515' title='bbox 3254 1491 3303 1547; x_wconf 77' lang='grc' dir='ltr'>οἱ</span> <span class='ocrx_word' id='word_1_516' title='bbox 3356 1488 3626 1561; x_wconf 83' lang='grc' dir='ltr'>Ἀθηναῖοι</span> 
     </span>
     <span class='ocr_line' id='line_1_68' title="bbox 2049 1566 3626 1659; baseline 0.006 -33"><span class='ocrx_word' id='word_1_517' title='bbox 2049 1566 2189 1626; x_wconf 82' lang='grc' dir='ltr'>κατὰ</span> <span class='ocrx_word' id='word_1_518' title='bbox 2213 1567 2450 1627; x_wconf 75' lang='grc' dir='ltr'>ἐνιαυτὸν</span> <span class='ocrx_word' id='word_1_519' title='bbox 2479 1571 2862 1649; x_wconf 86' lang='grc' dir='ltr'>λαμπαδοῦχον</span> <span class='ocrx_word' id='word_1_520' title='bbox 2897 1573 3095 1650; x_wconf 77' lang='grc' dir='ltr'>ἀγῶνα.</span> <span class='ocrx_word' id='word_1_521' title='bbox 3125 1572 3257 1654; x_wconf 79' lang='grc' dir='ltr'>πρὸς</span> <span class='ocrx_word' id='word_1_522' title='bbox 3284 1572 3340 1634; x_wconf 66' lang='grc' dir='ltr'>δὲ</span> <span class='ocrx_word' id='word_1_523' title='bbox 3366 1579 3443 1657; x_wconf 76' lang='grc' dir='ltr'>τῷ</span> <span class='ocrx_word' id='word_1_524' title='bbox 3471 1575 3626 1659; x_wconf 71' lang='grc' dir='ltr'>τόπῳ</span> 
     </span>
     <span class='ocr_line' id='line_1_69' title="bbox 2048 1653 3704 1742; baseline 0.009 -30"><span class='ocrx_word' id='word_1_525' title='bbox 2048 1653 2217 1737; x_wconf 80' lang='grc' dir='ltr'>τούτῳ</span> <span class='ocrx_word' id='word_1_526' title='bbox 2255 1654 2455 1736; x_wconf 87' lang='grc' dir='ltr'>πύργον</span> <span class='ocrx_word' id='word_1_527' title='bbox 2495 1656 2614 1716; x_wconf 78' lang='grc' dir='ltr'>τινὰ</span> <span class='ocrx_word' id='word_1_528' title='bbox 2651 1657 2908 1739; x_wconf 78' lang='grc' dir='ltr'>ὑπάρχειν</span> <span class='ocrx_word' id='word_1_529' title='bbox 2943 1660 3120 1740; x_wconf 90' lang='grc' dir='ltr'>φασίν.</span> <span class='ocrx_word' id='word_1_530' title='bbox 3158 1662 3240 1742; x_wconf 74' lang='grc' dir='ltr'>ἐφ’</span> <span class='ocrx_word' id='word_1_531' title='bbox 3271 1661 3327 1722; x_wconf 78' lang='grc' dir='ltr'>δν</span> <span class='ocrx_word' id='word_1_532' title='bbox 3376 1664 3621 1740; x_wconf 77' lang='grc' dir='ltr'>συμὸου-</span> <span class='ocrx_word' id='word_1_533' title='bbox 3652 1688 3704 1727; x_wconf 69' lang='grc'>15</span> 
     </span>
     <span class='ocr_line' id='line_1_70' title="bbox 2049 1742 3624 1828; baseline 0.005 -26"><span class='ocrx_word' id='word_1_534' title='bbox 2049 1742 2189 1802; x_wconf 84' lang='grc' dir='ltr'>λεύει</span> <span class='ocrx_word' id='word_1_535' title='bbox 2213 1742 2370 1802; x_wconf 77' lang='grc' dir='ltr'>αὐτὸν</span> <span class='ocrx_word' id='word_1_536' title='bbox 2399 1744 2672 1805; x_wconf 74' lang='grc' dir='ltr'>ἀναόάντα</span> <span class='ocrx_word' id='word_1_537' title='bbox 2700 1751 2911 1828; x_wconf 83' lang='grc' dir='ltr'>θεωρεῖν</span> <span class='ocrx_word' id='word_1_538' title='bbox 2938 1745 3036 1820; x_wconf 77' lang='grc' dir='ltr'>τὴν</span> <span class='ocrx_word' id='word_1_539' title='bbox 3058 1749 3347 1826; x_wconf 85' lang='grc' dir='ltr'>λαμπάδα,</span> <span class='ocrx_word' id='word_1_540' title='bbox 3374 1750 3469 1811; x_wconf 75' lang='grc' dir='ltr'>καὶ</span> <span class='ocrx_word' id='word_1_541' title='bbox 3495 1751 3624 1813; x_wconf 80' lang='grc' dir='ltr'>ὅταν</span> 
     </span>
     <span class='ocr_line' id='line_1_71' title="bbox 2050 1832 3625 1918; baseline 0.006 -28"><span class='ocrx_word' id='word_1_542' title='bbox 2050 1835 2100 1890; x_wconf 71' lang='grc' dir='ltr'>οἱ</span> <span class='ocrx_word' id='word_1_543' title='bbox 2127 1835 2330 1913; x_wconf 79' lang='grc' dir='ltr'>πρῶτοι</span> <span class='ocrx_word' id='word_1_544' title='bbox 2355 1832 2771 1911; x_wconf 84' lang='grc' dir='ltr'>λαμπαδίζοντες</span> <span class='ocrx_word' id='word_1_545' title='bbox 2803 1838 3063 1918; x_wconf 75' lang='grc' dir='ltr'>ἀφεθῶσι,</span> <span class='ocrx_word' id='word_1_546' title='bbox 3089 1836 3183 1896; x_wconf 74' lang='grc' dir='ltr'>καὶ</span> <span class='ocrx_word' id='word_1_547' title='bbox 3210 1837 3368 1897; x_wconf 76' lang='grc' dir='ltr'>αὐτὸν</span> <span class='ocrx_word' id='word_1_548' title='bbox 3395 1839 3505 1900; x_wconf 75' lang='grc' dir='ltr'>ἀπὸ</span> <span class='ocrx_word' id='word_1_549' title='bbox 3529 1846 3625 1900; x_wconf 88' lang='grc' dir='ltr'>τοῦ</span> 
     </span>
     <span class='ocr_line' id='line_1_72' title="bbox 2050 1919 2880 2000; baseline 0.007 -23"><span class='ocrx_word' id='word_1_550' title='bbox 2050 1919 2252 2000; x_wconf 83' lang='grc' dir='ltr'>πύργου</span> <span class='ocrx_word' id='word_1_551' title='bbox 2275 1922 2309 1978; x_wconf 79' lang='grc' dir='ltr'>ἀ</span> <span class='ocrx_word' id='word_1_552' title='bbox 2351 1921 2483 1980; x_wconf 89' lang='grc' dir='ltr'>εῖναι</span> <span class='ocrx_word' id='word_1_553' title='bbox 2506 1921 2690 1981; x_wconf 78' lang='grc' dir='ltr'>ἑαυτὸν</span> <span class='ocrx_word' id='word_1_554' title='bbox 2717 1922 2880 1983; x_wconf 90' lang='grc' dir='ltr'>κάτω.</span> 
     </span>
    </p>

    <p class='ocr_par' dir='ltr' id='par_1_32' title="bbox 2051 2000 3708 3321">
     <span class='ocr_line' id='line_1_73' title="bbox 2136 2000 3625 2100; baseline 0.007 -35"><span class='ocrx_word' id='word_1_555' title='bbox 2136 2026 2232 2068; x_wconf 82' lang='grc'>133.</span> <span class='ocrx_word' id='word_1_556' title='bbox 2278 2030 2302 2065; x_wconf 88' lang='grc' dir='ltr'>ε</span> <span class='ocrx_word' id='word_1_557' title='bbox 2325 2030 2410 2065; x_wconf 90' lang='grc' dir='ltr'>ναι</span> <span class='ocrx_word' id='word_1_558' title='bbox 2430 2053 2447 2084; x_wconf 88' lang='grc'>,</span> <span class='ocrx_word' id='word_1_559' title='bbox 2476 2007 2584 2068; x_wconf 85' lang='grc' dir='ltr'>τόθ’</span> <span class='ocrx_word' id='word_1_560' title='bbox 2609 2000 2741 2068; x_wconf 74' lang='grc' dir='ltr'>εἶναι</span> <span class='ocrx_word' id='word_1_561' title='bbox 2771 2029 2786 2070; x_wconf 85' lang='lat'>:</span> <span class='ocrx_word' id='word_1_562' title='bbox 2818 2009 2986 2088; x_wconf 82' lang='grc' dir='ltr'>(Ἄντὶ</span> <span class='ocrx_word' id='word_1_563' title='bbox 3006 2016 3096 2070; x_wconf 87' lang='grc' dir='ltr'>τοῦ</span> <span class='ocrx_word' id='word_1_564' title='bbox 3122 2012 3334 2094; x_wconf 81' lang='grc' dir='ltr'>ἀφεῖναι</span> <span class='ocrx_word' id='word_1_565' title='bbox 3354 2014 3473 2084; x_wconf 80' lang='grc' dir='ltr'>τοὺς</span> <span class='ocrx_word' id='word_1_566' title='bbox 3497 2017 3625 2100; x_wconf 87' lang='grc' dir='ltr'>δρο-</span> 
     </span>
     <span class='ocr_line' id='line_1_74' title="bbox 2054 2092 3706 2185; baseline 0.009 -34"><span class='ocrx_word' id='word_1_567' title='bbox 2054 2094 2185 2171; x_wconf 86' lang='grc' dir='ltr'>μεῖς.</span> <span class='ocrx_word' id='word_1_568' title='bbox 2226 2092 2361 2162; x_wconf 74' lang='grc' dir='ltr'>τινὲς</span> <span class='ocrx_word' id='word_1_569' title='bbox 2400 2094 2456 2154; x_wconf 79' lang='grc' dir='ltr'>δὲ</span> <span class='ocrx_word' id='word_1_570' title='bbox 2491 2094 2777 2178; x_wconf 80' lang='grc' dir='ltr'>γράφουσιν</span> <span class='ocrx_word' id='word_1_571' title='bbox 2814 2096 2987 2171; x_wconf 71' lang='grc' dir='ltr'>εἴητε,</span> <span class='ocrx_word' id='word_1_572' title='bbox 3017 2098 3134 2157; x_wconf 79' lang='grc' dir='ltr'>ἀντὶ</span> <span class='ocrx_word' id='word_1_573' title='bbox 3170 2106 3263 2159; x_wconf 87' lang='grc' dir='ltr'>τοῦ</span> <span class='ocrx_word' id='word_1_574' title='bbox 3292 2103 3540 2185; x_wconf 85' lang='grc' dir='ltr'>ἀφείητε,</span> <span class='ocrx_word' id='word_1_575' title='bbox 3574 2109 3623 2166; x_wconf 74' lang='grc' dir='ltr'>οἱ</span> <span class='ocrx_word' id='word_1_576' title='bbox 3651 2132 3706 2172; x_wconf 68' lang='lat' dir='ltr'>n</span> 
     </span>
     <span class='ocr_line' id='line_1_75' title="bbox 2053 2181 3626 2269; baseline 0.01 -30"><span class='ocrx_word' id='word_1_577' title='bbox 2053 2181 2259 2261; x_wconf 85' lang='grc' dir='ltr'>δρομεῖς</span> <span class='ocrx_word' id='word_1_578' title='bbox 2277 2182 2562 2263; x_wconf 89' lang='grc' dir='ltr'>δηλονότι.)</span> <span class='ocrx_word' id='word_1_579' title='bbox 2584 2189 2737 2244; x_wconf 93' lang='grc' dir='ltr'>τοῦτο</span> <span class='ocrx_word' id='word_1_580' title='bbox 2756 2184 2811 2243; x_wconf 68' lang='grc' dir='ltr'>δὲ</span> <span class='ocrx_word' id='word_1_581' title='bbox 2834 2184 3232 2269; x_wconf 74' lang='grc' dir='ltr'>γνωριμώτερον</span> <span class='ocrx_word' id='word_1_582' title='bbox 3252 2187 3365 2269; x_wconf 77' lang='grc' dir='ltr'>ἔχει</span> <span class='ocrx_word' id='word_1_583' title='bbox 3377 2191 3467 2251; x_wconf 79' lang='grc' dir='ltr'>τὸν</span> <span class='ocrx_word' id='word_1_584' title='bbox 3485 2199 3626 2267; x_wconf 79' lang='grc' dir='ltr'>νοῦν,</span> 
     </span>
     <span class='ocr_line' id='line_1_76' title="bbox 2054 2266 3626 2360; baseline 0.01 -35"><span class='ocrx_word' id='word_1_585' title='bbox 2054 2266 2263 2327; x_wconf 75' lang='grc' dir='ltr'>ἐπειδὰν</span> <span class='ocrx_word' id='word_1_586' title='bbox 2290 2272 2339 2328; x_wconf 77' lang='grc' dir='ltr'>οἱ</span> <span class='ocrx_word' id='word_1_587' title='bbox 2367 2268 2617 2349; x_wconf 78' lang='grc' dir='ltr'>θεώμενοι</span> <span class='ocrx_word' id='word_1_588' title='bbox 2644 2271 2861 2332; x_wconf 76' lang='grc' dir='ltr'>εἴπωσιν</span> <span class='ocrx_word' id='word_1_589' title='bbox 2884 2272 3099 2354; x_wconf 87' lang='grc' dir='ltr'>ἀφείητε</span> <span class='ocrx_word' id='word_1_590' title='bbox 3115 2320 3132 2352; x_wconf 89' lang='grc'>,</span> <span class='ocrx_word' id='word_1_591' title='bbox 3163 2276 3403 2349; x_wconf 85' lang='grc' dir='ltr'>δηλονότι</span> <span class='ocrx_word' id='word_1_592' title='bbox 3429 2283 3478 2340; x_wconf 78' lang='grc' dir='ltr'>οῖ</span> <span class='ocrx_word' id='word_1_593' title='bbox 3503 2279 3626 2360; x_wconf 82' lang='grc' dir='ltr'>τρέ-</span> 
     </span>
     <span class='ocr_line' id='line_1_77' title="bbox 2051 2356 3627 2441; baseline 0.009 -27"><span class='ocrx_word' id='word_1_594' title='bbox 2051 2378 2249 2435; x_wconf 85' lang='grc' dir='ltr'>χοντες,</span> <span class='ocrx_word' id='word_1_595' title='bbox 2263 2356 2354 2416; x_wconf 74' lang='grc' dir='ltr'>καὶ</span> <span class='ocrx_word' id='word_1_596' title='bbox 2372 2357 2436 2417; x_wconf 78' lang='grc' dir='ltr'>σὺ</span> <span class='ocrx_word' id='word_1_597' title='bbox 2453 2357 2661 2417; x_wconf 86' lang='grc' dir='ltr'>σαυτόν.</span> <span class='ocrx_word' id='word_1_598' title='bbox 2683 2359 2959 2441; x_wconf 83' lang='grc' dir='ltr'>(γράφεται</span> <span class='ocrx_word' id='word_1_599' title='bbox 2980 2358 3034 2419; x_wconf 79' lang='grc' dir='ltr'>δὲ</span> <span class='ocrx_word' id='word_1_600' title='bbox 3051 2364 3104 2421; x_wconf 83' lang='grc' dir='ltr'>ἐν</span> <span class='ocrx_word' id='word_1_601' title='bbox 3122 2365 3336 2434; x_wconf 85' lang='grc' dir='ltr'>πολλοῖς</span> <span class='ocrx_word' id='word_1_602' title='bbox 3346 2358 3498 2441; x_wconf 80' lang='grc' dir='ltr'>εἶναι,</span> <span class='ocrx_word' id='word_1_603' title='bbox 3507 2368 3627 2428; x_wconf 75' lang='grc' dir='ltr'>ἀντὶ</span> 
     </span>
     <span class='ocr_line' id='line_1_78' title="bbox 2051 2438 3629 2528; baseline 0.008 -26"><span class='ocrx_word' id='word_1_604' title='bbox 2051 2447 2143 2503; x_wconf 88' lang='grc' dir='ltr'>τοῦ</span> <span class='ocrx_word' id='word_1_605' title='bbox 2168 2441 2328 2517; x_wconf 71' lang='grc' dir='ltr'>εἴητε.</span> <span class='ocrx_word' id='word_1_606' title='bbox 2356 2443 2566 2522; x_wconf 81' lang='grc' dir='ltr'>μήποτε</span> <span class='ocrx_word' id='word_1_607' title='bbox 2590 2445 2651 2505; x_wconf 81' lang='grc' dir='ltr'>τὸ</span> <span class='ocrx_word' id='word_1_608' title='bbox 2675 2446 2912 2528; x_wconf 87' lang='grc' dir='ltr'>δεύτερον</span> <span class='ocrx_word' id='word_1_609' title='bbox 2937 2438 3101 2521; x_wconf 75' lang='grc' dir='ltr'>εἶναι,</span> <span class='ocrx_word' id='word_1_610' title='bbox 3128 2449 3191 2509; x_wconf 79' lang='grc' dir='ltr'>τὸ</span> <span class='ocrx_word' id='word_1_611' title='bbox 3217 2449 3270 2519; x_wconf 65' lang='grc' dir='ltr'>ἐς</span> <span class='ocrx_word' id='word_1_612' title='bbox 3296 2452 3472 2513; x_wconf 75' lang='grc' dir='ltr'>καὶσὺ</span> <span class='ocrx_word' id='word_1_613' title='bbox 3493 2478 3629 2514; x_wconf 87' lang='grc' dir='ltr'>σαυ-</span> 
     </span>
     <span class='ocr_line' id='line_1_79' title="bbox 2052 2531 3708 2616; baseline 0.01 -28"><span class='ocrx_word' id='word_1_614' title='bbox 2052 2531 2161 2605; x_wconf 83' lang='grc' dir='ltr'>τὸν,</span> <span class='ocrx_word' id='word_1_615' title='bbox 2204 2531 2638 2612; x_wconf 82' lang='grc' dir='ltr'>ἁμαρτανομένου</span> <span class='ocrx_word' id='word_1_616' title='bbox 2665 2538 2758 2592; x_wconf 90' lang='grc' dir='ltr'>τοῦ</span> <span class='ocrx_word' id='word_1_617' title='bbox 2784 2533 3059 2616; x_wconf 89' lang='grc' dir='ltr'>προτέρου.</span> <span class='ocrx_word' id='word_1_618' title='bbox 3085 2535 3231 2616; x_wconf 80' lang='grc' dir='ltr'>λέγοι</span> <span class='ocrx_word' id='word_1_619' title='bbox 3259 2539 3306 2598; x_wconf 85' lang='grc' dir='ltr'>δ’</span> <span class='ocrx_word' id='word_1_620' title='bbox 3335 2540 3400 2600; x_wconf 80' lang='grc' dir='ltr'>ἄν</span> <span class='ocrx_word' id='word_1_621' title='bbox 3428 2565 3507 2610; x_wconf 86' lang='grc' dir='ltr'>τις</span> <span class='ocrx_word' id='word_1_622' title='bbox 3534 2544 3628 2603; x_wconf 74' lang='grc' dir='ltr'>καὶ</span> <span class='ocrx_word' id='word_1_623' title='bbox 3656 2564 3708 2607; x_wconf 70' lang='lat' dir='ltr'>as</span> 
     </span>
     <span class='ocr_line' id='line_1_80' title="bbox 2053 2617 3623 2700; baseline 0.009 -24"><span class='ocrx_word' id='word_1_624' title='bbox 2053 2622 2208 2677; x_wconf 89' lang='grc' dir='ltr'>τοῦτο</span> <span class='ocrx_word' id='word_1_625' title='bbox 2227 2618 2382 2697; x_wconf 90' lang='grc' dir='ltr'>λόγον</span> <span class='ocrx_word' id='word_1_626' title='bbox 2407 2617 2547 2699; x_wconf 83' lang='grc' dir='ltr'>ἔχειν</span> <span class='ocrx_word' id='word_1_627' title='bbox 2561 2643 2575 2657; x_wconf 88' lang='grc'><em>·</em></span> <span class='ocrx_word' id='word_1_628' title='bbox 2599 2624 2669 2688; x_wconf 80' lang='grc' dir='ltr'>ὥς</span> <span class='ocrx_word' id='word_1_629' title='bbox 2689 2624 2795 2679; x_wconf 70' lang='grc' dir='ltr'>τῶν</span> <span class='ocrx_word' id='word_1_630' title='bbox 2818 2622 3092 2700; x_wconf 75' lang='grc' dir='ltr'>θεωμένων</span> <span class='ocrx_word' id='word_1_631' title='bbox 3119 2626 3526 2689; x_wconf 80' lang='grc' dir='ltr'>ἐπικελευόντων</span> <span class='ocrx_word' id='word_1_632' title='bbox 3587 2634 3623 2650; x_wconf 81' lang='grc'>““’</span> 
     </span>
     <span class='ocr_line' id='line_1_81' title="bbox 2052 2704 3631 2793; baseline 0.009 -29"><span class='ocrx_word' id='word_1_633' title='bbox 2052 2704 2113 2764; x_wconf 85' lang='grc' dir='ltr'>τὸ</span> <span class='ocrx_word' id='word_1_634' title='bbox 2140 2710 2358 2784; x_wconf 86' lang='grc' dir='ltr'>σημεῖον</span> <span class='ocrx_word' id='word_1_635' title='bbox 2384 2705 2586 2787; x_wconf 87' lang='grc' dir='ltr'>ἀφιέντι</span> <span class='ocrx_word' id='word_1_636' title='bbox 2609 2705 2748 2767; x_wconf 75' lang='grc' dir='ltr'>κατὰ</span> <span class='ocrx_word' id='word_1_637' title='bbox 2774 2706 2836 2767; x_wconf 85' lang='grc' dir='ltr'>τὸ</span> <span class='ocrx_word' id='word_1_638' title='bbox 2861 2711 3085 2790; x_wconf 84' lang='grc' dir='ltr'>ἀρχαῖον</span> <span class='ocrx_word' id='word_1_639' title='bbox 3115 2717 3302 2792; x_wconf 85' lang='grc' dir='ltr'>σχῆμα</span> <span class='ocrx_word' id='word_1_640' title='bbox 3319 2759 3339 2793; x_wconf 85' lang='grc'>,</span> <span class='ocrx_word' id='word_1_641' title='bbox 3367 2715 3530 2785; x_wconf 69' lang='grc' dir='ltr'>οὕτως</span> <span class='ocrx_word' id='word_1_642' title='bbox 3603 2753 3631 2765; x_wconf 87' lang='grc'><strong>-</strong></span> 
     </span>
     <span class='ocr_line' id='line_1_82' title="bbox 2053 2788 3630 2880; baseline 0.009 -30"><span class='ocrx_word' id='word_1_643' title='bbox 2053 2794 2192 2872; x_wconf 88' lang='grc' dir='ltr'>ναι).</span> <span class='ocrx_word' id='word_1_644' title='bbox 2317 2788 2577 2875; x_wconf 80' lang='grc' dir='ltr'>[Ἄλλως.</span> <span class='ocrx_word' id='word_1_645' title='bbox 2602 2791 2684 2852; x_wconf 74' lang='grc' dir='ltr'>ὅτι</span> <span class='ocrx_word' id='word_1_646' title='bbox 2709 2797 2763 2854; x_wconf 82' lang='grc' dir='ltr'>ἐν</span> <span class='ocrx_word' id='word_1_647' title='bbox 2791 2800 2859 2878; x_wconf 82' lang='grc' dir='ltr'>τῇ</span> <span class='ocrx_word' id='word_1_648' title='bbox 2886 2796 3070 2879; x_wconf 79' lang='grc' dir='ltr'>ἀφέσει</span> <span class='ocrx_word' id='word_1_649' title='bbox 3097 2803 3193 2873; x_wconf 82' lang='grc' dir='ltr'>τῆς</span> <span class='ocrx_word' id='word_1_650' title='bbox 3219 2801 3500 2880; x_wconf 89' lang='grc' dir='ltr'>λαμπάδος</span> <span class='ocrx_word' id='word_1_651' title='bbox 3528 2828 3630 2878; x_wconf 77' lang='grc' dir='ltr'>ση-</span> 
     </span>
     <span class='ocr_line' id='line_1_83' title="bbox 2055 2871 3630 2971; baseline 0.008 -31"><span class='ocrx_word' id='word_1_652' title='bbox 2055 2884 2201 2960; x_wconf 88' lang='grc' dir='ltr'>μεῖον</span> <span class='ocrx_word' id='word_1_653' title='bbox 2223 2871 2289 2953; x_wconf 67' lang='grc' dir='ltr'>ἦν</span> <span class='ocrx_word' id='word_1_654' title='bbox 2314 2884 2423 2948; x_wconf 90' lang='grc' dir='ltr'>τοῖς</span> <span class='ocrx_word' id='word_1_655' title='bbox 2445 2879 2697 2959; x_wconf 83' lang='grc' dir='ltr'>μέλλουσι</span> <span class='ocrx_word' id='word_1_656' title='bbox 2728 2884 2971 2964; x_wconf 81' lang='grc' dir='ltr'>δραμεῖν,</span> <span class='ocrx_word' id='word_1_657' title='bbox 2996 2889 3070 2954; x_wconf 83' lang='grc' dir='ltr'>ὡς</span> <span class='ocrx_word' id='word_1_658' title='bbox 3093 2889 3171 2946; x_wconf 87' lang='grc' dir='ltr'>δεῖ</span> <span class='ocrx_word' id='word_1_659' title='bbox 3192 2894 3284 2948; x_wconf 81' lang='grc' dir='ltr'>τοῦ</span> <span class='ocrx_word' id='word_1_660' title='bbox 3309 2889 3505 2971; x_wconf 87' lang='grc' dir='ltr'>δρόμου</span> <span class='ocrx_word' id='word_1_661' title='bbox 3528 2916 3630 2953; x_wconf 84' lang='grc' dir='ltr'>κα-</span> 
     </span>
     <span class='ocr_line' id='line_1_84' title="bbox 2052 2959 3708 3061; baseline 0.008 -35"><span class='ocrx_word' id='word_1_662' title='bbox 2052 2966 2360 3050; x_wconf 88' lang='grc' dir='ltr'>τάρξασθαι.</span> <span class='ocrx_word' id='word_1_663' title='bbox 2387 2959 2453 3041; x_wconf 66' lang='grc' dir='ltr'>ἦν</span> <span class='ocrx_word' id='word_1_664' title='bbox 2483 2967 2538 3027; x_wconf 70' lang='grc' dir='ltr'>δὲ</span> <span class='ocrx_word' id='word_1_665' title='bbox 2571 2974 2728 3029; x_wconf 84' lang='grc' dir='ltr'>τοῦτο</span> <span class='ocrx_word' id='word_1_666' title='bbox 2753 2970 2858 3052; x_wconf 80' lang='grc' dir='ltr'>πρὸ</span> <span class='ocrx_word' id='word_1_667' title='bbox 2882 2978 2975 3032; x_wconf 89' lang='grc' dir='ltr'>τοῦ</span> <span class='ocrx_word' id='word_1_668' title='bbox 3003 2976 3274 3054; x_wconf 72' lang='grc' dir='ltr'>εὗρεθῆναι</span> <span class='ocrx_word' id='word_1_669' title='bbox 3299 2978 3450 3059; x_wconf 75' lang='grc' dir='ltr'>παρὰ</span> <span class='ocrx_word' id='word_1_670' title='bbox 3474 2983 3626 3061; x_wconf 87' lang='grc' dir='ltr'>Τυρ-</span> <span class='ocrx_word' id='word_1_671' title='bbox 3654 3009 3708 3052; x_wconf 56' lang='lat' dir='ltr'>a</span> 
     </span>
     <span class='ocr_line' id='line_1_85' title="bbox 2055 3049 3628 3135; baseline 0.01 -23"><span class='ocrx_word' id='word_1_672' title='bbox 2055 3057 2229 3129; x_wconf 87' lang='grc' dir='ltr'>σηνοῖς</span> <span class='ocrx_word' id='word_1_673' title='bbox 2253 3054 2349 3129; x_wconf 80' lang='grc' dir='ltr'>τὴν</span> <span class='ocrx_word' id='word_1_674' title='bbox 2383 3055 2673 3135; x_wconf 88' lang='grc' dir='ltr'>σάλπιγγα.</span> <span class='ocrx_word' id='word_1_675' title='bbox 2711 3090 2781 3102; x_wconf 91' lang='lat'>-·-</span> <span class='ocrx_word' id='word_1_676' title='bbox 2809 3049 2942 3117; x_wconf 75' lang='grc' dir='ltr'>εἶναι</span> <span class='ocrx_word' id='word_1_677' title='bbox 2955 3104 2974 3132; x_wconf 86' lang='grc'>,</span> <span class='ocrx_word' id='word_1_678' title='bbox 3021 3061 3129 3122; x_wconf 87' lang='grc' dir='ltr'>τόθ’</span> <span class='ocrx_word' id='word_1_679' title='bbox 3159 3053 3294 3123; x_wconf 75' lang='grc' dir='ltr'>εἶναι</span> <span class='ocrx_word' id='word_1_680' title='bbox 3323 3084 3339 3124; x_wconf 87' lang='lat'>:</span> <span class='ocrx_word' id='word_1_681' title='bbox 3368 3066 3449 3126; x_wconf 82' lang='grc' dir='ltr'>Τὸ</span> <span class='ocrx_word' id='word_1_682' title='bbox 3491 3057 3628 3128; x_wconf 77' lang='grc' dir='ltr'>εἶναι</span> 
     </span>
     <span class='ocr_line' id='line_1_86' title="bbox 2055 3141 3627 3233; baseline 0.006 -33"><span class='ocrx_word' id='word_1_683' title='bbox 2055 3142 2302 3221; x_wconf 85' lang='grc' dir='ltr'>σημαίνει</span> <span class='ocrx_word' id='word_1_684' title='bbox 2325 3145 2416 3204; x_wconf 80' lang='grc' dir='ltr'>καὶ</span> <span class='ocrx_word' id='word_1_685' title='bbox 2438 3141 2499 3203; x_wconf 83' lang='grc' dir='ltr'>τὸ</span> <span class='ocrx_word' id='word_1_686' title='bbox 2524 3149 2893 3225; x_wconf 84' lang='grc' dir='ltr'>κορευσθῆναι,</span> <span class='ocrx_word' id='word_1_687' title='bbox 2912 3150 2983 3215; x_wconf 80' lang='grc' dir='ltr'>ὡς</span> <span class='ocrx_word' id='word_1_688' title='bbox 3006 3149 3060 3206; x_wconf 84' lang='grc' dir='ltr'>ἐν</span> <span class='ocrx_word' id='word_1_689' title='bbox 3078 3152 3156 3231; x_wconf 79' lang='grc' dir='ltr'>τῷ</span> <span class='ocrx_word' id='word_1_690' title='bbox 3176 3178 3202 3204; x_wconf 77' lang='grc' dir='ltr'>ιι</span> <span class='ocrx_word' id='word_1_691' title='bbox 3221 3151 3276 3221; x_wconf 80' lang='grc' dir='ltr'>ἐξ</span> <span class='ocrx_word' id='word_1_692' title='bbox 3292 3151 3409 3233; x_wconf 75' lang='grc' dir='ltr'>ἔρον</span> <span class='ocrx_word' id='word_1_693' title='bbox 3432 3153 3577 3230; x_wconf 69' lang='grc' dir='ltr'>ἕντο,</span> <span class='ocrx_word' id='word_1_694' title='bbox 3598 3185 3627 3210; x_wconf 71' lang='lat' dir='ltr'>n</span> 
     </span>
     <span class='ocr_line' id='line_1_87' title="bbox 2054 3230 3632 3321; baseline 0.008 -30"><span class='ocrx_word' id='word_1_695' title='bbox 2054 3230 2145 3291; x_wconf 79' lang='grc' dir='ltr'>καὶ</span> <span class='ocrx_word' id='word_1_696' title='bbox 2187 3230 2301 3291; x_wconf 75' lang='grc' dir='ltr'>ἔστι</span> <span class='ocrx_word' id='word_1_697' title='bbox 2348 3230 2697 3309; x_wconf 85' lang='grc' dir='ltr'>δασυνόμενον</span> <span class='ocrx_word' id='word_1_698' title='bbox 2741 3236 2813 3302; x_wconf 81' lang='grc' dir='ltr'>ὣς</span> <span class='ocrx_word' id='word_1_699' title='bbox 2866 3234 2973 3295; x_wconf 82' lang='grc' dir='ltr'>ἀπὸ</span> <span class='ocrx_word' id='word_1_700' title='bbox 3028 3241 3120 3297; x_wconf 88' lang='grc' dir='ltr'>τοῦ</span> <span class='ocrx_word' id='word_1_701' title='bbox 3166 3238 3232 3298; x_wconf 78' lang='grc' dir='ltr'>ἴω</span> <span class='ocrx_word' id='word_1_702' title='bbox 3266 3240 3360 3300; x_wconf 79' lang='grc' dir='ltr'>καὶ</span> <span class='ocrx_word' id='word_1_703' title='bbox 3401 3240 3530 3321; x_wconf 72' lang='grc' dir='ltr'>έημι</span> <span class='ocrx_word' id='word_1_704' title='bbox 3563 3243 3632 3304; x_wconf 73' lang='grc' dir='ltr'>τὸ</span> 
     </span>
    </p>
   </div>
   <div class='ocr_carea' id='block_1_10' title="bbox 2052 3317 3704 3487">
    <p class='ocr_par' dir='ltr' id='par_1_33' title="bbox 2052 3317 3704 3487">
     <span class='ocr_line' id='line_1_88' title="bbox 2053 3317 3628 3411; baseline 0.008 -32"><span class='ocrx_word' id='word_1_705' title='bbox 2053 3321 2260 3401; x_wconf 78' lang='grc' dir='ltr'>πληρῶ.</span> <span class='ocrx_word' id='word_1_706' title='bbox 2301 3317 2548 3394; x_wconf 83' lang='grc' dir='ltr'>σημαίνει</span> <span class='ocrx_word' id='word_1_707' title='bbox 2586 3320 2642 3378; x_wconf 72' lang='grc' dir='ltr'>δὲ</span> <span class='ocrx_word' id='word_1_708' title='bbox 2685 3320 2778 3380; x_wconf 78' lang='grc' dir='ltr'>καὶ</span> <span class='ocrx_word' id='word_1_709' title='bbox 2805 3319 2866 3381; x_wconf 77' lang='grc' dir='ltr'>τὸ</span> <span class='ocrx_word' id='word_1_710' title='bbox 2895 3325 3104 3405; x_wconf 87' lang='grc' dir='ltr'>ἀφεῖναι</span> <span class='ocrx_word' id='word_1_711' title='bbox 3130 3325 3222 3385; x_wconf 82' lang='grc' dir='ltr'>καὶ</span> <span class='ocrx_word' id='word_1_712' title='bbox 3261 3326 3506 3411; x_wconf 82' lang='grc' dir='ltr'>πέμψαι,</span> <span class='ocrx_word' id='word_1_713' title='bbox 3534 3332 3628 3391; x_wconf 82' lang='grc' dir='ltr'>καὶ</span> 
     </span>
     <span class='ocr_line' id='line_1_89' title="bbox 2052 3406 3704 3487; baseline 0.008 -20"><span class='ocrx_word' id='word_1_714' title='bbox 2052 3412 2210 3467; x_wconf 82' lang='grc' dir='ltr'>τοῦτο</span> <span class='ocrx_word' id='word_1_715' title='bbox 2237 3406 2586 3486; x_wconf 89' lang='grc' dir='ltr'>δασυνόμενον</span> <span class='ocrx_word' id='word_1_716' title='bbox 2609 3411 2787 3487; x_wconf 82' lang='grc' dir='ltr'>ὁμοῖον</span> <span class='ocrx_word' id='word_1_717' title='bbox 2827 3413 2899 3478; x_wconf 81' lang='grc' dir='ltr'>ὡς</span> <span class='ocrx_word' id='word_1_718' title='bbox 2934 3413 3179 3476; x_wconf 89' lang='grc' dir='ltr'>ἐνταῦθα.</span> <span class='ocrx_word' id='word_1_719' title='bbox 3208 3415 3537 3487; x_wconf 83' lang='grc' dir='ltr'>κανονίζεται</span> <span class='ocrx_word' id='word_1_720' title='bbox 3568 3420 3626 3479; x_wconf 72' lang='grc' dir='ltr'>δὲ</span> <span class='ocrx_word' id='word_1_721' title='bbox 3652 3444 3704 3486; x_wconf 71' lang='lat'>³5</span> 
     </span>
    </p>
   </div>
   <div class='ocr_carea' id='block_1_11' title="bbox 2049 3491 3703 5166">
    <p class='ocr_par' dir='ltr' id='par_1_34' title="bbox 2051 3491 3626 3738">
     <span class='ocr_line' id='line_1_90' title="bbox 2053 3491 3626 3588; baseline 0.009 -37"><span class='ocrx_word' id='word_1_722' title='bbox 2053 3494 2243 3563; x_wconf 79' lang='grc' dir='ltr'>οὕτως·</span> <span class='ocrx_word' id='word_1_723' title='bbox 2266 3491 2388 3572; x_wconf 74' lang='grc' dir='ltr'>ἶημι</span> <span class='ocrx_word' id='word_1_724' title='bbox 2428 3494 2489 3554; x_wconf 81' lang='grc' dir='ltr'>τὸ</span> <span class='ocrx_word' id='word_1_725' title='bbox 2512 3494 2740 3573; x_wconf 83' lang='grc' dir='ltr'>πέμπω,</span> <span class='ocrx_word' id='word_1_726' title='bbox 2768 3500 2797 3556; x_wconf 94' lang='lat'><em>6</em></span> <span class='ocrx_word' id='word_1_727' title='bbox 2821 3496 3029 3576; x_wconf 83' lang='grc' dir='ltr'>μέλλων</span> <span class='ocrx_word' id='word_1_728' title='bbox 3056 3499 3203 3577; x_wconf 76' lang='grc' dir='ltr'>ἥσω,</span> <span class='ocrx_word' id='word_1_729' title='bbox 3232 3505 3261 3561; x_wconf 91' lang='lat'><em>6</em></span> <span class='ocrx_word' id='word_1_730' title='bbox 3303 3504 3356 3583; x_wconf 86' lang='grc' dir='ltr'>β’</span> <span class='ocrx_word' id='word_1_731' title='bbox 3386 3504 3626 3588; x_wconf 73' lang='grc' dir='ltr'>ἀόριστος</span> 
     </span>
     <span class='ocr_line' id='line_1_91' title="bbox 2051 3574 3620 3674; baseline 0.011 -35"><span class='ocrx_word' id='word_1_732' title='bbox 2051 3577 2137 3657; x_wconf 66' lang='grc' dir='ltr'>ἦν,</span> <span class='ocrx_word' id='word_1_733' title='bbox 2163 3588 2199 3655; x_wconf 82' lang='grc' dir='ltr'>ἡ</span> <span class='ocrx_word' id='word_1_734' title='bbox 2242 3581 2443 3664; x_wconf 76' lang='grc' dir='ltr'>μετοχὴ</span> <span class='ocrx_word' id='word_1_735' title='bbox 2486 3574 2577 3656; x_wconf 74' lang='grc' dir='ltr'>εἷς,</span> <span class='ocrx_word' id='word_1_736' title='bbox 2619 3583 2787 3658; x_wconf 74' lang='grc' dir='ltr'>ἔντος,</span> <span class='ocrx_word' id='word_1_737' title='bbox 2823 3586 2915 3645; x_wconf 76' lang='grc' dir='ltr'>καὶ</span> <span class='ocrx_word' id='word_1_738' title='bbox 2948 3585 3010 3646; x_wconf 77' lang='grc' dir='ltr'>τὸ</span> <span class='ocrx_word' id='word_1_739' title='bbox 3052 3588 3436 3674; x_wconf 82' lang='grc' dir='ltr'>ἀπαρέμφατον</span> <span class='ocrx_word' id='word_1_740' title='bbox 3465 3585 3620 3659; x_wconf 75' lang='grc' dir='ltr'>εἶναι.</span> 
     </span>
     <span class='ocr_line' id='line_1_92' title="bbox 2063 3689 2189 3738; baseline -0.008 -2"><span class='ocrx_word' id='word_1_741' title='bbox 2063 3689 2189 3738; x_wconf 68' lang='grc' dir='ltr'>Ϋίεί.</span> 
     </span>
    </p>

    <p class='ocr_par' dir='ltr' id='par_1_35' title="bbox 2051 3756 3703 4550">
     <span class='ocr_line' id='line_1_93' title="bbox 2137 3756 3626 3851; baseline 0.009 -35"><span class='ocrx_word' id='word_1_742' title='bbox 2137 3778 2229 3819; x_wconf 74' lang='grc'>134.</span> <span class='ocrx_word' id='word_1_743' title='bbox 2275 3757 2391 3817; x_wconf 85' lang='grc' dir='ltr'>ἀλλ’</span> <span class='ocrx_word' id='word_1_744' title='bbox 2418 3756 2734 3836; x_wconf 79' lang='grc' dir='ltr'>ἀπολέσαιμ’</span> <span class='ocrx_word' id='word_1_745' title='bbox 2776 3758 2842 3819; x_wconf 76' lang='grc' dir='ltr'>ἃν</span> <span class='ocrx_word' id='word_1_746' title='bbox 2880 3761 3171 3842; x_wconf 77' lang='grc' dir='ltr'>ἐγκεφάλου</span> <span class='ocrx_word' id='word_1_747' title='bbox 3203 3783 3220 3826; x_wconf 75' lang='lat' dir='ltr'><em>z</em></span> <span class='ocrx_word' id='word_1_748' title='bbox 3272 3766 3408 3844; x_wconf 77' lang='grc' dir='ltr'>(Καὶ</span> <span class='ocrx_word' id='word_1_749' title='bbox 3447 3767 3551 3851; x_wconf 69' lang='grc' dir='ltr'>γὰρ</span> <span class='ocrx_word' id='word_1_750' title='bbox 3595 3775 3626 3830; x_wconf 91' lang='lat'><em>6</em></span> 
     </span>
     <span class='ocr_line' id='line_1_94' title="bbox 2054 3843 3699 3933; baseline 0.01 -29"><span class='ocrx_word' id='word_1_751' title='bbox 2054 3843 2337 3928; x_wconf 76' lang='grc' dir='ltr'>ἐγκέφαλος</span> <span class='ocrx_word' id='word_1_752' title='bbox 2357 3849 2462 3905; x_wconf 83' lang='grc' dir='ltr'>τῶν</span> <span class='ocrx_word' id='word_1_753' title='bbox 2491 3845 2780 3927; x_wconf 81' lang='grc' dir='ltr'>ἀνθρώπων</span> <span class='ocrx_word' id='word_1_754' title='bbox 2799 3847 2911 3929; x_wconf 69' lang='grc' dir='ltr'>ἔχει</span> <span class='ocrx_word' id='word_1_755' title='bbox 2934 3850 3021 3931; x_wconf 75' lang='grc' dir='ltr'>ὑφ’</span> <span class='ocrx_word' id='word_1_756' title='bbox 3039 3852 3225 3912; x_wconf 76' lang='grc' dir='ltr'>ἑαυτὸν</span> <span class='ocrx_word' id='word_1_757' title='bbox 3248 3853 3447 3931; x_wconf 75' lang='grc' dir='ltr'>ὑμένας</span> <span class='ocrx_word' id='word_1_758' title='bbox 3466 3859 3627 3918; x_wconf 83' lang='grc' dir='ltr'>ἐοικό-</span> <span class='ocrx_word' id='word_1_759' title='bbox 3650 3891 3699 3933; x_wconf 63' lang='lat'>4.</span> 
     </span>
     <span class='ocr_line' id='line_1_95' title="bbox 2051 3933 3627 4026; baseline 0.009 -35"><span class='ocrx_word' id='word_1_760' title='bbox 2051 3957 2145 4001; x_wconf 90' lang='grc' dir='ltr'>τας</span> <span class='ocrx_word' id='word_1_761' title='bbox 2162 3937 2271 4002; x_wconf 83' lang='grc' dir='ltr'>τοῖς</span> <span class='ocrx_word' id='word_1_762' title='bbox 2306 3937 2403 4006; x_wconf 86' lang='grc' dir='ltr'>τῆς</span> <span class='ocrx_word' id='word_1_763' title='bbox 2437 3938 2600 4006; x_wconf 87' lang='grc' dir='ltr'>συκῆς</span> <span class='ocrx_word' id='word_1_764' title='bbox 2625 3933 2855 4018; x_wconf 77' lang='grc' dir='ltr'>φύλλοις.</span> <span class='ocrx_word' id='word_1_765' title='bbox 2979 3933 3224 4018; x_wconf 83' lang='grc' dir='ltr'>Ἄλλως.)</span> <span class='ocrx_word' id='word_1_766' title='bbox 3254 3941 3627 4026; x_wconf 76' lang='grc' dir='ltr'>Ἀρίσταρχος,</span> 
     </span>
     <span class='ocr_line' id='line_1_96' title="bbox 2053 4022 3625 4117; baseline 0.009 -37"><span class='ocrx_word' id='word_1_767' title='bbox 2053 4022 2183 4101; x_wconf 84' lang='grc' dir='ltr'>πρὸς</span> <span class='ocrx_word' id='word_1_768' title='bbox 2201 4023 2262 4081; x_wconf 80' lang='grc' dir='ltr'>τὸ</span> <span class='ocrx_word' id='word_1_769' title='bbox 2284 4027 2498 4103; x_wconf 86' lang='grc' dir='ltr'>σχῆμα,</span> <span class='ocrx_word' id='word_1_770' title='bbox 2522 4023 2678 4104; x_wconf 70' lang='grc' dir='ltr'>φησὶ,</span> <span class='ocrx_word' id='word_1_771' title='bbox 2712 4030 2804 4083; x_wconf 88' lang='grc' dir='ltr'>τοῦ</span> <span class='ocrx_word' id='word_1_772' title='bbox 2830 4027 3136 4109; x_wconf 77' lang='grc' dir='ltr'>ἐγκεφάλου.</span> <span class='ocrx_word' id='word_1_773' title='bbox 3171 4028 3284 4089; x_wconf 76' lang='grc' dir='ltr'>ἔστι</span> <span class='ocrx_word' id='word_1_774' title='bbox 3306 4030 3410 4114; x_wconf 75' lang='grc' dir='ltr'>γὰρ</span> <span class='ocrx_word' id='word_1_775' title='bbox 3441 4032 3625 4117; x_wconf 74' lang='grc' dir='ltr'>ὥσπερ</span> 
     </span>
     <span class='ocr_line' id='line_1_97' title="bbox 2054 4109 3624 4203; baseline 0.008 -33"><span class='ocrx_word' id='word_1_776' title='bbox 2054 4111 2146 4171; x_wconf 90' lang='grc' dir='ltr'>δύο</span> <span class='ocrx_word' id='word_1_777' title='bbox 2173 4116 2292 4192; x_wconf 85' lang='grc' dir='ltr'>θρῖα</span> <span class='ocrx_word' id='word_1_778' title='bbox 2326 4109 2663 4190; x_wconf 87' lang='grc' dir='ltr'>συγκείμενα.</span> <span class='ocrx_word' id='word_1_779' title='bbox 2700 4116 2819 4193; x_wconf 89' lang='grc' dir='ltr'>θρῖα</span> <span class='ocrx_word' id='word_1_780' title='bbox 2853 4112 2942 4187; x_wconf 71' lang='grc' dir='ltr'>δὲ,</span> <span class='ocrx_word' id='word_1_781' title='bbox 2976 4113 3045 4174; x_wconf 75' lang='grc' dir='ltr'>τὰ</span> <span class='ocrx_word' id='word_1_782' title='bbox 3080 4120 3175 4189; x_wconf 76' lang='grc' dir='ltr'>τῆς</span> <span class='ocrx_word' id='word_1_783' title='bbox 3195 4123 3379 4197; x_wconf 31' lang='grc' dir='ltr'>,συκῆς</span> <span class='ocrx_word' id='word_1_784' title='bbox 3417 4120 3624 4203; x_wconf 84' lang='grc' dir='ltr'>φύλλα,</span> 
     </span>
     <span class='ocr_line' id='line_1_98' title="bbox 2054 4196 3625 4285; baseline 0.008 -27"><span class='ocrx_word' id='word_1_785' title='bbox 2054 4198 2147 4258; x_wconf 79' lang='grc' dir='ltr'>καὶ</span> <span class='ocrx_word' id='word_1_786' title='bbox 2182 4196 2251 4257; x_wconf 75' lang='grc' dir='ltr'>τὰ</span> <span class='ocrx_word' id='word_1_787' title='bbox 2291 4202 2409 4279; x_wconf 88' lang='grc' dir='ltr'>θρῖα</span> <span class='ocrx_word' id='word_1_788' title='bbox 2431 4198 2485 4258; x_wconf 62' lang='grc' dir='ltr'>δὲ</span> <span class='ocrx_word' id='word_1_789' title='bbox 2507 4196 2670 4267; x_wconf 72' lang='grc' dir='ltr'>οὕτως</span> <span class='ocrx_word' id='word_1_790' title='bbox 2697 4200 3024 4269; x_wconf 84' lang='grc' dir='ltr'>σκευάζεται.</span> <span class='ocrx_word' id='word_1_791' title='bbox 3053 4203 3266 4285; x_wconf 87' lang='grc' dir='ltr'>λέγεται</span> <span class='ocrx_word' id='word_1_792' title='bbox 3295 4203 3352 4266; x_wconf 77' lang='grc' dir='ltr'>δὲ</span> <span class='ocrx_word' id='word_1_793' title='bbox 3386 4208 3493 4269; x_wconf 78' lang='grc' dir='ltr'>ἀπὸ</span> <span class='ocrx_word' id='word_1_794' title='bbox 3526 4216 3625 4269; x_wconf 88' lang='grc' dir='ltr'>τοῦ</span> 
     </span>
     <span class='ocr_line' id='line_1_99' title="bbox 2053 4286 3703 4371; baseline 0.008 -25"><span class='ocrx_word' id='word_1_795' title='bbox 2053 4286 2406 4346; x_wconf 85' lang='grc' dir='ltr'>κατειλεῖσθαι</span> <span class='ocrx_word' id='word_1_796' title='bbox 2439 4287 2545 4353; x_wconf 88' lang='grc' dir='ltr'>τοῖς</span> <span class='ocrx_word' id='word_1_797' title='bbox 2581 4290 2676 4360; x_wconf 86' lang='grc' dir='ltr'>τῆς</span> <span class='ocrx_word' id='word_1_798' title='bbox 2714 4292 2877 4359; x_wconf 86' lang='grc' dir='ltr'>συκῆς</span> <span class='ocrx_word' id='word_1_799' title='bbox 2915 4288 3148 4371; x_wconf 89' lang='grc' dir='ltr'>φύλλοις.</span> <span class='ocrx_word' id='word_1_800' title='bbox 3191 4297 3227 4365; x_wconf 80' lang='grc' dir='ltr'>ἡ</span> <span class='ocrx_word' id='word_1_801' title='bbox 3269 4293 3325 4353; x_wconf 74' lang='grc' dir='ltr'>δὲ</span> <span class='ocrx_word' id='word_1_802' title='bbox 3361 4300 3622 4358; x_wconf 82' lang='grc' dir='ltr'>σκευασία</span> <span class='ocrx_word' id='word_1_803' title='bbox 3649 4323 3703 4362; x_wconf 73' lang='grc' dir='ltr'>ιε</span> 
     </span>
     <span class='ocr_line' id='line_1_100' title="bbox 2054 4371 3623 4456; baseline 0.008 -23"><span class='ocrx_word' id='word_1_804' title='bbox 2054 4374 2200 4451; x_wconf 74' lang='grc' dir='ltr'>ἐστὶ,</span> <span class='ocrx_word' id='word_1_805' title='bbox 2224 4372 2405 4455; x_wconf 81' lang='grc' dir='ltr'>στέαρ,</span> <span class='ocrx_word' id='word_1_806' title='bbox 2437 4371 2591 4451; x_wconf 84' lang='grc' dir='ltr'>μέλι,</span> <span class='ocrx_word' id='word_1_807' title='bbox 2620 4373 2732 4456; x_wconf 77' lang='grc' dir='ltr'>ᾠὰ,</span> <span class='ocrx_word' id='word_1_808' title='bbox 2762 4374 3053 4453; x_wconf 89' lang='grc' dir='ltr'>σεμίδαλις.</span> <span class='ocrx_word' id='word_1_809' title='bbox 3081 4378 3297 4440; x_wconf 79' lang='grc' dir='ltr'>εἰώθασι</span> <span class='ocrx_word' id='word_1_810' title='bbox 3320 4378 3376 4440; x_wconf 70' lang='grc' dir='ltr'>δὲ</span> <span class='ocrx_word' id='word_1_811' title='bbox 3412 4384 3505 4443; x_wconf 81' lang='grc' dir='ltr'>καὶ</span> <span class='ocrx_word' id='word_1_812' title='bbox 3530 4384 3623 4444; x_wconf 74' lang='grc' dir='ltr'>τὸν</span> 
     </span>
     <span class='ocr_line' id='line_1_101' title="bbox 2054 4460 3624 4550; baseline 0.005 -28"><span class='ocrx_word' id='word_1_813' title='bbox 2054 4460 2340 4544; x_wconf 76' lang='grc' dir='ltr'>ἐγκέφαλον</span> <span class='ocrx_word' id='word_1_814' title='bbox 2355 4462 2523 4520; x_wconf 74' lang='grc' dir='ltr'>ὀπτᾶν</span> <span class='ocrx_word' id='word_1_815' title='bbox 2536 4460 2939 4533; x_wconf 87' lang='grc' dir='ltr'>κατειλήσαντες</span> <span class='ocrx_word' id='word_1_816' title='bbox 2958 4474 3064 4533; x_wconf 88' lang='grc' dir='ltr'>τοῖς</span> <span class='ocrx_word' id='word_1_817' title='bbox 3077 4470 3171 4538; x_wconf 89' lang='grc' dir='ltr'>τῆς</span> <span class='ocrx_word' id='word_1_818' title='bbox 3193 4472 3356 4540; x_wconf 90' lang='grc' dir='ltr'>συκῆς</span> <span class='ocrx_word' id='word_1_819' title='bbox 3379 4469 3624 4550; x_wconf 89' lang='grc' dir='ltr'>φύλλοις,</span> 
     </span>
    </p>

    <p class='ocr_par' dir='ltr' id='par_1_36' title="bbox 2051 4547 3623 4721">
     <span class='ocr_line' id='line_1_102' title="bbox 2051 4547 3623 4637; baseline 0.008 -31"><span class='ocrx_word' id='word_1_820' title='bbox 2051 4549 2087 4621; x_wconf 80' lang='grc' dir='ltr'>ἢ</span> <span class='ocrx_word' id='word_1_821' title='bbox 2113 4547 2249 4628; x_wconf 79' lang='grc' dir='ltr'>μετὰ</span> <span class='ocrx_word' id='word_1_822' title='bbox 2271 4553 2366 4621; x_wconf 88' lang='grc' dir='ltr'>τῆς</span> <span class='ocrx_word' id='word_1_823' title='bbox 2392 4548 2556 4620; x_wconf 81' lang='grc' dir='ltr'>ἄλλης</span> <span class='ocrx_word' id='word_1_824' title='bbox 2580 4555 2674 4610; x_wconf 89' lang='grc' dir='ltr'>τοῦ</span> <span class='ocrx_word' id='word_1_825' title='bbox 2702 4550 2845 4632; x_wconf 89' lang='grc' dir='ltr'>θρίου</span> <span class='ocrx_word' id='word_1_826' title='bbox 2869 4559 3226 4629; x_wconf 88' lang='grc' dir='ltr'>κατασκευῆς,</span> <span class='ocrx_word' id='word_1_827' title='bbox 3255 4551 3291 4626; x_wconf 73' lang='grc' dir='ltr'>ἢ</span> <span class='ocrx_word' id='word_1_828' title='bbox 3319 4555 3412 4616; x_wconf 79' lang='grc' dir='ltr'>καὶ</span> <span class='ocrx_word' id='word_1_829' title='bbox 3442 4557 3623 4637; x_wconf 87' lang='grc' dir='ltr'>μόνον,</span> 
     </span>
     <span class='ocr_line' id='line_1_103' title="bbox 2052 4635 2927 4721; baseline 0.006 -24"><span class='ocrx_word' id='word_1_830' title='bbox 2052 4637 2183 4721; x_wconf 81' lang='grc' dir='ltr'>πρὸς</span> <span class='ocrx_word' id='word_1_831' title='bbox 2209 4635 2239 4697; x_wconf 80' lang='lat'><em>6</em></span> <span class='ocrx_word' id='word_1_832' title='bbox 2264 4636 2357 4696; x_wconf 77' lang='grc' dir='ltr'>καὶ</span> <span class='ocrx_word' id='word_1_833' title='bbox 2383 4635 2649 4718; x_wconf 86' lang='grc' dir='ltr'>παρέθηκε</span> <span class='ocrx_word' id='word_1_834' title='bbox 2676 4638 2739 4698; x_wconf 79' lang='grc' dir='ltr'>τὸ</span> <span class='ocrx_word' id='word_1_835' title='bbox 2765 4643 2927 4721; x_wconf 89' lang='grc' dir='ltr'>θρῖον.</span> 
     </span>
    </p>

    <p class='ocr_par' dir='ltr' id='par_1_37' title="bbox 2050 4723 3700 4896">
     <span class='ocr_line' id='line_1_104' title="bbox 2133 4723 3700 4812; baseline 0.007 -26"><span class='ocrx_word' id='word_1_836' title='bbox 2133 4745 2229 4786; x_wconf 76' lang='grc'>133.</span> <span class='ocrx_word' id='word_1_837' title='bbox 2273 4723 2500 4792; x_wconf 78' lang='grc' dir='ltr'>ἄὸυσσος</span> <span class='ocrx_word' id='word_1_838' title='bbox 2547 4745 2562 4785; x_wconf 89' lang='lat'>:</span> <span class='ocrx_word' id='word_1_839' title='bbox 2606 4723 2715 4786; x_wconf 82' lang='grc' dir='ltr'>Ἢν</span> <span class='ocrx_word' id='word_1_840' title='bbox 2751 4727 2867 4787; x_wconf 76' lang='grc' dir='ltr'>οὐδὲ</span> <span class='ocrx_word' id='word_1_841' title='bbox 2901 4727 3054 4808; x_wconf 76' lang='grc' dir='ltr'>βυθὸς</span> <span class='ocrx_word' id='word_1_842' title='bbox 3091 4732 3338 4812; x_wconf 87' lang='grc' dir='ltr'>χωρῆσαι</span> <span class='ocrx_word' id='word_1_843' title='bbox 3381 4729 3621 4796; x_wconf 80' lang='grc' dir='ltr'>δύναται.</span> <span class='ocrx_word' id='word_1_844' title='bbox 3647 4757 3700 4797; x_wconf 72' lang='grc' dir='ltr'>ιο</span> 
     </span>
     <span class='ocr_line' id='line_1_105' title="bbox 2050 4810 3236 4896; baseline 0.002 -22"><span class='ocrx_word' id='word_1_845' title='bbox 2050 4812 2229 4882; x_wconf 87' lang='grc' dir='ltr'>Ἴωνες</span> <span class='ocrx_word' id='word_1_846' title='bbox 2252 4810 2308 4871; x_wconf 77' lang='grc' dir='ltr'>δὲ</span> <span class='ocrx_word' id='word_1_847' title='bbox 2323 4811 2412 4871; x_wconf 79' lang='grc' dir='ltr'>τὸν</span> <span class='ocrx_word' id='word_1_848' title='bbox 2441 4811 2595 4891; x_wconf 77' lang='grc' dir='ltr'>βυθὸν</span> <span class='ocrx_word' id='word_1_849' title='bbox 2615 4813 2809 4893; x_wconf 87' lang='grc' dir='ltr'>βυσσόν</span> <span class='ocrx_word' id='word_1_850' title='bbox 2831 4838 2977 4896; x_wconf 88' lang='grc' dir='ltr'>φασι.</span> <span class='ocrx_word' id='word_1_851' title='bbox 3223 4851 3236 4860; x_wconf 88' lang='lat'><strong>·</strong></span> 
     </span>
    </p>

    <p class='ocr_par' dir='ltr' id='par_1_38' title="bbox 2049 4900 3622 5166">
     <span class='ocr_line' id='line_1_106' title="bbox 2134 4900 3620 4991; baseline 0.006 -31"><span class='ocrx_word' id='word_1_852' title='bbox 2134 4922 2230 4963; x_wconf 78' lang='grc'>139.</span> <span class='ocrx_word' id='word_1_853' title='bbox 2274 4900 2557 4982; x_wconf 82' lang='grc' dir='ltr'>τυννουτῳί</span> <span class='ocrx_word' id='word_1_854' title='bbox 2578 4924 2638 4961; x_wconf 92' lang='grc' dir='ltr'>σε</span> <span class='ocrx_word' id='word_1_855' title='bbox 2670 4921 2686 4962; x_wconf 74' lang='lat' dir='ltr'>t</span> <span class='ocrx_word' id='word_1_856' title='bbox 2713 4902 2968 4982; x_wconf 86' lang='grc' dir='ltr'>Συνάγων</span> <span class='ocrx_word' id='word_1_857' title='bbox 2990 4903 3109 4972; x_wconf 71' lang='grc' dir='ltr'>τοὺς</span> <span class='ocrx_word' id='word_1_858' title='bbox 3134 4904 3425 4976; x_wconf 84' lang='grc' dir='ltr'>δακτύλους</span> <span class='ocrx_word' id='word_1_859' title='bbox 3441 4909 3620 4991; x_wconf 78' lang='grc' dir='ltr'>φησίν·</span> 
     </span>
     <span class='ocr_line' id='line_1_107' title="bbox 2051 4989 3622 5076; baseline 0.005 -27"><span class='ocrx_word' id='word_1_860' title='bbox 2051 4989 2166 5049; x_wconf 78' lang='grc' dir='ltr'>ἀντὶ</span> <span class='ocrx_word' id='word_1_861' title='bbox 2188 4994 2281 5049; x_wconf 92' lang='grc' dir='ltr'>τοῦ</span> <span class='ocrx_word' id='word_1_862' title='bbox 2308 4994 2499 5073; x_wconf 77' lang='grc' dir='ltr'>μικρῷ.</span> <span class='ocrx_word' id='word_1_863' title='bbox 2529 4990 2722 5067; x_wconf 82' lang='grc' dir='ltr'>ὁμοίως</span> <span class='ocrx_word' id='word_1_864' title='bbox 2745 4989 2801 5050; x_wconf 81' lang='grc' dir='ltr'>δὲ</span> <span class='ocrx_word' id='word_1_865' title='bbox 2826 4991 2917 5050; x_wconf 81' lang='grc' dir='ltr'>καὶ</span> <span class='ocrx_word' id='word_1_866' title='bbox 2942 4991 3148 5070; x_wconf 73' lang='grc' dir='ltr'>τυτθὸν,</span> <span class='ocrx_word' id='word_1_867' title='bbox 3178 4992 3241 5052; x_wconf 76' lang='grc' dir='ltr'>τὸ</span> <span class='ocrx_word' id='word_1_868' title='bbox 3260 4993 3474 5076; x_wconf 78' lang='grc' dir='ltr'>νήπιον,</span> <span class='ocrx_word' id='word_1_869' title='bbox 3501 4997 3622 5057; x_wconf 72' lang='grc' dir='ltr'>ἀντὶ</span> 
     </span>
     <span class='ocr_line' id='line_1_108' title="bbox 2049 5075 3622 5166; baseline 0.006 -30"><span class='ocrx_word' id='word_1_870' title='bbox 2049 5082 2140 5136; x_wconf 88' lang='grc' dir='ltr'>τοῦ</span> <span class='ocrx_word' id='word_1_871' title='bbox 2175 5075 2361 5137; x_wconf 89' lang='grc' dir='ltr'>τιτθόν·</span> <span class='ocrx_word' id='word_1_872' title='bbox 2385 5075 2446 5136; x_wconf 78' lang='grc' dir='ltr'>τὸ</span> <span class='ocrx_word' id='word_1_873' title='bbox 2469 5075 2548 5135; x_wconf 85' lang='grc' dir='ltr'>ἔτι</span> <span class='ocrx_word' id='word_1_874' title='bbox 2567 5077 2716 5158; x_wconf 79' lang='grc' dir='ltr'>παρὰ</span> <span class='ocrx_word' id='word_1_875' title='bbox 2733 5081 2840 5146; x_wconf 89' lang='grc' dir='ltr'>τοῖς</span> <span class='ocrx_word' id='word_1_876' title='bbox 2860 5077 3072 5146; x_wconf 90' lang='grc' dir='ltr'>τιτθίοις</span> <span class='ocrx_word' id='word_1_877' title='bbox 3097 5081 3439 5155; x_wconf 82' lang='grc' dir='ltr'>καθεστηκός.</span> <span class='ocrx_word' id='word_1_878' title='bbox 3467 5084 3622 5166; x_wconf 71' lang='grc' dir='ltr'>φοὸεῖ</span> 
     </span>
    </p>
   </div>
   <div class='ocr_carea' id='block_1_12' title="bbox 2823 5325 2870 5352">
    <p class='ocr_par' dir='ltr' id='par_1_39' title="bbox 2823 5325 2870 5352">
     <span class='ocr_line' id='line_1_109' title="bbox 2823 5325 2870 5352; baseline 0 0"><span class='ocrx_word' id='word_1_879' title='bbox 2823 5325 2870 5352; x_wconf 63' lang='lat' dir='ltr'><em>d</em></span> 
     </span>
    </p>
   </div>
   <div class='ocr_carea' id='block_1_13' title="bbox 3779 4205 3784 4822">
    <p class='ocr_par' dir='ltr' id='par_1_40' title="bbox 3779 4205 3784 4822">
     <span class='ocr_line' id='line_1_110' title="bbox 3779 4205 3784 4822; baseline 0 0"><span class='ocrx_word' id='word_1_880' title='bbox 3779 4205 3784 4822; x_wconf 95' lang='lat' dir='ltr'> </span> 
     </span>
    </p>
   </div>
  </div>
 </body>
</html>
