3859 5725
1729 293 2049 358 NUBIUM.

387 429 538 501 647,
584 428 659 485 23
712 426 1045 486 αἰσθάνεσθαι
1089 426 1178 484 καὶ
1228 425 1654 504 μεταλαμὸάνειν
1704 425 1833 484 Ald.

310 517 461 574 male
478 513 817 593 interposita
843 516 1318 593 interpretatione
1340 515 1503 574 verbi
1532 514 1751 587 ἐπαΐειν,
1777 527 1842 572 ut

311 600 580 659 observat
610 606 991 660 Hermannus.

392 699 531 773 649,
568 699 644 754 26
665 718 798 755 κοιν.
834 696 1068 778 ἑταίρους
1090 701 1155 756 V.
1191 695 1253 755 τὸ
1284 695 1340 755 δὲ
1374 693 1575 757 ἐπαΐειν
1605 697 1720 757 ἀντὶ
1744 700 1837 757 τοῦ

315 785 452 842 αἰσθ.
478 789 547 844 V.

393 881 505 938 651
536 880 720 939 codex
745 881 983 938 Taurin.
1013 882 1150 940 Κατ’
1174 878 1410 939 ἐνόπλιον
1441 880 1629 962 ῥυθμὸς
1663 878 1841 958 στίχος

311 959 376 1041 ἦν
396 967 730 1047 συγκείμενος
750 967 811 1027 ἐκ
834 965 926 1026 δύο
949 967 1215 1027 δακτύλων
1250 968 1340 1028 καὶ
1378 968 1670 1043 σπονδείου,
1696 966 1724 1027 ὃ
1750 969 1841 1044 με’-

311 1076 433 1135 τρον
459 1054 548 1112 καὶ
574 1053 920 1136 πυρριχαϊκὸν
947 1053 1154 1133 ἐλέγετο
1178 1056 1283 1114 ἀπὸ
1305 1055 1520 1137 Πύρρου
1544 1057 1681 1124 τινὸς
1703 1053 1840 1113 οὕτω

310 1142 520 1213 κληθέν.
542 1142 718 1223 ἔλεγον
748 1141 804 1200 δὲ
825 1147 980 1201 τοῦτο
1007 1140 1102 1200 σὺν
1131 1143 1307 1210 ὅπλοις
1326 1143 1836 1222 κινούμενοι-30-

315 1239 388 1298 40
417 1231 476 1287 in
497 1229 625 1287 Ald.
648 1227 804 1287 ὅπλα.
834 1226 1021 1287 ἔστιδὲ
1049 1234 1077 1287 δ
1100 1232 1153 1288 ἐν
1178 1230 1435 1311 ἡμιολίῳ·
1464 1235 1499 1303 ἡ
1526 1231 1626 1311 γὰρ
1662 1227 1839 1310 μακρὰ

307 1316 438 1398 πρὸς
462 1314 556 1382 τὰς
590 1309 682 1375 δύο
712 1315 960 1398 βραχείας
986 1306 1108 1375 ἶσόν
1135 1340 1188 1376 τι
1215 1315 1328 1398 ἔχει
1358 1319 1546 1400 ῥυθμὸν
1572 1321 1632 1377 ἐκ
1652 1340 1841 1399 τριπο-

308 1404 422 1470 δίας
449 1405 854 1478 ἀναπαιστικὸν,
879 1404 933 1469 ὃς
957 1402 1168 1485 δέχεται
1206 1406 1410 1475 πάντας
1435 1405 1553 1473 τοὺς
1589 1407 1840 1466 δισυλλά-

307 1491 431 1558 ὅους
452 1492 634 1560 πόδας.
664 1494 712 1550 οἱ
742 1490 797 1549 δὲ
822 1489 1079 1565 ἐνόπλιον,
1118 1492 1209 1552 τὸν
1242 1494 1610 1575 ἀμφίμακρον,
1656 1493 1710 1561 ὃς
1748 1496 1838 1554 καὶ

308 1577 576 1660 Κρητικὸς
605 1580 843 1637 καλεῖται
873 1578 979 1638 ἀπὸ
1003 1584 1095 1638 τοῦ
1121 1582 1193 1646 εἷς
1236 1579 1356 1650 τοὺς
1393 1580 1667 1663 Κούρητας
1703 1584 1838 1641 ἁνα-

305 1663 531 1745 γομένου
566 1665 769 1743 μέλους.
793 1664 966 1747 τούτῳ
996 1666 1098 1749 γὰρ
1123 1672 1199 1749 τῷ
1227 1666 1405 1750 μέτρῳ
1434 1675 1839 1751 προσωρχοῦντο

304 1753 527 1821 σείοντες
554 1752 621 1811 τὰ
638 1750 794 1812 ὅπλα.
816 1755 1054 1812 καλεῖται
1096 1752 1152 1812 δὲ
1195 1754 1432 1814 ἐνόπλιον
1470 1755 1604 1815 κατὰ
1643 1757 1839 1816 δάκτυ-

304 1843 426 1916 λον,
465 1831 509 1922 ᾧ
551 1843 785 1924 χρῶνται
822 1840 965 1913 ζήτει
996 1841 1144 1908 τίνες.
1182 1841 1309 1909 ἴσως
1352 1842 1407 1901 δὲ
1454 1843 1623 1903 λείπει
1659 1844 1749 1916 τὸ,
1788 1848 1837 1904 οἱ

306 1928 547 2001 αὐληταί.
597 1933 745 2008 (Hoc
788 1930 888 2006 qui
933 1931 1165 2008 scripsit
1204 1931 1265 1989 iu
1315 1930 1516 1989 codice
1557 1953 1663 1991 suo
1706 1946 1839 2012 post

304 2018 537 2093 χρῶνται
588 2017 812 2093 aliquot
866 2016 1215 2092 syllabarum
1268 2017 1531 2076 lacunam
1582 2020 1836 2093 invenit,

303 2121 475 2179 quam
510 2122 618 2180 ego
641 2123 713 2160 ex
732 2107 802 2161 V.
829 2104 1099 2182 explevi.)
1122 2101 1261 2162 κατὰ
1289 2103 1542 2164 δάκτυλον
1565 2130 1578 2163 :
1604 2108 1722 2187 ἀριθ
1767 2131 1838 2179 η-

301 2188 446 2248 τικόν
490 2191 601 2248 ἐστι
644 2188 854 2273 μέτρον.
893 2189 1006 2249 ἔστι
1040 2189 1097 2250 δὲ
1138 2191 1328 2272 ῥυθμὸς
1376 2191 1668 2275 κρούματος
1702 2218 1728 2253 ε
1751 2195 1838 2264 δος

302 2276 440 2336 κατὰ
473 2278 749 2353 δάκτυλον,
792 2269 836 2358 ᾧ
871 2282 1106 2360 χρῶνται
1131 2282 1180 2338 οἱ
1210 2280 1452 2351 αὐληταί.
1487 2285 1516 2340 ὁ
1551 2280 1691 2341 κατὰ
1732 2283 1833 2341 δά-

302 2365 493 2423 κτυλον
520 2362 710 2445 ῥυθμός
735 2367 877 2424 ἐστιν
911 2371 940 2425 ὁ
970 2368 1024 2424 ἐν
1055 2366 1156 2449 ἴσῳ
1193 2366 1372 2445 λόγος·
1413 2373 1442 2429 ὁ
1479 2367 1539 2428 δὲ
1570 2368 1836 2446 ἐνόπλιος,

302 2451 391 2510 καὶ
430 2452 795 2533 προσῳδιακὸς
831 2453 1151 2533 καλούμενος
1187 2455 1289 2515 ὑπό
1330 2480 1517 2532 τινων,
1567 2457 1837 2536 σύγκειται

301 2541 362 2597 ἐκ
397 2539 672 2599 σπονδείου
700 2541 790 2600 καὶ
811 2543 1091 2624 πυρριχίου
1116 2543 1205 2602 καὶ
1233 2545 1482 2625 τροχαίου
1502 2545 1592 2605 καὶ
1622 2545 1834 2624 ἷάμὸου.

301 2628 649 2706 συνεμπίπτει
689 2627 744 2687 δὲ
772 2621 919 2698 οὗτος
946 2630 1065 2701 ἤτοι
1091 2631 1333 2714 τριποδία
1371 2636 1759 2714 ἀναπαιστικῇ,
1800 2633 1837 2708 ἢ

302 2715 491 2793 βάσεσι
532 2716 709 2790 δυσὶν,
738 2718 1094 2798 ἀναπαιστικῇ
1130 2718 1220 2777 καὶ
1260 2719 1490 2800 Ἰωνικῇ.
1529 2722 1836 2781 Emendavi

302 2824 376 2862 ex
401 2810 462 2863 R.
488 2810 557 2865 V.
586 2810 763 2864 Dmn.
804 2806 894 2865 Ad
917 2807 1013 2866 illa
1042 2806 1247 2866 scholii
1285 2807 1479 2868 Aldini
1516 2811 1691 2871 verba
1725 2808 1837 2871 ἔστι

300 2890 356 2950 δὲ
390 2897 418 2951 ὁ
443 2894 497 2950 ἐν
524 2892 754 2974 ἡμιολίῳ
779 2895 900 2953 haec
925 2897 1225 2954 annotavit
1249 2900 1612 2958 Hermannus
1634 2922 1648 2957 ε
1674 2927 1699 2952 ιι
1721 2904 1836 2959 He-

300 2981 560 3038 miolium
614 2982 759 3040 dicit
811 3001 846 3041 e
896 2983 1083 3042 tribus
1136 2983 1384 3060 pedibus
1444 2999 1798 3046 constantem
1816 3033 1834 3066 ,

300 3082 614 3146 propterea
649 3069 806 3146 quod
834 3069 961 3129 bini
999 3071 1173 3148 pedes
1206 3071 1498 3150 dipodiam
1528 3077 1833 3152 anapaesti-

300 3174 426 3213 cam
464 3155 735 3214 efficiunt.
763 3158 860 3216 Sic
879 3178 1082 3218 versus
1117 3158 1526 3236 ithyphallicus
1559 3162 1838 3242 τροχαῖκὸς

298 3240 541 3318 ἡμιόλιος
562 3243 778 3301 dicitur
807 3243 882 3303 ab
922 3245 1330 3323 Hephaestione
1354 3266 1410 3326 p.
1443 3251 1547 3318 483
1575 3269 1628 3307 v.
1654 3251 1832 3312 schol.

299 3329 425 3406 ejus
454 3350 513 3407 p.
546 3331 642 3389 52.
681 3337 825 3405 Qnae
861 3348 1207 3411 sequuntur,
1235 3334 1314 3391 ita
1352 3355 1458 3393 nos
1503 3338 1836 3397 emendavi—

301 3436 449 3488 muS,
477 3420 512 3488 ἡ
542 3417 645 3500 γὰρ
683 3417 862 3499 μακρὰ
886 3420 1017 3501 πρὸς
1049 3421 1145 3489 τὰς
1174 3424 1266 3483 δύο
1293 3422 1541 3505 βραχείας
1581 3423 1719 3484 ἴσον·
1744 3426 1834 3485 καὶ

297 3502 489 3582 ἓχει-.
536 3506 883 3565 Hemiolium
927 3510 1258 3585 rhythmum
1289 3511 1450 3586 dicit,
1480 3512 1581 3588 qui
1615 3533 1648 3570 e
1679 3513 1833 3571 duo-

297 3591 409 3653 bus
458 3594 699 3672 dactylis
741 3608 800 3655 et
836 3598 1098 3675 spondeo
1147 3613 1400 3674 constat,
1447 3613 1514 3658 ut
1550 3604 1837 3661 recentior

297 3681 665 3756 scholiastes,
691 3696 748 3742 et
771 3698 1073 3744 enarrator
1093 3688 1515 3767 Hephaestionis
1540 3708 1597 3765 p.
1629 3710 1697 3765 91
1716 3735 1733 3764 ,
1761 3690 1835 3749 de

298 3789 470 3827 versu
506 3771 773 3829 heroico:
800 3772 918 3830 κατ’
950 3770 1188 3834 ἐνόπλιον
1222 3774 1318 3854 μὲν
1346 3765 1436 3834 οὖν
1475 3775 1587 3834 ἐστὶ
1620 3778 1680 3835 τὸ
1708 3774 1833 3857 ἔχον

298 3853 391 3914 δύο
419 3856 698 3924 δακτύλους
716 3858 806 3916 καὶ
830 3856 924 3917 ἕνα
950 3861 1240 3941 σπονδεῖον,
1264 3853 1369 3922 οἷον
1382 3905 1400 3935 ,

376 3975 448 4045 ὣς
469 3979 602 4060 φάτο
626 3981 953 4063 δακρυχέων,
975 3987 1069 4042 τοῦ
1100 3982 1148 4041 δ’
1170 3982 1324 4044 ἔκλυε
1345 3982 1533 4044 πότνια
1557 3986 1753 4069 μήτηρ.

298 4105 472 4160 Hunc
518 4103 854 4179 rhythmum
912 4126 986 4165 ne
1033 4107 1164 4183 quis
1221 4107 1445 4167 dubitet
1496 4110 1834 4187 hemiolium

296 4209 443 4262 esse,
470 4190 632 4249 addit
655 4192 776 4250 baec
799 4196 867 4264 εὴ
890 4190 992 4274 γὰρ
1012 4193 1191 4275 μακρὰ
1209 4194 1339 4276 πρὸς
1352 4194 1445 4264 τὰς
1472 4194 1563 4255 δύο
1588 4200 1837 4278 βραχείας

296 4273 434 4350 ἴσον,
454 4297 573 4353 quo
593 4279 861 4338 ostendat
882 4281 1200 4359 spondeum
1226 4304 1422 4361 parem
1440 4304 1563 4345 esse
1582 4284 1834 4365 dactylo,

297 4376 476 4440 atque
499 4364 717 4425 idcirco
754 4367 924 4425 etiam
962 4368 1317 4428 dimidiatam
1361 4371 1659 4451 dipodiam
1693 4395 1835 4433 ana-

298 4453 611 4529 paesticam.
653 4456 972 4514 confundit
1015 4459 1167 4517 enim
1217 4480 1520 4518 numerum
1560 4463 1681 4521 κατ’
1715 4462 1836 4524 ἐνό-

295 4540 485 4613 πλιον,
515 4543 616 4619 qui
642 4543 700 4600 in
728 4563 898 4602 versu
926 4545 1159 4604 heroico
1191 4546 1422 4624 dicitur,
1448 4569 1578 4608 cum
1606 4569 1704 4624 ec,
1734 4554 1835 4631 qui

299 4639 539 4686 vocatur
570 4629 932 4711 προσοδιακός.
975 4639 1292 4712 Propterea
1330 4637 1444 4695 baec
1484 4638 1712 4715 adjicit,
1743 4640 1836 4703 καὶ

294 4716 415 4796 ἔχει
465 4716 656 4796 ῥυθμὸν
705 4719 768 4776 ἐκ
810 4720 1081 4800 τριποδίας
1128 4722 1536 4800 ἀναπαιστικόν,
1593 4726 1848 4805 dactylis:

294 4804 521 4863 scilicet
543 4805 602 4862 in
629 4806 721 4884 pri
730 4827 818 4865 ma
841 4821 898 4867 et
918 4810 1171 4868 secunda
1199 4810 1330 4869 sede
1355 4815 1628 4890 anapaesti
1649 4816 1832 4881 vicem

296 4892 743 4953 sustinentibus.
772 4897 1149 4956 Prosodiacus
1176 4899 1330 4957 enim
1353 4920 1555 4961 versus
1577 4905 1832 4980 spondeo

296 4991 529 5038 constat
563 4994 622 5040 et
654 4981 880 5043 duobus
919 4989 1241 5064 anapaestis,
1276 5007 1447 5065 quem
1475 4993 1831 5067 grammatici

296 5066 504 5127 lonico
528 5067 745 5147 majore
773 5084 829 5130 et
859 5071 1199 5135 choriambo
1230 5077 1580 5139 metiuntur:

3339 307 3450 356 437

2324 512 2456 573 αὐτὰ
2491 514 2545 573 δὲ
2574 514 2669 591 σὺ,
2701 514 3000 575 Καλλιόπα.

1926 600 2077 659 Vide
2108 602 2568 679 Hephaestionem
2607 624 2663 682 p.
2716 613 2812 680 49,
2852 616 2911 662 et
2949 604 3289 664 scholiasten
3330 607 3455 685 ejus

1928 706 1986 764 p.
2020 687 2111 745 52.
2152 692 2241 746 De.
2278 689 2482 749 eodem
2526 691 2873 769 prosodiaco
2922 691 3040 749 κατ’
3073 689 3309 751 ἐνόπλιον
3355 695 3454 753 illa

1928 788 2060 833 sunt
2085 776 2450 855 intelligenda
2473 801 2485 836 :
2516 777 2570 845 ὃς
2598 777 2807 858 δέχεται
2828 778 3030 847 πάντας
3060 778 3179 848 τοὺς
3202 781 3455 843 δισυλλά-

1928 860 2050 930 ὄους
2075 861 2256 931 πόδας.
2282 867 2394 925 Sed
2421 867 2724 945 imperitus
2744 868 2921 926 homo
2941 868 3022 927 ita
3051 869 3326 947 loquutus
3347 885 3452 945 est,

1928 952 2093 1027 quasi
2124 953 2186 1011 in
2217 952 2414 1013 eadem
2439 955 2574 1013 sede
2601 976 2800 1014 omnes
2838 956 3012 1034 pedes
3054 956 3320 1035 bisyllabi
3345 960 3452 1018 ad-

1928 1040 2309 1099 mitterentur.
2340 1045 2550 1101 Vcrum
2582 1044 2727 1102 nihil
2753 1043 2908 1102 aliud
2931 1045 3055 1102 vult
3079 1065 3250 1124 quam
3283 1067 3456 1125 repe-

1929 1125 2031 1182 riri
2060 1126 2117 1183 in
2143 1128 2254 1185 isto
2278 1147 2448 1187 versu
2467 1129 2639 1208 peden
2667 1129 2981 1208 bisyllabos
2998 1152 3215 1204 omnes,
3235 1136 3283 1194 si
3308 1136 3457 1195 binae

1926 1232 2155 1291 semper
2180 1216 2415 1292 syllabae
2442 1219 2902 1298 conjungantur:

1926 1387 1985 1445 id
2017 1390 2174 1466 quod
2210 1392 2357 1451 alius
2400 1393 2733 1454 scholiastes
2772 1308 2982 1455 clatiius
3015 1398 3098 1455 sic
3130 1397 3276 1456 dixit
3305 1422 3318 1456 ε
3348 1401 3377 1457 ὁ
3404 1397 3460 1456 δὲ

1926 1474 2188 1553 ἐνόπλιος,
2216 1484 2245 1540 δ
2278 1480 2370 1539 καὶ
2410 1483 2755 1562 προσοδιακὸς
2798 1483 3114 1564 καλούμενος
3145 1485 3247 1545 ὑπό
3273 1510 3458 1561 τινων,

1927 1562 2197 1642 σύγκειται
2237 1571 2298 1628 ἐκ
2321 1569 2593 1629 σπονδείου
2634 1571 2727 1630 καὶ
2763 1573 3043 1656 πυρριχίου
3083 1575 3175 1632 καὶ
3209 1575 3460 1655 τροχαίου

1924 1652 2015 1710 καὶ
2044 1653 2256 1732 ἷάμὸου.
2291 1657 2439 1715 Vide
2460 1658 2636 1716 Elem.
2671 1659 2851 1718 doctr.
2874 1674 3039 1720 metr.
3098 1682 3155 1740 p.
3204 1663 3311 1720 351
3345 1683 3462 1742 sq.»

1922 1742 2073 1798 -31
2110 1742 2270 1822 Koup.
2301 1748 2368 1801 V.
2414 1756 2473 1802 et
2508 1744 2713 1805 Snidas
2753 1767 2796 1805 s.
2843 1748 2979 1807 Κατ’
3020 1746 3275 1809 ἐνόπλιον.
3313 1752 3460 1830 Κρη-

1923 1826 2066 1893 τικὸς
2087 1834 2155 1887 G.
2189 1831 2520 1912 Κουρητικοῧ
2560 1853 2770 1892 nomen
2816 1838 3008 1914 paeoni
3052 1839 3226 1896 tertio
3258 1840 3463 1899 tribuit

1925 1915 2229 1975 scholiasta
2256 1919 2677 1997 Hephaestionis
2707 1943 2764 2001 p.
2808 1927 2941 1982 161.
2975 1925 3132 1983 Idem
3163 1945 3221 2003 p.
3250 1930 3323 1984 82
3350 1947 3459 2005 pa-

1926 2004 2334 2065 limbacchium
2397 2011 2661 2068 nominat
2733 2009 2986 2071 ἑνόπλιον.
3043 2014 3189 2072 Vide
3236 2013 3458 2074 Plat‘on.

1925 2097 2014 2151 De
2037 2113 2160 2171 rep.
2185 2095 2239 2168 3,
2264 2115 2318 2172 p.
2352 2105 2484 2168 400,
2509 2099 2576 2169 B,
2601 2098 2781 2160 schol.
2812 2100 2954 2160 Plat.
2978 2121 3035 2179 p.
3061 2111 3196 2177 401,
3218 2105 3459 2163 Aristot.

1925 2180 1994 2238 fr.
2032 2181 2281 2257 rhythm.
2325 2202 2385 2261 p.
2439 2186 2580 2258 300,
2611 2187 2851 2245 Aristid.
2899 2190 3101 2262 Quint.
3133 2211 3192 2269 p.
3243 2189 3458 2261 34-40.

1927 2272 2126 2332 Hnu.
2165 2268 2271 2328 ἀπὸ
2299 2267 2485 2331 τούτου
2508 2275 2581 2339 εἷς
2609 2279 2677 2333 R.
2699 2311 2764 2323 —
2789 2277 2861 2333 32
2900 2278 3175 2358 Κουρῆτας
3203 2284 3272 2337 V.
3309 2281 3462 2361 Κρῆ-

1923 2377 2017 2421 τας
2049 2361 2184 2414 G.-
2203 2360 2275 2417 33
2302 2360 2538 2418 Suidas:
2565 2359 2723 2421 Κατὰ
2749 2362 3003 2423 δάκτυλον
3034 2387 3048 2424 :
3074 2354 3209 2432 εἶδος
3233 2369 3462 2447 ἀριθμη-

1922 2441 2067 2500 τικὸν
2105 2440 2141 2513 ἢ
2182 2446 2565 2527 γεωμετρικὸν,
2609 2445 2645 2518 ἢ
2701 2451 2897 2529 ῥυθμοῦ
2941 2450 3031 2509 καὶ
3079 2451 3374 2533 κρούματος
3397 2495 3462 2510 -

1924 2532 2258 2591 Santenium
2302 2533 2376 2591 ad
2416 2539 2651 2594 Terent.
2697 2542 2884 2596 Maur.
2925 2558 2982 2618 p.
3022 2542 3097 2608 84
3135 2542 3274 2600 citat
3310 2549 3461 2603 Her-

1925 2643 2118 2682 mann.
2146 2625 2350 2683 Veneti
2379 2624 2571 2705 ῥυθμὸς
2594 2628 2859 2687 Dindorf.
2895 2632 3147 2689 correxit
3171 2653 3242 2690 ex
3270 2637 3459 2695 Suidae

1925 2710 1962 2768 l.
1991 2731 2041 2768 c.
2068 2723 2128 2769 et
2153 2729 2226 2768 ex
2260 2714 2524 2789 Hesychii
2569 2715 2645 2791 gl.
2686 2714 2955 2782 Δάκτυλος
2991 2739 3005 2775 z
3048 2716 3187 2777 οὕτω
3219 2722 3459 2782 καλεῖται

1926 2802 2123 2880 ῥυθμοῦ
2151 2791 2283 2869 εἶδος
2308 2801 2398 2862 καὶ
2439 2801 2749 2885 κρούματος.
2778 2807 3014 2886 χρῶνται
3042 2805 3099 2865 δὲ
3127 2809 3269 2890 αὐτῷ
3293 2811 3459 2888 μάλι-

1925 2910 2026 2946 στα
2051 2890 2099 2946 ol
2122 2888 2442 2961 αὐληταί-
2461 2894 2533 2952 35
2563 2894 2677 2951 ἐστι
2700 2892 2891 2973 ῥυθμὸς
2916 2898 3047 2953 R.-
3072 2898 3147 2955 36
3166 2896 3278 2957 ἴσον
3305 2898 3459 2979 λόγον

1925 2990 2153 3048 vocant,
2196 2977 2243 3034 si
2287 2978 2465 3036 altera
2504 2999 2637 3057 pars
2674 2981 2840 3059 pedis
2880 2983 3092 3060 prioris
3131 3004 3457 3047 mensuram

1921 3065 2267 3142 aequiparat,
2310 3065 2467 3142 quod
2514 3080 2601 3125 est
2653 3068 2716 3126 iu
2759 3069 2991 3144 dactylo
3035 3084 3095 3128 et
3140 3089 3454 3151 anapaesto.

1923 3151 2069 3209 Vide
2096 3151 2274 3210 schol.
2298 3153 2587 3229 Hephaest.
2626 3175 2684 3232 p.
2730 3176 2821 3215 ιι.
2863 3160 3056 3216 nanu.
3095 3162 3460 3240 προσωδιακὸς

1922 3246 1993 3299 R.
2018 3246 2089 3298 V.
2121 3245 2149 3299 ὁ
2178 3240 2270 3300 καὶ
2297 3241 2513 3323 προσοδ.
2546 3247 3001 3304 Hermannus.-
3030 3247 3104 3323 39
3134 3239 3285 3316 οὗτος
3307 3252 3361 3310 ἐν
3388 3257 3458 3333 τῇ

1920 3351 2064 3411 τριπ.
2112 3335 2182 3388 R.
2219 3333 2287 3389 V.
2330 3333 2398 3386 ln
2437 3331 2551 3388 fine
2587 3336 2659 3391 V.
2702 3330 2926 3411 ἰαμὸικῇ
2954 3333 3044 3392 καὶ
3071 3340 3364 3417 χορικῇ.-.
3387 3346 3458 3400 ln

1921 3421 2080 3476 Junt.
2104 3416 2368 3475 scholion
2397 3430 2484 3475 est
2508 3418 2628 3476 κατ’
2652 3416 2888 3486 ἐνόπλιος
2918 3422 3107 3501 (error
3140 3428 3459 3502 typothetae

1923 3522 2033 3581 pro
2053 3502 2315 3581 ἐνόπλιον)
2343 3507 2372 3562 ὁ
2395 3501 2530 3582 μετὰ
2557 3503 2649 3563 δύο
2689 3505 2972 3576 δακτύλους
3006 3507 3145 3590 ἔχων
3186 3516 3459 3577 σπονδεῖον

1921 3589 2060 3649 κατὰ
2092 3590 2153 3649 τὸ
2173 3591 2332 3651 πάλιν
2367 3591 2459 3651 καὶ
2478 3592 2638 3652 πάλιν
2653 3640 2669 3668 ,
2690 3586 2797 3654 οἷον
2821 3622 2845 3648 α
2873 3594 2947 3664 ὣς
2960 3599 3095 3679 φάτο
3127 3600 3454 3684 δακρυχέων,

1920 3685 2014 3736 τοῦ
2041 3678 2086 3737 δ’
2116 3676 2269 3737 ἔκλυε
2299 3677 2488 3738 πότνια
2526 3679 2719 3763 μήτηρ.
2744 3710 2767 3736 υ
2800 3683 3004 3761 λέγοιτο
3031 3686 3077 3744 δ’
3102 3686 3166 3747 ἂν
3186 3689 3311 3759 ἴσως
3338 3696 3457 3754 κατ’

1921 3764 2180 3839 ἐνόπλιον,
2206 3763 2292 3825 διὰ
2315 3766 2376 3826 τὸ
2393 3766 2613 3850 πρέπειν
2639 3768 2735 3844 μὲν
2764 3771 2956 3850 ῥυθμὸν
2983 3780 3327 3839 τοιοῦτον-καὶ
3350 3792 3458 3852 τοῖς

1923 3853 2100 3920 ἄλλοις
2123 3853 2447 3934 κινουμένοις
2474 3854 2611 3935 μετὰ
2638 3859 2925 3934 συντονίας,
2952 3861 3049 3921 ἐπὶ
3078 3864 3244 3924 πλέον
3266 3865 3323 3927 δὲ
3349 3881 3457 3939 τοῖς

1924 3942 2040 4019 μεθ’
2078 3940 2255 4001 ὅπλων
2299 3947 2503 4021 σεμνῶς
2537 3946 2750 4015 πηδῶσι
2785 3947 2874 4005 καὶ
2904 3950 3292 4031 πυρριχίζουσι.
3315 3961 3458 4032 Quae

1924 4031 2265 4108 transcripta
2297 4046 2431 4090 sunt
2448 4052 2517 4090 ex
2540 4035 2842 4094 Eustathio
2863 4055 2921 4114 p.
2960 4041 3130 4115 ¹899,
3152 4045 3245 4100 62.
3266 4048 3452 4106 Dum.

2003 4119 2141 4190 653,
2172 4131 2238 4187 41
2268 4117 2364 4191 τὴν
2388 4120 2743 4203 παραγραφὴν
2780 4137 2938 4183 recte
2972 4130 3261 4206 corrigere
3296 4133 3453 4193 vide-

1924 4218 2019 4263 tur
2036 4205 2336 4265 DobraeuS.
2358 4208 2767 4287 Intelliguntur
2785 4225 2977 4275 autem
2999 4213 3119 4272 duo
3140 4231 3352 4293 puncta
3369 4221 3453 4300 (:),

1922 4292 2135 4369 quibus
2187 4292 2260 4353 ad
2310 4314 2581 4372 personas
2633 4297 3063 4377 distinguendas
3123 4300 3450 4366 utebantur.

1922 4383 2058 4451 Quo
2084 4380 2399 4457 significatu
2432 4384 2752 4466 παραγραφή
2781 4387 2997 4446 dictum
3023 4408 3096 4447 ex
3121 4389 3297 4449 schol.
3321 4398 3449 4453 Pac.

1923 4476 2035 4537 444
2085 4484 2376 4529 memorat.
2406 4471 2708 4546 Dobraeus,
2749 4474 3020 4553 idemque
3054 4479 3273 4538 scholio
3301 4485 3449 4542 Ran.

1929 4556 2081 4623 1432
2104 4556 2372 4619 restituit.
2406 4558 2571 4619 Adde
2597 4561 2774 4620 schol.
2802 4562 2874 4623 ad
2896 4568 3027 4623 Pac.
3069 4569 3234 4637 1334.
3266 4573 3450 4632 Dum.

1922 4645 2040 4717 Qui
2080 4646 2172 4712 45,
2191 4643 2596 4709 &waddidin-
2614 4659 2686 4721 47
2713 4651 2893 4710 verba
2920 4650 3044 4713 ὅταν
3074 4653 3176 4738 γὰρ
3207 4657 3327 4739 περὶ
3356 4662 3451 4740 ρυ-

1922 4737 2067 4812 θμῶν
2111 4747 2322 4794 temere
2363 4737 2475 4794 huc
2517 4759 2640 4796 esse
2690 4739 2847 4798 illata
2888 4742 3078 4820 ipsum
3129 4744 3269 4804 illud
3323 4745 3447 4808 ὅταν

1920 4821 2193 4894 ostendit,
2214 4824 2372 4900 quod
2409 4845 2525 4883 non
2568 4826 2745 4885 habet
2783 4848 3034 4905 quocum
3063 4846 3448 4899 construatur.

1919 4909 2190 4967 Proxima
2228 4910 2290 4968 in
2335 4910 2481 4970 hanc
2534 4913 2654 4973 sere
2711 4918 3051 4977 sententiam
3109 4922 3449 5002 corrigenda

1918 4996 2213 5068 videntur,
2248 5001 2277 5055 ὁ
2317 4996 2372 5056 δὲ
2415 5000 2748 5083 Στρεψιάδης
2779 5005 2840 5063 οὗ
2872 5005 2995 5088 περὶ
3015 5005 3198 5068 τούτου
3232 5017 3324 5071 τοῦ
3351 5013 3448 5072 δα-

1919 5081 2113 5142 κτύλου
2153 5084 2340 5166 φησὶν,
2384 5088 2520 5147 ἀλλὰ
2545 5088 2665 5171 περὶ
2707 5089 2903 5173 ἐτέρου.
2948 5096 3020 5163 ὣς
3062 5094 3164 5180 γὰρ
3209 5098 3449 5180 ἄγροικος
