3859 5725
341 281 364 330 l
384 280 450 332 18

334 410 475 491 σύν.]
554 407 772 478 Ἄλλως.
808 413 837 467 ὁ
868 407 1071 478 Μήλιος
1111 428 1126 468 t
1158 407 1314 477 Τινὲς
1353 407 1647 478 ἐξεδέξαντο
1682 411 1771 471 τὸν
1797 410 1893 479 τὰς

1502 268 1888 331 SCHOLIA
1938 271 2032 331 IN
2084 272 2392 336 NUBES.

2065 434 2162 474 844.
2207 415 2374 496 (οἴμοι
2394 417 2447 477 τί
2476 417 2655 501 δράσω
2691 439 2706 479 :
2746 418 2888 501 Πρὸς
2913 419 3002 480 τὸν
3033 421 3240 505 πατέρα
3272 424 3575 507 δικάσομαι

324 502 428 558 τῶν
453 499 713 558 εἰσιόντων
742 493 913 578 ψυχὰς
939 494 1181 564 ὀξύνοντα
1205 494 1327 578 πρὶν
1360 495 1605 556 εἰσελθεῖν
1629 495 1895 579 ἠγριωμέ-
1984 500 2076 561 καὶ
2093 502 2261 573 δείξας
2289 505 2447 564 αὐτὸν
2470 505 2804 586 μαινόμενον,
2839 506 2978 568 οὕτω
2994 508 3091 582 τὴν
3110 511 3302 590 μανίαν
3324 514 3570 596 παύσω..)

324 611 431 656 νας·
455 588 563 647 ἀπὸ
592 594 892 667 μεταφορᾶς
922 588 1027 643 τῶν
1054 581 1258 663 ἀλόγων
1286 582 1497 666 θηρίων,
1528 588 1675 664 μῆλα
1695 584 1798 666 γὰρ
1827 583 1896 644 τὰ

2064 610 2165 651 848.
2207 593 2499 673 παρανοίας
2538 615 2555 655 :
2601 594 2739 655 Ἀντὶ
2772 600 2867 656 τοῦ
2901 599 3256 680 κατηγορήσω
3291 604 3455 663 afim*
3490 607 3571 675 ὣς

324 675 622 758 θρέμματα.
670 679 717 736 οἱ
755 674 812 734 δὲ
853 676 925 742 εἷς
962 673 1024 733 τὸ
1064 670 1196 732 δασὺ
1238 671 1329 731 καὶ
1375 672 1651 756 αὐχμηρὸν
1690 678 1894 736 νοοῦσιν
1982 684 2451 761 παραφρονοῦντος.
2489 717 2575 730 --
2616 682 2946 764 παρανοίαςε
2976 685 3421 768 Παραφροσύνης.
3452 693 3576 751 εἶσ-

272 777 298 815 b
327 764 471 829 αὐτό.
503 768 551 823 ot
583 763 639 823 δὲ
675 760 979 845 παρέλαὸον
1006 759 1188 830 οὕτως.
1221 759 1484 842 Διαγόρας
1516 764 1545 821 ὁ
1583 762 1819 840 Μήλιος,
1842 759 1897 829 ὃς

321 849 382 910 τὸ
418 849 514 929 μὲν
540 851 791 931 πρότερον
817 841 880 921 ἧν
914 848 1186 922 θεοσεόὴς,
1216 871 1294 907 πα
1330 847 1670 923 ακαταθήκην
1702 847 1757 908 δὲ
1792 847 1899 908 ὖπό

324 962 460 1007 τινος
490 937 887 1018 ἀποστερηθεὶς,
918 938 1007 995 ἐπὶ
1027 937 1088 994 τὸ
1108 935 1256 1004 ἄθεος
1286 960 1310 996 ε
1333 961 1417 995 ναι
1436 935 1731 1020 ἐξέδραμεν,
1754 938 1833 1019 ἐφ’
1851 927 1896 1018 ᾧ

321 1030 369 1088 οἱ
408 1027 672 1100 Ἀθηναῖοι
710 1024 1194 1106 ἀγανακτήσαντες,
1222 1023 1317 1096 τὴν
1349 1028 1534 1098 Μῆλον
1570 1026 1892 1104 ἐκάκωσαν.)

324 1110 573 1194 [Ἄλλως.
608 1114 873 1195 Διαγόρας
899 1111 1078 1193 γέγονέ
1104 1136 1180 1180 τις
1210 1112 1523 1195 βλάσφημος
1554 1119 1627 1182 εἰς
1652 1113 1713 1173 τὸ
1743 1113 1896 1184 θεῖον,

246 1213 297 1251 ¹⁰
330 1203 551 1276 Μήλιος.
589 1203 680 1262 καί
713 1226 870 1275 ποτε,
902 1203 1081 1284 φασὶν,
1113 1203 1167 1260 ἐν
1203 1200 1498 1281 πανδοκείῳ
1526 1200 1779 1284 εὑρεθεὶς,
1806 1200 1898 1260 καὶ

322 1292 397 1370 μὴ
425 1290 587 1372 εὑρὼν
621 1289 782 1365 ξύλα,
820 1291 941 1349 ἀλλ’
963 1289 1182 1368 ἄγαλμα
1216 1288 1557 1370 Ἡρακλέους·
1586 1289 1680 1368 ἄγε
1695 1335 1711 1363 ,
1740 1287 1896 1371 φησὶ,

318 1379 746 1460 τρισκαιδέκατον
782 1379 909 1454 ἡμῖν
943 1375 1168 1437 ἐπιτέλει
1207 1376 1410 1451 ἄεθλον,
1446 1376 1538 1437 καὶ
1577 1375 1773 1458 ἕψησον
1809 1376 1897 1434 τὸν

359 1465 502 1527 ακόν.
524 1506 587 1515 -
607 1465 755 1526 ἄλλοι
773 1466 828 1524 δέ
842 1487 998 1546 φασιν
1018 1469 1089 1532 ὣς
1109 1456 1254 1532 οὗτος
1272 1467 1300 1522 ὁ
1314 1464 1575 1546 Διαγόρας
1588 1464 1899 1531 διδάσκαλος

318 1490 383 1627 {v
412 1551 741 1635 Σωκράτους.
772 1564 866 1612 LB.
883 1597 900 1623 ‚
924 1563 1064 1611 Cant.
1089 1551 1168 1632 2.]
1203 1588 1274 1596 —
1296 1553 1508 1634 ψυλλῶν
1533 1549 1589 1611 δὲ
1605 1551 1729 1632 ἴχνη
1756 1552 1899 1631 λέγει

238 1661 288 1700 15
315 1642 586 1723 γινώσκειν
608 1642 697 1701 τὸν
720 1644 1068 1722 Χαιρεφῶντα
1084 1639 1171 1699 διὰ
1182 1639 1276 1713 τὴν
1298 1640 1534 1714 ζήτησιν,
1556 1642 1681 1722 [148]
1693 1639 1896 1723 ψύλλαν

316 1731 536 1798 ὁπόσους
561 1729 771 1789 ἅλλοιτο
800 1728 918 1797 τοὺς
947 1730 1109 1801 αὐτῆς
1132 1728 1314 1797 πόδας.
1344 1738 1471 1788 R.v.

395 1839 491 1880 8³2.
535 1819 782 1886 Ἀττικῶς
799 1817 859 1876 τὸ
882 1820 1084 1896 μανιῶν
1114 1816 1231 1877 ἀντὶ
1253 1823 1343 1877 τοῦ
1367 1819 1495 1899 (τῆς)
1519 1814 1726 1896 μανίας.
1747 1831 1807 1880 R.
1826 1828 1892 1879 V.

316 1906 378 1966 τὸ
399 1905 455 1965 δὲ
481 1906 711 1986 χολῶσιν
741 1905 856 1965 ἀντὶ
877 1909 968 1963 τοῦ
997 1903 1340 1982 μαινομένοις.
1369 1918 1434 1966 V.

397 2014 497 2056 833.
543 1991 766 2075 [πείθειν
797 2011 812 2054 :
848 1994 967 2053 Οὔκ
999 1990 1110 2050 ἔστι
1133 1991 1194 2051 τὸ
1219 1991 1413 2054 πείθειν
1441 1993 1558 2053 ἀντὶ
1586 1998 1677 2052 τοῦ
1714 1993 1891 2054 πείθε-

241 2098 294 2138 20
320 2089 467 2156 σθαι,
491 2079 562 2149 ὥς
578 2081 713 2150 τινές
732 2102 909 2163 φασιν,
935 2078 1023 2138 ἵνα
1049 2078 1146 2152 τὴν
1171 2078 1382 2153 δοτικὴν
1407 2080 1745 2150 συντάξωσιν·
1773 2084 1891 2141 ἀλλ’

318 2164 459 2231 ἔστιν
487 2174 523 2242 ἡ
545 2167 763 2241 τοιαύτη
792 2165 971 2238 δοτικὴ
995 2167 1126 2248 πρὸς
1155 2167 1218 2228 τὸ
1244 2169 1531 2244 ἐλήλυθας,
1558 2167 1711 2230 οὕτω.
1742 2168 1805 2230 σὺ
1836 2170 1890 2230 δὲ

317 2263 390 2329 εἰς
426 2263 670 2320 τοσοῦτον
711 2261 815 2316 τῶν
873 2260 1075 2334 μανιῶν
1118 2256 1373 2329 ἐλήλυθας
1412 2259 1631 2340 ἀνδράσι
1663 2262 1893 2339 χολῶσιν

316 2348 457 2409 ὥστε
497 2346 696 2406 πείθειν
737 2343 926 2414 αὐτοὺς
973 2342 1050 2405 σε’.
1093 2344 1377 2420 τουτέστιν,
1419 2344 1557 2407 οὕτω
1590 2351 1685 2420 τῆς
1719 2350 1891 2407 αὐτῶν

292 2436 509 2517 ’μανίας
547 2433 827 2515 μετέσχες,
862 2432 1000 2493 ὥστε
1036 2432 1132 2493 καὶ
1165 2432 1361 2496 πείθειν
1401 2457 1460 2494 σε
1492 2435 1745 2518 περὶτῶν
1784 2460 1891 2515 μα-

235 2543 288 2581 28
315 2524 498 2586 ταίων.
523 2522 617 2604 a]

393 2632 489 2674 884.
534 2611 651 2672 ἀντὶ
674 2615 765 2669 τοῦ
798 2608 1023 2691 εὐφήμει
1045 2609 1138 2670 καὶ
1170 2608 1434 2689 μηδεμίαν
1468 2610 1620 2691 εἴπῃς
1642 2610 1765 2693 περὶ
1792 2613 1889 2672 αὗ-

314 2704 420 2761 τῶν
445 2699 730 2782 ἁμαρτίαν.
753 2696 926 2757 λείπει
953 2701 987 2769 ἡ
1012 2700 1113 2771 εἰς,
1135 2697 1204 2757 ἵν’
1225 2689 1263 2779 ᾖ
1281 2702 1356 2765 εἰς
1376 2698 1569 2778 ἄνδρας
1595 2699 1799 2769 δεξίους.
1826 2719 1888 2767 v,

314 2790 432 2849 ἀντὶ
461 2794 553 2849 τοῦ
579 2786 803 2869 εὐφήμει
825 2786 917 2847 καὶ
945 2787 1111 2866 μηδὲν
1135 2785 1284 2867 εἴπῃς
1306 2786 1428 2870 περὶ
1456 2789 1626 2848 αὐτῶν
1654 2789 1888 2873 βλάσφη·

315 2903 432 2958 μον.
461 2891 519 2939 R.
548 2880 780 2962 φλαῦρον
814 2896 831 2937 :
863 2874 978 2935 ἀντὶ
1009 2880 1100 2936 τοῦ
1123 2874 1303 2936 κακόν.
1330 2891 1453 2940 R.v.

236 2988 290 3027 ³0
396 2988 490 3030 8³5.
537 2966 761 3037 ὑπὸτῆς
787 2963 1065 3047 φειδωλίας
1102 2985 1117 3026 :
1155 2964 1266 3042 (Ὡς
1301 2966 1574 3041 κομῶντας
1612 2965 1885 3029 διαὸάλλει

308 3145 605 3228 καρτερίαν.
636 3149 664 3204 ὁ
689 3143 747 3203 δέ
774 3165 934 3225 φησιν
968 3141 1049 3202 ὅτι
1074 3142 1132 3201 οὗ
1157 3140 1244 3200 διὰ
1272 3141 1460 3222 ἀρετὴν
1483 3144 1632 3202 ταῦτ’
1656 3143 1880 3219 ἐποίουν,

308 3232 445 3294 ἀλλὰ
475 3232 561 3293 διὰ
592 3229 984 3315 σμικρολογίαν.
1020 3230 1055 3289 ἃ
1079 3236 1203 3309 γοῦν
1231 3231 1320 3289 ὑπ’
1347 3231 1652 3314 ἐγκρατείας
1674 3231 1880 3294 ἐποίουν

306 3315 483 3400 οὗτοι,
521 3312 668 3387 οὗτος
710 3318 812 3379 ὑπὸ
852 3317 1131 3400 φειδωλίας
1171 3318 1372 3399 φησίν.)
1417 3319 1583 3380 δοκῶν
1628 3321 1877 3397 ἐπαινεῖν,

226 3425 278 3464 ³5
306 3410 472 3494 ψέγει.
500 3408 615 3468 ἀντὶ
636 3407 740 3489 γὰρ
762 3412 851 3467 τοῦ
877 3407 1038 3465 εἰπεῖν
1062 3404 1339 3486 καρτερίας
1360 3396 1476 3465 εἶπε
1498 3406 1795 3488 φειδωλίας.

385 3519 485 3559 888.
528 3493 812 3558 καταλούει
853 3516 953 3571 μου
1005 3513 1020 3553 :
1070 3492 1424 3575 [Ἐντρυφᾷς,
1476 3494 1879 3565 καταναλίσκεις

304 3587 400 3661 τὴν
439 3583 764 3669 περιουσίαν.
807 3582 868 3641 τὸ
908 3579 965 3640 δὲ
1005 3578 1322 3653 καταλούει,
1365 3582 1766 3650 καταναλίσκεις
1808 3588 1878 3653 εἰς

304 3673 514 3757 λουτρά.
563 3671 668 3744 ἤδη
715 3669 817 3753 γὰρ
864 3668 1045 3749 ὥσπερ
1091 3667 1368 3737 τεθνεῶτός
1419 3692 1520 3747 μου
1575 3670 1873 3735 καταλούει.

303 3758 519 3830 Ἄλλως.
553 3761 787 3842 δαψιλῶς
814 3756 1112 3825 ἀναλίσκεις
1146 3780 1247 3835 μου
1275 3756 1365 3816 τὸν
1391 3756 1519 3838 βίον.
1554 3760 1614 3817 ἐκ
1644 3782 1874 3843 μεταφο-

225 3872 278 3913 40
306 3859 399 3932 ρᾶς
424 3855 527 3909 τῶν
551 3844 911 3928 ἐκχυνομένων
940 3843 1144 3904 ὑδάτων
1173 3846 1226 3904 ἐν
1260 3853 1368 3912 τοῖς
1394 3845 1703 3925 βαλανείοις.
1728 3843 1763 3918 ἢ
1794 3850 1877 3906 ἐν-

302 3947 515 4021 τρυφᾷς,
534 3939 604 4003 ὥς
623 3934 823 3994 καὶτοῦ
847 3932 1126 4013 βαλανείου
1147 3932 1232 3992 διὰ
1251 3932 1448 4014 τρυφὴν
1468 3932 1662 4014 ὄντος]
1684 3934 1795 4002 ἔθος
1810 3927 1873 4009 ἦν

304 4025 440 4105 μετὰ
464 4024 524 4085 τὸ
553 4026 927 4102 ἐκκομισθῆναι
957 4020 1019 4080 τὸ
1051 4024 1207 4099 σῶμα
1240 4025 1514 4102 καθαρμοῦ
1546 4021 1702 4102 χάριν
1736 4025 1874 4081 ἀπο-

301 4112 545 4175 λούεσθαι
580 4110 699 4178 τοὺς
733 4108 950 4177 οἰκείους
983 4115 1076 4170 τοῦ
1112 4112 1398 4175 τεθνεῶτος.
1429 4109 1571 4188 λέγει
1606 4107 1663 4169 δὲ
1696 4109 1775 4168 ὅτι
1803 4115 1875 4179 εἰς

300 4201 501 4286 τρυφὴν
529 4198 946 4265 καταναλίσκεις.
978 4196 1095 4270 (τὴν
1126 4195 1180 4255 δὲ
1212 4195 1350 4255 κατά
1382 4197 1628 4277 πρόθεσιν
1657 4199 1729 4265 εἷς
1757 4198 1875 4257 ἐπί-

222 4310 276 4349 48
301 4314 453 4351 τασιν
474 4285 1002 4370 παραλαμὸάνουσιν,
1027 4287 1097 4352 ὣς
1120 4284 1206 4343 ἐπὶ
1223 4289 1313 4344 τοῦ
1343 4291 1686 4365 καταφαγεῖν.
1712 4284 1875 4354 οὕτως

302 4379 359 4439 δὲ
387 4378 475 4438 ἐπὶ
496 4383 587 4439 τοῦ
613 4373 895 4436 καταλούει
924 4397 1024 4451 μου
1051 4372 1139 4431 τὸν
1162 4371 1315 4453 βίον.)
1342 4368 1455 4451 βίον
1480 4370 1649 4444 δὲτὴν
1674 4395 1875 4453 περιου-

304 4467 440 4529 σίαν.
469 4465 504 4538 ἢ
537 4467 610 4534 εἰς
638 4464 833 4544 λουτρὰ
863 4460 1284 4529 καταναλίσκεις.
1309 4495 1386 4507 --
1410 4458 1693 4520 καταλούει
1719 4480 1734 4521 :
1759 4467 1876 4522 Δα-

300 4564 500 4637 πανᾷς,
531 4552 809 4635 ἀφανίζεις.
844 4561 935 4609 Br,

383 4663 480 4705 841.
523 4643 713 4713 ἄληθες
754 4661 770 4700 :
808 4637 938 4700 Ἐὰν
974 4635 1072 4715 μὲν
1107 4633 1599 4719 προπαροξυτόνως,
1642 4635 1772 4696 αὖτὸ
1810 4637 1872 4697 τὸ

223 4747 276 4786 ⁵0
304 4731 493 4806 ἀληθὲς
530 4731 698 4811 λέγει,
731 4727 823 4788 ἐὰν
861 4726 919 4787 δὲ
954 4725 1231 4799 ὀξυτόνως,
1266 4725 1326 4785 τὸ
1359 4732 1586 4804 πρᾶγμα
1621 4724 1772 4797 δηλοῖ
1809 4724 1870 4784 τὸ

303 4819 526 4902 μετέχον
554 4822 648 4892 τῆς
669 4816 933 4889 ἀληθείας.
961 4850 1033 4860 -
1065 4812 1181 4873 ἀντὶ
1200 4819 1290 4873 τοῦ
1314 4813 1521 4885 ἀληθῶς
1547 4810 1705 4873 πάνυ.
1734 4811 1870 4872 οὕτω

300 4907 443 4989 λέγει
471 4905 558 4966 ἐπὶ
588 4909 681 4964 τοῦ
709 4906 1145 4989 ἐπιρρηματικοῧ.
1176 4914 1298 4963 RN.

1986 764 2201 844 αγαγὼν
2235 787 2251 827 t
2287 769 2383 835 Εἰς
2418 769 2772 850 δικαστήριον.
2798 768 2906 830 ἕλω
2931 791 2947 832 2
2975 772 3233 847 Νικήσω,
3261 775 3432 836 λαὸῶ.
3467 788 3572 837 Br.
3603 815 3633 852 ⁵

2065 872 2164 914 848.
2209 857 2521 936 σοροπηγοῖς
2545 876 2560 917 :
2584 856 2882 939 [Τουτέστι
2899 865 3008 926 τοῖς
3027 866 3237 921 ποιοῦσι
3255 862 3440 946 σοροὺς
3458 873 3576 934 τοῖς

1984 945 2203 1023 νεκροῖς.
2251 944 2498 1023 χλευάζει
2533 943 2589 1004 δὲ
2628 944 2717 1005 τὸν
2758 945 2966 1029 πατέρα
3012 951 3084 1015 ὡς
3123 950 3426 1030 πρεσὸύτην
3472 953 3574 1013 καὶ

1986 1029 2342 1107 γειτονεύοντα
2363 1035 2441 1114 τῷ
2465 1032 2693 1114 θανάτῳ.
2827 1033 3045 1103 Ἄλλως.
3073 1044 3183 1105 τοῖς
3206 1040 3571 1122 σοροποιοῖς,]

1986 1119 2093 1183 τοῖς
2116 1116 2209 1185 τὰς
2235 1119 2419 1201 σοροὺς
2445 1123 2549 1180 τῶν
2580 1121 3013 1194 ἀποθνησκόντων
3041 1131 3270 1187 ποιοῦσι.
3296 1128 3572 1188 τουτέστιν

1988 1202 2154 1276 ἄλλην
2188 1204 2330 1265 ἴασιν
2370 1208 2467 1267 οὐκ
2500 1207 2614 1288 ἔχει
2658 1206 2692 1280 ἢ
2731 1209 2820 1269 τὸν
2862 1209 3114 1270 θάνατον·
3142 1213 3237 1272 καὶ
3267 1214 3381 1274 δέον
3413 1219 3567 1298 αὐτῷ
3607 1250 3661 1288 10

1988 1290 2117 1371 πρὸς
2137 1291 2234 1365 τὴν
2259 1293 2429 1376 ταφὴν
2452 1294 2519 1355 τὰ
2543 1296 2816 1368 ἐπιτήδεια
2840 1299 3269 1374 κατασκευάζειν,
3291 1300 3380 1362 ἵνα
3402 1305 3570 1376 ποιή·

1988 1401 2148 1437 σωσιν
2190 1382 2334 1462 aba?
2372 1383 2523 1463 σορὸν
2566 1383 2803 1455 δηλονότι
2840 1383 2993 1463 ἐγγὺς
3038 1385 3150 1445 ὄντι
3187 1387 3432 1451 θανάτου.
3481 1427 3569 1440 «-

1985 1475 2093 1534 τοῖς
2114 1469 2490 1550 νεκροθάπταις
2508 1495 2519 1508 ·
2550 1470 2671 1540 ἄξια
2698 1471 2800 1553 γὰρ
2829 1472 3053 1533 θανάτου
3075 1475 3316 1557 πράττει.
3346 1491 3440 1538 Bt.

2065 1574 2167 1617 850.
2215 1557 2330 1616 ἀντὶ
2354 1564 2445 1618 τοῦ
2473 1557 2635 1627 οὕτως
2658 1559 2908 1641 καλέσῃς.

2065 1663 2163 1704 858.
2208 1642 2330 1711 τοὺς
2355 1649 2590 1724 γηγενεῖς
2628 1667 2645 1707 t
2686 1647 2788 1708 Διὰ
2815 1647 2877 1707 τὸ
2903 1647 3182 1728 νεκρώδεις
3209 1651 3397 1722 αὐτοὺς
3425 1644 3564 1713 εἶναι
3599 1694 3653 1734 15

1985 1729 2076 1790 καὶ
2102 1730 2324 1814 ὠχρούς.
2354 1731 2390 1805 ἢ
2420 1733 2629 1802 ἀσεὸεἴς
2648 1734 2739 1795 καὶ
2766 1735 3083 1816 θεομάχους,
3111 1733 3200 1797 διᾶ
3223 1738 3342 1808 τοὺς
3369 1741 3564 1821 γίγαν-

1984 1841 2095 1887 τας.
2131 1855 2213 1866 -
2250 1823 2486 1900 γηγενεῖς
2514 1822 2703 1891 αὖτοὺς
2742 1825 2927 1899 καλεῖ,
2971 1827 3043 1891 ὣς
3075 1825 3176 1884 ὑπὸ
3216 1832 3318 1905 γῆν
3359 1829 3564 1911 διατρί-

1984 1905 2200 1981 6όντας,
2241 1906 2423 1991 ὥσπερ
2470 1908 2636 1988 μύας·
2675 1910 2712 1982 ἢ
2751 1915 2823 1980 ὣς
2860 1909 3072 1979 ἀσεὸεἶς
3107 1912 3200 1974 καὶ
3245 1916 3559 1997 θεομάχους.

1981 2000 2201 2056 τοιοῦτοι
2225 1994 2329 2078 γὰρ
2352 1988 2489 2069 ἦσαν
2512 1998 2603 2057 καὶ
2626 2001 2674 2058 οἱ
2703 1998 2960 2077 γίγαντες.
2985 2010 3077 2059 Br.

2062 2103 2162 2146 888.
2207 2084 2310 2144 ὑπὸ
2351 2091 2441 2145 τοῦ
2471 2085 2702 2158 πλήθους
2738 2090 2841 2146 τῶν
2872 2090 3022 2164 ἐτῶν,
3062 2089 3178 2148 ἀντὶ
3212 2095 3304 2151 τοῦ
3335 2092 3435 2153 ὑπὸ
3463 2099 3558 2153 τοῦ
3589 2130 3649 2172 ,0

1978 2171 2169 2252 γήρως.
2196 2176 2414 2254 προεῖπε
2440 2172 2543 2257 γὰρ
2563 2176 2709 2254 [12⁹]
2736 2203 2761 2228 α
2780 2179 2894 2243 πῶς
2913 2168 3004 2236 ὀὖν
3031 2176 3196 2259 γέρων
3226 2176 3299 2237 ὢν
3322 2182 3560 2254 κάπιλή-

1981 2282 2130 2337 σμων
2160 2261 2279 2339 (καὶ
2315 2261 2511 2342 βραδὺς
2539 2262 2707 2342 λόγων
2735 2263 2969 2347 ἀκριὸῶν
2993 2266 3350 2347 σκινδαλμοὺς
3375 2271 3556 2347 μαθή-

1979 2351 2204 2428 σομαι);
2234 2376 2258 2402 ι»
2287 2360 2350 2408 R.
2372 2359 2452 2421 V.,

2058 2455 2157 2496 887.
2201 2437 2664 2519 καταπεφρόντικα
2715 2460 2732 2501 :
2778 2442 2873 2507 Εἷς
2914 2440 3034 2508 τοὺς
3074 2441 3384 2524 φροντιστὰς
3422 2445 3557 2506 ἀνά-

1977 2521 2145 2584 λωσα.
2173 2523 2286 2606 [ὥς
2312 2526 2359 2584 εἰ
2387 2524 2536 2605 ἔλεγε
2553 2572 2569 2600 ,
2595 2526 3062 2610 καταπεφρόνηκα.
3094 2527 3169 2611 ἢ]
3198 2532 3270 2597 εἰς
3295 2530 3391 2603 τὴν
3419 2533 3553 2593 παί-

1977 2612 2148 2671 δευσιν
2165 2613 2665 2687 καταδεδαπάνηκα.
2687 2651 2767 2661 —
2783 2623 2891 2683 τοῖς
2910 2627 3241 2698 φροντισταῖς
3259 2621 3458 2701 ἀφῆκα.
3483 2633 3551 2682 Β.

2055 2719 2154 2759 858.
2195 2697 2447 2781 τέτροφας
2473 2720 2488 2761 :
2521 2700 2858 2785 Κατέφαγες,
2883 2702 3128 2785 ἐτράφης.
3157 2717 3251 2765 Br.

2055 2807 2153 2848 859.
2197 2784 2378 2871 ὥσπερ
2408 2789 2699 2871 Περικλέης
2741 2809 2756 2851 :
2799 2789 3114 2872 [Περικλῆς
3139 2793 3349 2852 πολλῶν
3381 2792 3550 2854 ὄντων

3581 2577 3641 2618 z

1955 2875 2263 2956 ’χρημάτων
2283 2879 2337 2936 ἐν
2356 2881 2422 2957 τῇ
2445 2878 2728 2959 ἀκροπόλει
2743 2923 2760 2952 ,
2787 2883 2857 2947 εἰς
2875 2880 2964 2939 τὸν
2983 2879 3214 2959 πόλεμον
3235 2883 3303 2940 τὰ
3321 2885 3548 2945 πλεῖστα

1974 2963 2230 3023 ἀνάλωσε.
2252 2965 2382 3046 φασὶ
2403 2963 2459 3025 δὲ
2482 2964 2564 3025 ὅτι
2586 2966 2678 3025 καὶ
2695 2965 2978 3045 λογισμοὺς
2991 2967 3161 3035 διδοὺς
3174 3014 3190 3040 ,
3210 2970 3445 3030 τάλαντα
3465 2971 3549 3031 εἴ·

308 3056 426 3125 τοὺς
472 3053 798 3138 φιλοσόφους.
841 3058 1010 3112 ταῦτα
1057 3049 1113 3112 δὲ
1148 3052 1353 3113 ἐποίουν
1398 3055 1447 3113 οἱ
1487 3053 1758 3136 φιλόσοφοι
1798 3055 1884 3115 διὰ
1970 3073 2115 3111 κοσιν
2161 3051 2343 3119 ἅπλῶς
2387 3042 2530 3111 εἶπεν
2571 3055 2644 3121 εἰς
2683 3054 2745 3112 τὸ
2790 3053 2905 3114 δέον
2948 3054 3297 3127 ἀνηλωκέναι.
3332 3059 3461 3137 φησὶ
3488 3060 3547 3118 δὲ

1970 3136 2203 3220 Ἔφορος
2246 3138 2327 3198 ὅτι
2365 3138 2503 3217 μετὰ
2539 3146 2708 3201 ταῦτα
2756 3141 3006 3221 μαθόντες
3047 3146 3097 3202 οἱ
3134 3146 3549 3224 Λακεδαιμόνιοι

1971 3226 2331 3309 Κλεανδρίδην
2359 3226 2454 3306 μὲν
2478 3228 2796 3307 ἐδήμευσαν,
2820 3231 3259 3293 Πλειστοάνακτα
3288 3232 3344 3292 δὲ
3369 3234 3428 3294 ιε’
3457 3259 3550 3294 τα-

1968 3314 2171 3383 λάντοις
2209 3315 2535 3394 ἐζημίωσαν,
2567 3316 2920 3385 ὑπολαὸόντες
2947 3319 3410 3399 δωροδοκήσαντας
3441 3324 3546 3381 αὗ-

1965 3402 2111 3476 τοὺς,
2146 3403 2233 3462 διὰ
2256 3403 2317 3463 τὸ
2342 3404 2623 3484 φείσασθαι
2645 3409 2738 3478 τῆς
2761 3407 2948 3477 λοιπῆς
2977 3406 3262 3479 Ἀθηναίων
3291 3414 3413 3486 γῆς,
3440 3410 3543 3470 ὑπὸ
3571 3451 3626 3491 ³5

1965 3495 2069 3550 τῶν
2109 3491 2234 3573 περὶ
2269 3493 2358 3551 τὸν
2391 3491 2686 3573 Περικλέα,
2718 3492 2792 3570 μὴ
2823 3493 3121 3564 θελήσαντα
3143 3500 3354 3573 γυμνῶς
3377 3499 3544 3558 εἰπεῖν

1965 3576 2052 3637 ὅτι
2098 3577 2301 3638 δέδωκα
2342 3587 2448 3647 τοῖς
2483 3580 2915 3658 Λακεδαιμονίων
2947 3585 3221 3661 βασιλεῦσι
3255 3583 3318 3643 τὸ
3353 3585 3539 3654 ἐνδεές.

1964 3663 2183 3733 Ἄλλως.
2207 3669 2500 3747 Περικλῆς,
2525 3666 2808 3740 Ἀθηναίων
2829 3670 3121 3750 στρατηγὸς
3137 3716 3153 3745 ,
3174 3670 3429 3752 χρήματα
3446 3679 3542 3733 τοῦ

1967 3753 2220 3831 δημοσίου
2234 3752 2416 3813 λαὸὼν
2434 3757 2504 3823 εἷς
2522 3754 2582 3813 τὸ
2598 3756 2994 3815 κατασκευάσαι
3009 3756 3297 3837 ὁλόχρυσον
3317 3758 3538 3839 ἄγαλμα

1963 3845 2030 3922 τῇ
2062 3841 2279 3924 Ἀθηνᾷ,
2316 3841 2645 3922 ἐλεφάντινον
2674 3845 2903 3916 ποιήσας
2920 3890 2936 3916 ,
2967 3845 3037 3904 τὰ
3068 3844 3242 3905 πολλὰ
3273 3848 3540 3931 ἐσφετερί-
3569 3887 3621 3927 ⁴0

1964 3952 2121 4003 σατο,
2143 3929 2606 4008 συμποιησάμενος
2627 3930 2765 4010 μετὰ
2786 3933 3009 3993 Φειδίου
3029 3938 3120 3993 τοῦ
3140 3933 3398 3997 πλάστου.
3421 3936 3537 3996 ἐπεὶ

1964 4016 2019 4077 δὲ
2048 4017 2484 4099 κατακρινόμενος
2510 4022 2582 4087 ὣς
2606 4020 2832 4081 πλεῖστα
2860 4022 3138 4089 ἀναλώσας
3164 4025 3409 4104 ἠρωτᾶτο
3433 4031 3538 4084 ποῦ

1965 4105 2207 4178 ἀνηλώθη
2223 4152 2239 4179 ,
2262 4106 2364 4165 ὑπὸ
2384 4106 2727 4184 μεγαλονοίας
2745 4108 2941 4190 ἔλεγεν,
2963 4111 3035 4177 εἰς
3048 4108 3110 4168 τὸ
3128 4108 3242 4169 δέον
3262 4108 3534 4183 ἀνήλωσα.

1957 4183 2173 4252 ΙΆλλως.
2197 4188 2461 4267 Περικλῆς
2485 4195 2592 4255 τοῖς
2618 4188 2817 4269 ἐφόροις
2845 4195 3277 4274 Λακεδαιμονίων
3307 4204 3522 4265 Κλεαν-

1957 4271 2103 4352 δρίδῃ
2129 4270 2220 4331 καὶ
2248 4273 2668 4333 Πλειστοάνακτι
2694 4278 2948 4355 χρήματα
2979 4279 3199 4341 δέδωκεν
3228 4285 3360 4369 ὑπὲρ
3389 4314 3517 4366 προ-
3545 4321 3602 4364 0⁸

1956 4357 2172 4432 δόσεως,
2199 4359 2292 4417 καὶ
2320 4359 2515 4419 τούτων
2545 4361 2924 4439 ἀπαιτούμενος
2952 4367 3054 4426 ὑπὸ
3076 4375 3170 4442 τῆς
3195 4373 3398 4443 πόλεως
3429 4379 3516 4438 λό-

1955 4469 2065 4526 γον,
2088 4448 2182 4505 οὐκ
2194 4445 2346 4514 ἀξιῶν
2357 4447 2542 4507 ἑαυτόν
2555 4472 2612 4507 τε
2639 4449 2730 4509 καὶ
2743 4450 2863 4519 τοὺς
2876 4457 3322 4534 Λακεδαιμονίους
3330 4486 3520 4523 καται-

1954 4533 2397 4613 οχύνειν,ἔλεγεν,
2413 4536 2484 4601 εἷς
2503 4535 2563 4595 τὸ
2582 4535 2695 4595 δέον
2719 4539 2987 4610 ἀνήλωσα.
3009 4550 3161 4605 τοῦτο
3185 4547 3241 4606 δὲ
3252 4549 3456 4626 γνόντες
3467 4557 3516 4611 οἱ

1953 4621 2357 4698 Λακεδαιμόνιοι
2381 4620 2467 4681 τὸν
2498 4621 2594 4700 μὲν
2631 4627 2985 4709 Κλεανδρίδην
3013 4633 3320 4712 ἐφόνευσαν,
3347 4638 3437 4698 τὸν
3457 4640 3516 4701 δὲ

1952 4708 2389 4772 Πλειστοάνακτα
2426 4711 2707 4771 δεκαπέντε
2731 4716 3006 4785 ταλάντοις
3045 4721 3364 4799 ἐζημίωσαν,
3393 4730 3510 4801 οἰη-
3539 4756 3596 4796 ω

1950 4802 2119 4863 θεντες
2146 4795 2361 4873 αὐτοὺς,
2392 4797 2479 4855 διὰ
2504 4797 2565 4856 τὸ
2594 4799 2873 4880 φείσασθαι
2895 4808 2988 4875 τῆς
3015 4808 3200 4879 λοιπῆς
3228 4810 3513 4883 Ἀθηναίων

1947 4890 2071 4963 γῆς,
2109 4883 2571 4965 δωροδοκήσαντας
2623 4889 2686 4946 ἐκ
2720 4893 2814 4962 τῆς
2851 4891 3087 4964 Ἀττικῆς
3144 4898 3509 4980 ἀναχωρῆσαι.

3575 3015 3637 3055 80

383 5017 482 5059 848.
525 4993 642 5056 ἀντὶ
681 4998 773 5053 τοῦ
812 4989 1149 5065 ἀναίσθητος,
1196 4986 1437 5062 ἀνόητος,
1484 4985 1659 5069 παχὺς
1694 4990 1767 5056 εἰς
1805 4994 1867 5054 τὸ
1949 4973 2211 5054 Περαλῆς
2261 4972 2540 5044 Ἀθηναίων
2585 4976 2877 5056 στρατηγὸς
2928 4980 3081 5060 λόγον
3129 4985 3512 5066 ἀπαιτούμενος

301 5092 452 5152 νοεῖν.
481 5104 604 5153 ΒΝ.

1902 5082 1912 5132 3
1946 5060 2080 5158 ,ὑπὲρ
2106 5059 2396 5140 χρημάτων
2420 5060 2509 5119 καὶ
2533 5061 2771 5133 δεδωκὼς
2780 5065 3038 5148 χρήματα
3072 5073 3402 5158 Κλεανδρίδῃ
3427 5085 3509 5162 τῷ
