<?xml version="1.0" encoding="UTF-8"?>
<!DOCTYPE html PUBLIC "-//W3C//DTD XHTML 1.0 Transitional//EN"
    "http://www.w3.org/TR/xhtml1/DTD/xhtml1-transitional.dtd">
<html xmlns="http://www.w3.org/1999/xhtml" xml:lang="en" lang="en">
 <head>
  <title>
</title>
<meta http-equiv="Content-Type" content="text/html;charset=utf-8" />
  <meta name='ocr-system' content='tesseract 3.04.00' />
  <meta name='ocr-capabilities' content='ocr_page ocr_carea ocr_par ocr_line ocrx_word'/>
</head>
<body>
  <div class='ocr_page' id='page_1' title='image "./scholiagraecain02dbgoog_0649.png"; bbox 0 0 3859 5725; ppageno 0'>
   <div class='ocr_carea' id='block_1_1' title="bbox 1751 279 3446 356">
    <p class='ocr_par' dir='ltr' id='par_1_1' title="bbox 1751 279 3446 356">
     <span class='ocr_line' id='line_1_1' title="bbox 1751 279 3446 356; baseline 0.008 -15"><span class='ocrx_word' id='word_1_1' title='bbox 1751 279 2008 350; x_wconf 87' lang='lat' dir='ltr'>PLUTl.</span> <span class='ocrx_word' id='word_1_2' title='bbox 3335 301 3446 356; x_wconf 76' lang='lat'>⁵73</span> 
     </span>
    </p>
   </div>
   <div class='ocr_carea' id='block_1_2' title="bbox 303 412 3448 509">
    <p class='ocr_par' dir='ltr' id='par_1_2' title="bbox 303 412 3448 509">
     <span class='ocr_line' id='line_1_2' title="bbox 303 412 3448 509; baseline -0.002 -23"><span class='ocrx_word' id='word_1_3' title='bbox 303 428 392 495; x_wconf 80' lang='grc' dir='ltr'>δας</span> <span class='ocrx_word' id='word_1_4' title='bbox 421 426 733 509; x_wconf 66' lang='grc' dir='ltr'>βεὸαμμένα</span> <span class='ocrx_word' id='word_1_5' title='bbox 752 423 1081 503; x_wconf 85' lang='grc' dir='ltr'>κλωεμάτια,</span> <span class='ocrx_word' id='word_1_6' title='bbox 1112 418 1265 479; x_wconf 75' lang='grc' dir='ltr'>ἅτινα</span> <span class='ocrx_word' id='word_1_7' title='bbox 1290 420 1345 477; x_wconf 81' lang='grc' dir='ltr'>αῖ</span> <span class='ocrx_word' id='word_1_8' title='bbox 1375 422 1615 496; x_wconf 80' lang='grc' dir='ltr'>γύναῑκες</span> <span class='ocrx_word' id='word_1_9' title='bbox 1639 412 1831 495; x_wconf 79' lang='grc' dir='ltr'>περιά-</span> <span class='ocrx_word' id='word_1_10' title='bbox 1919 427 1980 473; x_wconf 87' lang='lat' dir='ltr'>et</span> <span class='ocrx_word' id='word_1_11' title='bbox 2024 416 2295 499; x_wconf 67' lang='grc' dir='ltr'>σκνιφοδς,</span> <span class='ocrx_word' id='word_1_12' title='bbox 2361 432 2631 498; x_wconf 89' lang='lat' dir='ltr'>tanquam</span> <span class='ocrx_word' id='word_1_13' title='bbox 2674 422 2924 500; x_wconf 80' lang='lat' dir='ltr'>proximi</span> <span class='ocrx_word' id='word_1_14' title='bbox 2981 422 3151 499; x_wconf 88' lang='lat' dir='ltr'>plane</span> <span class='ocrx_word' id='word_1_15' title='bbox 3198 425 3448 502; x_wconf 84' lang='lat' dir='ltr'>generis,</span> 
     </span>
    </p>
   </div>
   <div class='ocr_carea' id='block_1_3' title="bbox 296 506 1833 1470">
    <p class='ocr_par' dir='ltr' id='par_1_3' title="bbox 296 506 1833 1470">
     <span class='ocr_line' id='line_1_3' title="bbox 300 506 1831 589; baseline -0.008 -15"><span class='ocrx_word' id='word_1_16' title='bbox 300 538 509 576; x_wconf 85' lang='grc' dir='ltr'>πτουσι.</span> <span class='ocrx_word' id='word_1_17' title='bbox 576 522 689 575; x_wconf 86' lang='lat' dir='ltr'>Pro</span> <span class='ocrx_word' id='word_1_18' title='bbox 755 512 1063 589; x_wconf 80' lang='grc' dir='ltr'>κλωεμάτια</span> <span class='ocrx_word' id='word_1_19' title='bbox 1099 552 1115 582; x_wconf 93' lang='grc'><strong>,</strong></span> <span class='ocrx_word' id='word_1_20' title='bbox 1161 507 1321 587; x_wconf 89' lang='lat' dir='ltr'>quod</span> <span class='ocrx_word' id='word_1_21' title='bbox 1378 506 1676 564; x_wconf 84' lang='lat' dir='ltr'>Glossario</span> <span class='ocrx_word' id='word_1_22' title='bbox 1724 523 1831 562; x_wconf 88' lang='lat' dir='ltr'>suo</span> 
     </span>
     <span class='ocr_line' id='line_1_4' title="bbox 300 593 1833 674; baseline -0.009 -11"><span class='ocrx_word' id='word_1_23' title='bbox 300 607 551 664; x_wconf 83' lang='lat' dir='ltr'>inserere</span> <span class='ocrx_word' id='word_1_24' title='bbox 596 626 715 663; x_wconf 87' lang='lat' dir='ltr'>non</span> <span class='ocrx_word' id='word_1_25' title='bbox 758 601 1006 660; x_wconf 83' lang='lat' dir='ltr'>debehat</span> <span class='ocrx_word' id='word_1_26' title='bbox 1058 605 1347 674; x_wconf 84' lang='lat' dir='ltr'>Ducang.,</span> <span class='ocrx_word' id='word_1_27' title='bbox 1393 593 1699 671; x_wconf 76' lang='lat' dir='ltr'>legendum</span> <span class='ocrx_word' id='word_1_28' title='bbox 1746 603 1833 651; x_wconf 87' lang='lat' dir='ltr'>est</span> 
     </span>
     <span class='ocr_line' id='line_1_5' title="bbox 301 680 1831 767; baseline -0.008 -18"><span class='ocrx_word' id='word_1_29' title='bbox 301 692 424 750; x_wconf 79' lang='lat' dir='ltr'>sine</span> <span class='ocrx_word' id='word_1_30' title='bbox 453 693 635 751; x_wconf 85' lang='lat' dir='ltr'>dubio</span> <span class='ocrx_word' id='word_1_31' title='bbox 669 689 1159 767; x_wconf 72' lang='grc' dir='ltr'>κλωσμάτια,]ἳ1α,</span> <span class='ocrx_word' id='word_1_32' title='bbox 1188 704 1317 762; x_wconf 86' lang='lat' dir='ltr'>quae</span> <span class='ocrx_word' id='word_1_33' title='bbox 1340 684 1511 740; x_wconf 86' lang='lat' dir='ltr'>variis</span> <span class='ocrx_word' id='word_1_34' title='bbox 1539 680 1831 739; x_wconf 88' lang='lat' dir='ltr'>coloribus</span> 
     </span>
     <span class='ocr_line' id='line_1_6' title="bbox 299 768 1831 855; baseline -0.008 -18"><span class='ocrx_word' id='word_1_35' title='bbox 299 780 514 838; x_wconf 84' lang='lat' dir='ltr'>insecta</span> <span class='ocrx_word' id='word_1_36' title='bbox 559 782 711 839; x_wconf 87' lang='lat' dir='ltr'>collo</span> <span class='ocrx_word' id='word_1_37' title='bbox 762 777 1096 855; x_wconf 79' lang='lat' dir='ltr'>corporisve</span> <span class='ocrx_word' id='word_1_38' title='bbox 1137 771 1402 850; x_wconf 88' lang='lat' dir='ltr'>partibus</span> <span class='ocrx_word' id='word_1_39' title='bbox 1442 770 1568 828; x_wconf 86' lang='lat' dir='ltr'>aliis</span> <span class='ocrx_word' id='word_1_40' title='bbox 1593 768 1831 845; x_wconf 83' lang='lat' dir='ltr'>adligari</span> 
     </span>
     <span class='ocr_line' id='line_1_7' title="bbox 300 857 1831 941; baseline -0.008 -16"><span class='ocrx_word' id='word_1_41' title='bbox 300 867 579 927; x_wconf 89' lang='lat' dir='ltr'>solebant.</span> <span class='ocrx_word' id='word_1_42' title='bbox 615 868 835 927; x_wconf 87' lang='lat' dir='ltr'>Eadem</span> <span class='ocrx_word' id='word_1_43' title='bbox 870 863 1025 941; x_wconf 86' lang='lat' dir='ltr'>apud</span> <span class='ocrx_word' id='word_1_44' title='bbox 1044 860 1302 920; x_wconf 89' lang='lat' dir='ltr'>medicos</span> <span class='ocrx_word' id='word_1_45' title='bbox 1346 860 1516 918; x_wconf 90' lang='lat' dir='ltr'>etiam</span> <span class='ocrx_word' id='word_1_46' title='bbox 1562 857 1831 916; x_wconf 89' lang='lat' dir='ltr'>dicuntur</span> 
     </span>
     <span class='ocr_line' id='line_1_8' title="bbox 299 949 1833 1037; baseline -0.01 -22"><span class='ocrx_word' id='word_1_47' title='bbox 299 955 706 1037; x_wconf 80' lang='grc' dir='ltr'>περιαρτήματα</span> <span class='ocrx_word' id='word_1_48' title='bbox 726 1001 743 1029; x_wconf 92' lang='grc'><strong>,</strong></span> <span class='ocrx_word' id='word_1_49' title='bbox 773 967 830 1012; x_wconf 90' lang='lat' dir='ltr'>et</span> <span class='ocrx_word' id='word_1_50' title='bbox 855 950 1192 1031; x_wconf 75' lang='grc' dir='ltr'>ἕξαρτήματα</span> <span class='ocrx_word' id='word_1_51' title='bbox 1221 949 1486 1006; x_wconf 84' lang='lat' dir='ltr'>TatianO.</span> <span class='ocrx_word' id='word_1_52' title='bbox 1514 949 1735 1005; x_wconf 67' lang='lat' dir='ltr'>Heusr.</span> <span class='ocrx_word' id='word_1_53' title='bbox 1752 976 1833 989; x_wconf 88' lang='lat'>—-·</span> 
     </span>
     <span class='ocr_line' id='line_1_9' title="bbox 302 1034 1826 1122; baseline -0.005 -25"><span class='ocrx_word' id='word_1_54' title='bbox 302 1040 375 1099; x_wconf 83' lang='grc'>52</span> <span class='ocrx_word' id='word_1_55' title='bbox 393 1042 676 1122; x_wconf 81' lang='grc' dir='ltr'>ἐλευθέριος</span> <span class='ocrx_word' id='word_1_56' title='bbox 691 1042 894 1100; x_wconf 85' lang='lat' dir='ltr'>melius</span> <span class='ocrx_word' id='word_1_57' title='bbox 906 1041 1129 1098; x_wconf 82' lang='lat' dir='ltr'>dictum</span> <span class='ocrx_word' id='word_1_58' title='bbox 1149 1036 1321 1094; x_wconf 81' lang='lat' dir='ltr'>fuisse</span> <span class='ocrx_word' id='word_1_59' title='bbox 1336 1034 1585 1093; x_wconf 83' lang='lat' dir='ltr'><strong>ostendit</strong></span> <span class='ocrx_word' id='word_1_60' title='bbox 1606 1038 1826 1092; x_wconf 88' lang='lat' dir='ltr'>Hemst.</span> 
     </span>
     <span class='ocr_line' id='line_1_10' title="bbox 296 1121 1828 1212; baseline -0.006 -24"><span class='ocrx_word' id='word_1_61' title='bbox 296 1164 362 1179; x_wconf 91' lang='lat'>-</span> <span class='ocrx_word' id='word_1_62' title='bbox 391 1130 458 1197; x_wconf 76' lang='lat'>54</span> <span class='ocrx_word' id='word_1_63' title='bbox 485 1131 727 1212; x_wconf 79' lang='grc' dir='ltr'>σκνιφοὺς</span> <span class='ocrx_word' id='word_1_64' title='bbox 756 1128 841 1188; x_wconf 88' lang='lat' dir='ltr'>ed.</span> <span class='ocrx_word' id='word_1_65' title='bbox 865 1128 1034 1186; x_wconf 88' lang='lat' dir='ltr'>Basil.</span> <span class='ocrx_word' id='word_1_66' title='bbox 1061 1121 1221 1203; x_wconf 89' lang='lat' dir='ltr'>quod</span> <span class='ocrx_word' id='word_1_67' title='bbox 1245 1123 1596 1182; x_wconf 82' lang='lat' dir='ltr'><strong>emendatius</strong></span> <span class='ocrx_word' id='word_1_68' title='bbox 1614 1165 1631 1194; x_wconf 91' lang='lat'><strong>,</strong></span> <span class='ocrx_word' id='word_1_69' title='bbox 1673 1142 1828 1199; x_wconf 83' lang='lat' dir='ltr'>prae-</span> 
     </span>
     <span class='ocr_line' id='line_1_11' title="bbox 298 1208 1828 1295; baseline -0.006 -21"><span class='ocrx_word' id='word_1_70' title='bbox 298 1220 493 1275; x_wconf 87' lang='lat' dir='ltr'>sertim</span> <span class='ocrx_word' id='word_1_71' title='bbox 519 1219 564 1275; x_wconf 89' lang='lat' dir='ltr'>si</span> <span class='ocrx_word' id='word_1_72' title='bbox 596 1219 757 1276; x_wconf 85' lang='lat' dir='ltr'>vocis</span> <span class='ocrx_word' id='word_1_73' title='bbox 782 1218 1063 1295; x_wconf 78' lang='lat' dir='ltr'>originem</span> <span class='ocrx_word' id='word_1_74' title='bbox 1088 1212 1350 1273; x_wconf 84' lang='lat' dir='ltr'>attendas</span> <span class='ocrx_word' id='word_1_75' title='bbox 1372 1256 1388 1283; x_wconf 91' lang='lat'>,</span> <span class='ocrx_word' id='word_1_76' title='bbox 1417 1232 1588 1289; x_wconf 90' lang='lat' dir='ltr'>quam</span> <span class='ocrx_word' id='word_1_77' title='bbox 1616 1208 1828 1290; x_wconf 68' lang='grc' dir='ltr'>σκιφοὺς</span> 
     </span>
     <span class='ocr_line' id='line_1_12' title="bbox 296 1299 1829 1382; baseline -0.004 -22"><span class='ocrx_word' id='word_1_78' title='bbox 296 1303 444 1382; x_wconf 79' lang='lat' dir='ltr'>legi,</span> <span class='ocrx_word' id='word_1_79' title='bbox 473 1306 665 1363; x_wconf 86' lang='lat' dir='ltr'>nullus</span> <span class='ocrx_word' id='word_1_80' title='bbox 695 1303 908 1364; x_wconf 81' lang='lat' dir='ltr'>abnuo,</span> <span class='ocrx_word' id='word_1_81' title='bbox 954 1310 1165 1362; x_wconf 84' lang='lat' dir='ltr'>Verum</span> <span class='ocrx_word' id='word_1_82' title='bbox 1212 1315 1400 1359; x_wconf 86' lang='lat' dir='ltr'>tamen</span> <span class='ocrx_word' id='word_1_83' title='bbox 1437 1299 1569 1357; x_wconf 91' lang='lat' dir='ltr'>ideo</span> <span class='ocrx_word' id='word_1_84' title='bbox 1600 1299 1829 1378; x_wconf 89' lang='lat' dir='ltr'>penitus</span> 
     </span>
     <span class='ocr_line' id='line_1_13' title="bbox 296 1387 1827 1470; baseline -0.004 -22"><span class='ocrx_word' id='word_1_85' title='bbox 296 1393 739 1470; x_wconf 80' lang='lat' dir='ltr'>improbandam</span> <span class='ocrx_word' id='word_1_86' title='bbox 774 1412 898 1450; x_wconf 86' lang='lat' dir='ltr'>esse</span> <span class='ocrx_word' id='word_1_87' title='bbox 925 1411 1041 1449; x_wconf 90' lang='lat' dir='ltr'>non</span> <span class='ocrx_word' id='word_1_88' title='bbox 1072 1389 1451 1447; x_wconf 84' lang='lat' dir='ltr'>concesserim</span> <span class='ocrx_word' id='word_1_89' title='bbox 1483 1387 1827 1463; x_wconf 81' lang='lat' dir='ltr'>scripturam</span> 
     </span>
    </p>
   </div>
   <div class='ocr_carea' id='block_1_4' title="bbox 193 1476 1826 1558">
    <p class='ocr_par' dir='ltr' id='par_1_4' title="bbox 193 1476 1826 1558">
     <span class='ocr_line' id='line_1_14' title="bbox 193 1476 1826 1558; baseline -0.004 -20"><span class='ocrx_word' id='word_1_90' title='bbox 193 1477 199 1483; x_wconf 51' lang='lat'>⁴</span> <span class='ocrx_word' id='word_1_91' title='bbox 294 1493 586 1554; x_wconf 79' lang='lat' dir='ltr'>veterem,</span> <span class='ocrx_word' id='word_1_92' title='bbox 626 1500 799 1558; x_wconf 87' lang='lat' dir='ltr'>quam</span> <span class='ocrx_word' id='word_1_93' title='bbox 832 1480 1032 1558; x_wconf 77' lang='lat' dir='ltr'>gennit</span> <span class='ocrx_word' id='word_1_94' title='bbox 1079 1478 1316 1536; x_wconf 76' lang='lat' dir='ltr'>forsitan</span> <span class='ocrx_word' id='word_1_95' title='bbox 1357 1491 1530 1552; x_wconf 87' lang='lat' dir='ltr'>atque</span> <span class='ocrx_word' id='word_1_96' title='bbox 1561 1476 1618 1532; x_wconf 86' lang='lat' dir='ltr'>in</span> <span class='ocrx_word' id='word_1_97' title='bbox 1660 1493 1826 1532; x_wconf 86' lang='lat' dir='ltr'>usum</span> 
     </span>
    </p>
   </div>
   <div class='ocr_carea' id='block_1_5' title="bbox 291 1563 1831 4730">
    <p class='ocr_par' dir='ltr' id='par_1_5' title="bbox 291 1563 1831 4730">
     <span class='ocr_line' id='line_1_15' title="bbox 293 1563 1820 1646; baseline -0.004 -21"><span class='ocrx_word' id='word_1_98' title='bbox 293 1569 453 1646; x_wconf 84' lang='lat' dir='ltr'>vulgi</span> <span class='ocrx_word' id='word_1_99' title='bbox 489 1569 765 1645; x_wconf 81' lang='lat' dir='ltr'>produxit</span> <span class='ocrx_word' id='word_1_100' title='bbox 784 1567 1113 1645; x_wconf 84' lang='lat' dir='ltr'>expeditior</span> <span class='ocrx_word' id='word_1_101' title='bbox 1142 1563 1564 1644; x_wconf 86' lang='lat' dir='ltr'>pronunciandi</span> <span class='ocrx_word' id='word_1_102' title='bbox 1600 1582 1820 1621; x_wconf 88' lang='lat' dir='ltr'>cursus.</span> 
     </span>
     <span class='ocr_line' id='line_1_16' title="bbox 294 1649 1827 1731; baseline -0.005 -16"><span class='ocrx_word' id='word_1_103' title='bbox 294 1656 618 1731; x_wconf 83' lang='lat' dir='ltr'>Hesychius</span> <span class='ocrx_word' id='word_1_104' title='bbox 640 1667 797 1713; x_wconf 88' lang='lat' dir='ltr'>certe</span> <span class='ocrx_word' id='word_1_105' title='bbox 825 1675 942 1712; x_wconf 87' lang='lat' dir='ltr'>non</span> <span class='ocrx_word' id='word_1_106' title='bbox 976 1665 1195 1711; x_wconf 87' lang='lat' dir='ltr'>tantum</span> <span class='ocrx_word' id='word_1_107' title='bbox 1218 1651 1449 1712; x_wconf 80' lang='grc' dir='ltr'>Σκνιπὸν</span> <span class='ocrx_word' id='word_1_108' title='bbox 1470 1696 1487 1725; x_wconf 85' lang='grc'><strong>,</strong></span> <span class='ocrx_word' id='word_1_109' title='bbox 1518 1649 1827 1731; x_wconf 82' lang='grc' dir='ltr'>μικρολόγον</span> 
     </span>
     <span class='ocr_line' id='line_1_17' title="bbox 295 1737 1827 1820; baseline -0.003 -19"><span class='ocrx_word' id='word_1_110' title='bbox 295 1743 635 1816; x_wconf 83' lang='lat' dir='ltr'>adnotavit,</span> <span class='ocrx_word' id='word_1_111' title='bbox 679 1743 779 1802; x_wconf 84' lang='lat' dir='ltr'>sed</span> <span class='ocrx_word' id='word_1_112' title='bbox 813 1744 984 1801; x_wconf 89' lang='lat' dir='ltr'>etiam</span> <span class='ocrx_word' id='word_1_113' title='bbox 1017 1738 1244 1814; x_wconf 81' lang='grc' dir='ltr'>Σκιπὸς,</span> <span class='ocrx_word' id='word_1_114' title='bbox 1274 1738 1486 1820; x_wconf 84' lang='grc' dir='ltr'>σκνιφὸς</span> <span class='ocrx_word' id='word_1_115' title='bbox 1514 1742 1543 1796; x_wconf 81' lang='grc' dir='ltr'>ὁ</span> <span class='ocrx_word' id='word_1_116' title='bbox 1574 1737 1827 1820; x_wconf 79' lang='grc' dir='ltr'>μικρολό-</span> 
     </span>
     <span class='ocr_line' id='line_1_18' title="bbox 294 1826 1829 1909; baseline -0.003 -20"><span class='ocrx_word' id='word_1_117' title='bbox 294 1854 411 1904; x_wconf 89' lang='grc' dir='ltr'>γος·</span> <span class='ocrx_word' id='word_1_118' title='bbox 444 1851 792 1909; x_wconf 87' lang='lat' dir='ltr'>quamquam</span> <span class='ocrx_word' id='word_1_119' title='bbox 816 1830 955 1889; x_wconf 88' lang='lat' dir='ltr'>alibi</span> <span class='ocrx_word' id='word_1_120' title='bbox 984 1831 1196 1907; x_wconf 71' lang='lat' dir='ltr'>saepius</span> <span class='ocrx_word' id='word_1_121' title='bbox 1220 1830 1344 1906; x_wconf 86' lang='lat' dir='ltr'>ipse</span> <span class='ocrx_word' id='word_1_122' title='bbox 1372 1826 1582 1908; x_wconf 71' lang='grc' dir='ltr'>σκνιερὸς</span> <span class='ocrx_word' id='word_1_123' title='bbox 1601 1840 1663 1885; x_wconf 93' lang='lat' dir='ltr'>et</span> <span class='ocrx_word' id='word_1_124' title='bbox 1690 1849 1829 1885; x_wconf 82' lang='grc' dir='ltr'>σκνι-</span> 
     </span>
     <span class='ocr_line' id='line_1_19' title="bbox 295 1914 1825 1999; baseline -0.001 -22"><span class='ocrx_word' id='word_1_125' title='bbox 295 1922 403 1997; x_wconf 76' lang='grc' dir='ltr'>φῶς</span> <span class='ocrx_word' id='word_1_126' title='bbox 434 1934 675 1998; x_wconf 86' lang='lat' dir='ltr'>usurpet</span> <span class='ocrx_word' id='word_1_127' title='bbox 713 1921 773 1978; x_wconf 88' lang='lat' dir='ltr'>in</span> <span class='ocrx_word' id='word_1_128' title='bbox 823 1918 1117 1999; x_wconf 78' lang='grc' dir='ltr'>Γλίσχρος,</span> <span class='ocrx_word' id='word_1_129' title='bbox 1164 1914 1500 1995; x_wconf 83' lang='grc' dir='ltr'>Ὀλιγώρως,</span> <span class='ocrx_word' id='word_1_130' title='bbox 1538 1914 1825 1981; x_wconf 86' lang='grc' dir='ltr'>Φειδωλός.</span> 
     </span>
     <span class='ocr_line' id='line_1_20' title="bbox 296 2004 1829 2084; baseline -0.001 -19"><span class='ocrx_word' id='word_1_131' title='bbox 296 2006 488 2065; x_wconf 83' lang='lat' dir='ltr'>Suidae</span> <span class='ocrx_word' id='word_1_132' title='bbox 514 2007 750 2084; x_wconf 84' lang='lat' dir='ltr'>quidem</span> <span class='ocrx_word' id='word_1_133' title='bbox 778 2006 1171 2065; x_wconf 86' lang='lat' dir='ltr'>testimonium</span> <span class='ocrx_word' id='word_1_134' title='bbox 1196 2005 1278 2062; x_wconf 89' lang='lat' dir='ltr'>ita</span> <span class='ocrx_word' id='word_1_135' title='bbox 1305 2004 1578 2061; x_wconf 86' lang='lat' dir='ltr'>disertum</span> <span class='ocrx_word' id='word_1_136' title='bbox 1596 2047 1613 2075; x_wconf 90' lang='lat'>‚</span> <span class='ocrx_word' id='word_1_137' title='bbox 1634 2017 1702 2061; x_wconf 87' lang='lat' dir='ltr'>ut</span> <span class='ocrx_word' id='word_1_138' title='bbox 1721 2004 1829 2063; x_wconf 90' lang='lat' dir='ltr'>du-</span> 
     </span>
     <span class='ocr_line' id='line_1_21' title="bbox 298 2094 1825 2177; baseline 0.001 -24"><span class='ocrx_word' id='word_1_139' title='bbox 298 2095 520 2154; x_wconf 89' lang='lat' dir='ltr'>bitandi</span> <span class='ocrx_word' id='word_1_140' title='bbox 552 2099 712 2155; x_wconf 85' lang='lat' dir='ltr'>locus</span> <span class='ocrx_word' id='word_1_141' title='bbox 740 2117 859 2155; x_wconf 89' lang='lat' dir='ltr'>non</span> <span class='ocrx_word' id='word_1_142' title='bbox 889 2098 963 2155; x_wconf 87' lang='lat' dir='ltr'>sit</span> <span class='ocrx_word' id='word_1_143' title='bbox 994 2119 1008 2154; x_wconf 72' lang='grc' dir='ltr'>ε</span> <span class='ocrx_word' id='word_1_144' title='bbox 1040 2094 1272 2177; x_wconf 74' lang='grc' dir='ltr'>Σκιιρὸς,</span> <span class='ocrx_word' id='word_1_145' title='bbox 1306 2098 1334 2153; x_wconf 83' lang='grc' dir='ltr'>ὁ</span> <span class='ocrx_word' id='word_1_146' title='bbox 1359 2098 1484 2175; x_wconf 88' lang='grc' dir='ltr'>παρ’</span> <span class='ocrx_word' id='word_1_147' title='bbox 1510 2098 1638 2171; x_wconf 82' lang='grc' dir='ltr'>ἡμῖν</span> <span class='ocrx_word' id='word_1_148' title='bbox 1667 2096 1825 2174; x_wconf 87' lang='grc' dir='ltr'>λεγό-</span> 
     </span>
     <span class='ocr_line' id='line_1_22' title="bbox 298 2182 1828 2261; baseline 0.002 -21"><span class='ocrx_word' id='word_1_149' title='bbox 298 2205 451 2261; x_wconf 89' lang='grc' dir='ltr'>μενος</span> <span class='ocrx_word' id='word_1_150' title='bbox 474 2182 706 2250; x_wconf 82' lang='grc' dir='ltr'>σκνιπός.</span> <span class='ocrx_word' id='word_1_151' title='bbox 738 2190 941 2261; x_wconf 89' lang='lat' dir='ltr'>Neque</span> <span class='ocrx_word' id='word_1_152' title='bbox 964 2182 1229 2255; x_wconf 87' lang='lat' dir='ltr'>aliunde,</span> <span class='ocrx_word' id='word_1_153' title='bbox 1278 2202 1369 2241; x_wconf 89' lang='lat' dir='ltr'>me</span> <span class='ocrx_word' id='word_1_154' title='bbox 1409 2182 1610 2259; x_wconf 89' lang='lat' dir='ltr'>judice</span> <span class='ocrx_word' id='word_1_155' title='bbox 1630 2228 1649 2257; x_wconf 84' lang='lat'><strong>,</strong></span> <span class='ocrx_word' id='word_1_156' title='bbox 1693 2198 1828 2243; x_wconf 89' lang='lat' dir='ltr'>sunt</span> 
     </span>
     <span class='ocr_line' id='line_1_23' title="bbox 296 2268 1826 2351; baseline 0.001 -24"><span class='ocrx_word' id='word_1_157' title='bbox 296 2271 677 2349; x_wconf 85' lang='lat' dir='ltr'>explanandi,</span> <span class='ocrx_word' id='word_1_158' title='bbox 709 2292 856 2350; x_wconf 85' lang='lat' dir='ltr'>quos</span> <span class='ocrx_word' id='word_1_159' title='bbox 887 2276 1133 2331; x_wconf 87' lang='lat' dir='ltr'>Crantor</span> <span class='ocrx_word' id='word_1_160' title='bbox 1166 2269 1451 2340; x_wconf 86' lang='lat' dir='ltr'>vocabat,</span> <span class='ocrx_word' id='word_1_161' title='bbox 1481 2268 1671 2351; x_wconf 79' lang='grc' dir='ltr'>σκίφης</span> <span class='ocrx_word' id='word_1_162' title='bbox 1723 2291 1826 2345; x_wconf 78' lang='grc' dir='ltr'>με·</span> 
     </span>
     <span class='ocr_line' id='line_1_24' title="bbox 297 2356 1822 2437; baseline -0.001 -21"><span class='ocrx_word' id='word_1_163' title='bbox 297 2356 409 2416; x_wconf 82' lang='grc' dir='ltr'>στοὶ</span> <span class='ocrx_word' id='word_1_164' title='bbox 435 2357 606 2437; x_wconf 84' lang='grc' dir='ltr'>στίχοι</span> <span class='ocrx_word' id='word_1_165' title='bbox 635 2359 790 2436; x_wconf 90' lang='lat' dir='ltr'>apud</span> <span class='ocrx_word' id='word_1_166' title='bbox 821 2360 1066 2437; x_wconf 83' lang='lat' dir='ltr'>Diogen.</span> <span class='ocrx_word' id='word_1_167' title='bbox 1091 2368 1148 2432; x_wconf 99' lang='grc'>4,</span> <span class='ocrx_word' id='word_1_168' title='bbox 1173 2378 1269 2432; x_wconf 87' lang='grc'>27,</span> <span class='ocrx_word' id='word_1_169' title='bbox 1299 2377 1547 2435; x_wconf 87' lang='lat' dir='ltr'>quorum</span> <span class='ocrx_word' id='word_1_170' title='bbox 1575 2369 1822 2415; x_wconf 88' lang='lat' dir='ltr'>mentem</span> 
     </span>
     <span class='ocr_line' id='line_1_25' title="bbox 295 2446 1825 2525; baseline -0.001 -21"><span class='ocrx_word' id='word_1_171' title='bbox 295 2448 453 2505; x_wconf 84' lang='lat' dir='ltr'>solus</span> <span class='ocrx_word' id='word_1_172' title='bbox 479 2448 800 2525; x_wconf 87' lang='lat' dir='ltr'>percepisse</span> <span class='ocrx_word' id='word_1_173' title='bbox 821 2447 962 2505; x_wconf 88' lang='lat' dir='ltr'>mihi</span> <span class='ocrx_word' id='word_1_174' title='bbox 990 2446 1224 2506; x_wconf 87' lang='lat' dir='ltr'>videtur</span> <span class='ocrx_word' id='word_1_175' title='bbox 1255 2447 1539 2505; x_wconf 73' lang='lat' dir='ltr'>Kiihnius.</span> <span class='ocrx_word' id='word_1_176' title='bbox 1565 2446 1825 2504; x_wconf 87' lang='lat' dir='ltr'>Indidem</span> 
     </span>
     <span class='ocr_line' id='line_1_26' title="bbox 296 2532 1824 2617; baseline -0.001 -25"><span class='ocrx_word' id='word_1_177' title='bbox 296 2537 487 2594; x_wconf 86' lang='lat' dir='ltr'>oritur</span> <span class='ocrx_word' id='word_1_178' title='bbox 510 2537 694 2617; x_wconf 76' lang='grc' dir='ltr'>σκιφία</span> <span class='ocrx_word' id='word_1_179' title='bbox 724 2536 813 2593; x_wconf 90' lang='lat' dir='ltr'>vel</span> <span class='ocrx_word' id='word_1_180' title='bbox 844 2532 1059 2616; x_wconf 77' lang='grc' dir='ltr'>σκιιρεία</span> <span class='ocrx_word' id='word_1_181' title='bbox 1079 2579 1098 2608; x_wconf 91' lang='grc'><strong>,</strong></span> <span class='ocrx_word' id='word_1_182' title='bbox 1123 2534 1280 2611; x_wconf 91' lang='lat' dir='ltr'>quod</span> <span class='ocrx_word' id='word_1_183' title='bbox 1310 2535 1369 2592; x_wconf 92' lang='lat' dir='ltr'>in</span> <span class='ocrx_word' id='word_1_184' title='bbox 1398 2535 1671 2612; x_wconf 86' lang='lat' dir='ltr'>Hesychii</span> <span class='ocrx_word' id='word_1_185' title='bbox 1698 2536 1824 2592; x_wconf 90' lang='lat' dir='ltr'>loco</span> 
     </span>
     <span class='ocr_line' id='line_1_27' title="bbox 293 2620 1823 2700; baseline 0 -20"><span class='ocrx_word' id='word_1_186' title='bbox 293 2623 501 2682; x_wconf 88' lang='lat' dir='ltr'>leviter</span> <span class='ocrx_word' id='word_1_187' title='bbox 524 2623 749 2682; x_wconf 89' lang='lat' dir='ltr'>adfecto</span> <span class='ocrx_word' id='word_1_188' title='bbox 787 2621 1207 2682; x_wconf 85' lang='lat' dir='ltr'>restituendum</span> <span class='ocrx_word' id='word_1_189' title='bbox 1243 2622 1497 2682; x_wconf 87' lang='lat' dir='ltr'>arbitror</span> <span class='ocrx_word' id='word_1_190' title='bbox 1533 2644 1546 2679; x_wconf 73' lang='grc' dir='ltr'>ε</span> <span class='ocrx_word' id='word_1_191' title='bbox 1577 2620 1783 2700; x_wconf 76' lang='grc' dir='ltr'>Κιμὸία</span> <span class='ocrx_word' id='word_1_192' title='bbox 1806 2666 1823 2696; x_wconf 96' lang='grc'><strong>,</strong></span> 
     </span>
     <span class='ocr_line' id='line_1_28' title="bbox 293 2711 1824 2793; baseline 0.001 -23"><span class='ocrx_word' id='word_1_193' title='bbox 293 2711 517 2793; x_wconf 80' lang='grc' dir='ltr'>σκυφία,</span> <span class='ocrx_word' id='word_1_194' title='bbox 548 2712 891 2793; x_wconf 75' lang='grc' dir='ltr'>μικρολογία·</span> <span class='ocrx_word' id='word_1_195' title='bbox 917 2712 1180 2793; x_wconf 67' lang='lat' dir='ltr'>quamvis</span> <span class='ocrx_word' id='word_1_196' title='bbox 1210 2713 1363 2771; x_wconf 87' lang='lat' dir='ltr'>enim</span> <span class='ocrx_word' id='word_1_197' title='bbox 1396 2711 1605 2791; x_wconf 89' lang='lat' dir='ltr'>aliquis</span> <span class='ocrx_word' id='word_1_198' title='bbox 1629 2712 1824 2791; x_wconf 90' lang='lat' dir='ltr'>suspi-</span> 
     </span>
     <span class='ocr_line' id='line_1_29' title="bbox 293 2802 1820 2881; baseline 0.003 -23"><span class='ocrx_word' id='word_1_199' title='bbox 293 2802 412 2860; x_wconf 84' lang='lat' dir='ltr'>cari</span> <span class='ocrx_word' id='word_1_200' title='bbox 436 2802 647 2879; x_wconf 82' lang='lat' dir='ltr'>possit,</span> <span class='ocrx_word' id='word_1_201' title='bbox 682 2802 1009 2860; x_wconf 83' lang='lat' dir='ltr'>confudisse</span> <span class='ocrx_word' id='word_1_202' title='bbox 1054 2802 1528 2881; x_wconf 83' lang='lat' dir='ltr'>lexicographum</span> <span class='ocrx_word' id='word_1_203' title='bbox 1551 2846 1569 2876; x_wconf 86' lang='lat'>‚</span> <span class='ocrx_word' id='word_1_204' title='bbox 1605 2815 1668 2860; x_wconf 88' lang='lat' dir='ltr'>ut</span> <span class='ocrx_word' id='word_1_205' title='bbox 1690 2824 1820 2862; x_wconf 88' lang='lat' dir='ltr'>cre-</span> 
     </span>
     <span class='ocr_line' id='line_1_30' title="bbox 291 2888 1825 2969; baseline 0.001 -22"><span class='ocrx_word' id='word_1_206' title='bbox 291 2888 545 2947; x_wconf 84' lang='lat' dir='ltr'>berrime</span> <span class='ocrx_word' id='word_1_207' title='bbox 577 2890 753 2962; x_wconf 87' lang='lat' dir='ltr'>solet,</span> <span class='ocrx_word' id='word_1_208' title='bbox 801 2889 868 2949; x_wconf 79' lang='grc' dir='ltr'>τὰ</span> <span class='ocrx_word' id='word_1_209' title='bbox 895 2889 1128 2969; x_wconf 75' lang='grc' dir='ltr'>κυμὸία,</span> <span class='ocrx_word' id='word_1_210' title='bbox 1167 2893 1380 2968; x_wconf 87' lang='lat' dir='ltr'>quibus</span> <span class='ocrx_word' id='word_1_211' title='bbox 1421 2892 1825 2969; x_wconf 85' lang='lat' dir='ltr'>interpretatio</span> 
     </span>
     <span class='ocr_line' id='line_1_31' title="bbox 293 2978 1823 3058; baseline 0.002 -23"><span class='ocrx_word' id='word_1_212' title='bbox 293 2979 487 3058; x_wconf 79' lang='grc' dir='ltr'>σκυφία</span> <span class='ocrx_word' id='word_1_213' title='bbox 517 2999 635 3036; x_wconf 88' lang='lat' dir='ltr'>nou</span> <span class='ocrx_word' id='word_1_214' title='bbox 664 2981 857 3056; x_wconf 87' lang='lat' dir='ltr'>inepte</span> <span class='ocrx_word' id='word_1_215' title='bbox 886 2981 1228 3052; x_wconf 82' lang='lat' dir='ltr'>conveniat,</span> <span class='ocrx_word' id='word_1_216' title='bbox 1274 2992 1332 3036; x_wconf 87' lang='lat' dir='ltr'>et</span> <span class='ocrx_word' id='word_1_217' title='bbox 1358 2978 1453 3050; x_wconf 79' lang='grc' dir='ltr'>τὴν</span> <span class='ocrx_word' id='word_1_218' title='bbox 1488 2978 1705 3055; x_wconf 75' lang='grc' dir='ltr'>κιμὸίαν</span> <span class='ocrx_word' id='word_1_219' title='bbox 1736 2982 1823 3038; x_wconf 83' lang='lat' dir='ltr'>vel</span> 
     </span>
     <span class='ocr_line' id='line_1_32' title="bbox 293 3065 1823 3144; baseline 0.001 -21"><span class='ocrx_word' id='word_1_220' title='bbox 293 3065 537 3142; x_wconf 74' lang='grc' dir='ltr'>κιμὸείαν</span> <span class='ocrx_word' id='word_1_221' title='bbox 560 3110 575 3137; x_wconf 91' lang='grc'><strong>,</strong></span> <span class='ocrx_word' id='word_1_222' title='bbox 602 3068 753 3124; x_wconf 87' lang='lat' dir='ltr'>malo</span> <span class='ocrx_word' id='word_1_223' title='bbox 791 3082 976 3123; x_wconf 88' lang='lat' dir='ltr'>tamen</span> <span class='ocrx_word' id='word_1_224' title='bbox 1004 3066 1176 3123; x_wconf 88' lang='lat' dir='ltr'>unius</span> <span class='ocrx_word' id='word_1_225' title='bbox 1205 3067 1386 3123; x_wconf 82' lang='lat' dir='ltr'>literae</span> <span class='ocrx_word' id='word_1_226' title='bbox 1419 3085 1601 3144; x_wconf 89' lang='lat' dir='ltr'>prona</span> <span class='ocrx_word' id='word_1_227' title='bbox 1631 3080 1823 3125; x_wconf 77' lang='lat' dir='ltr'>muta—</span> 
     </span>
     <span class='ocr_line' id='line_1_33' title="bbox 295 3151 1826 3233; baseline 0.003 -23"><span class='ocrx_word' id='word_1_228' title='bbox 295 3154 453 3211; x_wconf 89' lang='lat' dir='ltr'>tione</span> <span class='ocrx_word' id='word_1_229' title='bbox 492 3153 663 3229; x_wconf 87' lang='lat' dir='ltr'>hujus</span> <span class='ocrx_word' id='word_1_230' title='bbox 697 3154 909 3211; x_wconf 87' lang='lat' dir='ltr'>erroris</span> <span class='ocrx_word' id='word_1_231' title='bbox 948 3174 1078 3212; x_wconf 90' lang='lat' dir='ltr'>eum</span> <span class='ocrx_word' id='word_1_232' title='bbox 1104 3151 1411 3213; x_wconf 83' lang='lat' dir='ltr'>absolvi....</span> <span class='ocrx_word' id='word_1_233' title='bbox 1443 3154 1826 3233; x_wconf 84' lang='lat' dir='ltr'>Theophanes</span> 
     </span>
     <span class='ocr_line' id='line_1_34' title="bbox 294 3238 1826 3321; baseline 0 -20"><span class='ocrx_word' id='word_1_234' title='bbox 294 3242 617 3316; x_wconf 80' lang='lat' dir='ltr'>Chronogr.</span> <span class='ocrx_word' id='word_1_235' title='bbox 644 3261 703 3319; x_wconf 92' lang='lat' dir='ltr'>p.</span> <span class='ocrx_word' id='word_1_236' title='bbox 737 3242 871 3314; x_wconf 88' lang='grc'><strong>248,</strong></span> <span class='ocrx_word' id='word_1_237' title='bbox 906 3244 971 3312; x_wconf 88' lang='grc' dir='ltr'>Β,</span> <span class='ocrx_word' id='word_1_238' title='bbox 1000 3238 1203 3318; x_wconf 79' lang='grc' dir='ltr'>ἐγένετο</span> <span class='ocrx_word' id='word_1_239' title='bbox 1229 3240 1283 3299; x_wconf 78' lang='grc' dir='ltr'>δὲ</span> <span class='ocrx_word' id='word_1_240' title='bbox 1305 3242 1359 3298; x_wconf 80' lang='grc' dir='ltr'>ἐν</span> <span class='ocrx_word' id='word_1_241' title='bbox 1393 3244 1467 3320; x_wconf 82' lang='grc' dir='ltr'>τῷ</span> <span class='ocrx_word' id='word_1_242' title='bbox 1498 3241 1673 3321; x_wconf 80' lang='grc' dir='ltr'>χρόνῳ</span> <span class='ocrx_word' id='word_1_243' title='bbox 1705 3241 1826 3301; x_wconf 85' lang='grc' dir='ltr'>τού-</span> 
     </span>
     <span class='ocr_line' id='line_1_35' title="bbox 292 3325 1822 3410; baseline 0.001 -22"><span class='ocrx_word' id='word_1_244' title='bbox 292 3354 369 3410; x_wconf 84' lang='grc' dir='ltr'>τῳ</span> <span class='ocrx_word' id='word_1_245' title='bbox 404 3325 709 3398; x_wconf 83' lang='grc' dir='ltr'>θανατικὸν,</span> <span class='ocrx_word' id='word_1_246' title='bbox 754 3328 846 3385; x_wconf 83' lang='grc' dir='ltr'>καὶ</span> <span class='ocrx_word' id='word_1_247' title='bbox 892 3329 1076 3386; x_wconf 88' lang='grc' dir='ltr'>κνιπία</span> <span class='ocrx_word' id='word_1_248' title='bbox 1104 3327 1297 3394; x_wconf 81' lang='grc' dir='ltr'>παντὸς</span> <span class='ocrx_word' id='word_1_249' title='bbox 1342 3327 1507 3395; x_wconf 77' lang='grc' dir='ltr'>εἴδους</span> <span class='ocrx_word' id='word_1_250' title='bbox 1532 3352 1545 3366; x_wconf 88' lang='grc'><em>·</em></span> <span class='ocrx_word' id='word_1_251' title='bbox 1576 3350 1822 3407; x_wconf 85' lang='lat' dir='ltr'>quorum</span> 
     </span>
     <span class='ocr_line' id='line_1_36' title="bbox 295 3415 1824 3496; baseline 0.001 -20"><span class='ocrx_word' id='word_1_252' title='bbox 295 3428 602 3496; x_wconf 83' lang='lat' dir='ltr'>propterea</span> <span class='ocrx_word' id='word_1_253' title='bbox 624 3416 969 3474; x_wconf 89' lang='lat' dir='ltr'>mentionem</span> <span class='ocrx_word' id='word_1_254' title='bbox 991 3436 1062 3473; x_wconf 88' lang='lat' dir='ltr'>eo</span> <span class='ocrx_word' id='word_1_255' title='bbox 1076 3415 1350 3474; x_wconf 88' lang='lat' dir='ltr'>libentius</span> <span class='ocrx_word' id='word_1_256' title='bbox 1365 3416 1493 3489; x_wconf 84' lang='lat' dir='ltr'>feci,</span> <span class='ocrx_word' id='word_1_257' title='bbox 1522 3429 1642 3475; x_wconf 88' lang='lat' dir='ltr'>tum</span> <span class='ocrx_word' id='word_1_258' title='bbox 1669 3420 1824 3496; x_wconf 89' lang='lat' dir='ltr'>quod</span> 
     </span>
     <span class='ocr_line' id='line_1_37' title="bbox 295 3501 1823 3565; baseline 0.002 -3"><span class='ocrx_word' id='word_1_259' title='bbox 295 3504 464 3562; x_wconf 89' lang='lat' dir='ltr'>codd.</span> <span class='ocrx_word' id='word_1_260' title='bbox 511 3502 591 3561; x_wconf 93' lang='lat' dir='ltr'>ibi</span> <span class='ocrx_word' id='word_1_261' title='bbox 630 3501 921 3560; x_wconf 86' lang='lat' dir='ltr'>scribendi</span> <span class='ocrx_word' id='word_1_262' title='bbox 967 3504 1027 3560; x_wconf 92' lang='lat' dir='ltr'>in</span> <span class='ocrx_word' id='word_1_263' title='bbox 1073 3504 1186 3561; x_wconf 90' lang='lat' dir='ltr'>isto</span> <span class='ocrx_word' id='word_1_264' title='bbox 1215 3504 1448 3560; x_wconf 92' lang='lat' dir='ltr'>nomine</span> <span class='ocrx_word' id='word_1_265' title='bbox 1490 3505 1823 3565; x_wconf 84' lang='lat' dir='ltr'>varietatem</span> 
     </span>
     <span class='ocr_line' id='line_1_38' title="bbox 295 3590 1825 3671; baseline -0.001 -20"><span class='ocrx_word' id='word_1_266' title='bbox 295 3593 447 3651; x_wconf 89' lang='lat' dir='ltr'>clare</span> <span class='ocrx_word' id='word_1_267' title='bbox 471 3591 807 3668; x_wconf 82' lang='lat' dir='ltr'>designent3</span> <span class='ocrx_word' id='word_1_268' title='bbox 841 3611 975 3649; x_wconf 88' lang='lat' dir='ltr'>nam</span> <span class='ocrx_word' id='word_1_269' title='bbox 1005 3592 1165 3650; x_wconf 79' lang='lat' dir='ltr'>velut</span> <span class='ocrx_word' id='word_1_270' title='bbox 1190 3612 1224 3649; x_wconf 88' lang='lat' dir='ltr'>a</span> <span class='ocrx_word' id='word_1_271' title='bbox 1253 3590 1465 3664; x_wconf 79' lang='grc' dir='ltr'>κνιπὸς,</span> <span class='ocrx_word' id='word_1_272' title='bbox 1491 3593 1646 3669; x_wconf 89' lang='lat' dir='ltr'>quod</span> <span class='ocrx_word' id='word_1_273' title='bbox 1684 3598 1825 3671; x_wconf 80' lang='lat' dir='ltr'>Ety-</span> 
     </span>
     <span class='ocr_line' id='line_1_39' title="bbox 296 3676 1827 3756; baseline 0.002 -19"><span class='ocrx_word' id='word_1_274' title='bbox 296 3681 560 3756; x_wconf 81' lang='lat' dir='ltr'>mologus</span> <span class='ocrx_word' id='word_1_275' title='bbox 581 3678 757 3737; x_wconf 88' lang='lat' dir='ltr'>habet</span> <span class='ocrx_word' id='word_1_276' title='bbox 773 3699 830 3737; x_wconf 84' lang='lat' dir='ltr'>v.</span> <span class='ocrx_word' id='word_1_277' title='bbox 853 3676 1146 3755; x_wconf 81' lang='grc' dir='ltr'>ψειδωλὸς,</span> <span class='ocrx_word' id='word_1_278' title='bbox 1171 3680 1229 3737; x_wconf 90' lang='lat' dir='ltr'>in</span> <span class='ocrx_word' id='word_1_279' title='bbox 1250 3679 1566 3737; x_wconf 86' lang='lat' dir='ltr'>editionem</span> <span class='ocrx_word' id='word_1_280' title='bbox 1587 3679 1827 3740; x_wconf 81' lang='lat' dir='ltr'>defluxit</span> 
     </span>
     <span class='ocr_line' id='line_1_40' title="bbox 296 3766 1822 3844; baseline 0.002 -19"><span class='ocrx_word' id='word_1_281' title='bbox 296 3789 368 3825; x_wconf 81' lang='lat' dir='ltr'>ex</span> <span class='ocrx_word' id='word_1_282' title='bbox 408 3768 606 3844; x_wconf 85' lang='lat' dir='ltr'>Regiis</span> <span class='ocrx_word' id='word_1_283' title='bbox 636 3766 996 3826; x_wconf 75' lang='lat' dir='ltr'>membranis</span> <span class='ocrx_word' id='word_1_284' title='bbox 1025 3767 1244 3842; x_wconf 86' lang='grc' dir='ltr'>κνιπία,</span> <span class='ocrx_word' id='word_1_285' title='bbox 1291 3769 1371 3825; x_wconf 85' lang='grc' dir='ltr'><strong>5ἱο</strong></span> <span class='ocrx_word' id='word_1_286' title='bbox 1419 3788 1452 3826; x_wconf 90' lang='lat' dir='ltr'>a</span> <span class='ocrx_word' id='word_1_287' title='bbox 1480 3768 1695 3836; x_wconf 81' lang='grc' dir='ltr'>σκνιπὸς</span> <span class='ocrx_word' id='word_1_288' title='bbox 1733 3772 1822 3828; x_wconf 82' lang='lat' dir='ltr'>vel</span> 
     </span>
     <span class='ocr_line' id='line_1_41' title="bbox 296 3854 1824 3929; baseline 0.002 -14"><span class='ocrx_word' id='word_1_289' title='bbox 296 3854 526 3925; x_wconf 82' lang='grc' dir='ltr'>σκνηπὸς</span> <span class='ocrx_word' id='word_1_290' title='bbox 546 3856 891 3914; x_wconf 83' lang='lat' dir='ltr'>Barberinus</span> <span class='ocrx_word' id='word_1_291' title='bbox 916 3857 1065 3915; x_wconf 87' lang='lat' dir='ltr'>liber</span> <span class='ocrx_word' id='word_1_292' title='bbox 1083 3855 1315 3929; x_wconf 85' lang='grc' dir='ltr'>σκνηπία</span> <span class='ocrx_word' id='word_1_293' title='bbox 1330 3900 1347 3928; x_wconf 85' lang='grc'><strong>,</strong></span> <span class='ocrx_word' id='word_1_294' title='bbox 1375 3857 1767 3917; x_wconf 87' lang='lat' dir='ltr'>Peirescianus</span> <span class='ocrx_word' id='word_1_295' title='bbox 1792 3880 1824 3918; x_wconf 90' lang='lat' dir='ltr'>a</span> 
     </span>
     <span class='ocr_line' id='line_1_42' title="bbox 297 3943 1826 4023; baseline 0.002 -21"><span class='ocrx_word' id='word_1_296' title='bbox 297 3943 498 4015; x_wconf 80' lang='grc' dir='ltr'>σκηπὸς</span> <span class='ocrx_word' id='word_1_297' title='bbox 524 3943 725 4015; x_wconf 86' lang='grc' dir='ltr'>σκηπία</span> <span class='ocrx_word' id='word_1_298' title='bbox 770 3946 1080 4023; x_wconf 66' lang='lat' dir='ltr'>praeferunt</span> <span class='ocrx_word' id='word_1_299' title='bbox 1106 3968 1119 4002; x_wconf 91' lang='lat'>:</span> <span class='ocrx_word' id='word_1_300' title='bbox 1149 3959 1268 4002; x_wconf 88' lang='lat' dir='ltr'>tum</span> <span class='ocrx_word' id='word_1_301' title='bbox 1301 3945 1436 4022; x_wconf 87' lang='lat' dir='ltr'>quia</span> <span class='ocrx_word' id='word_1_302' title='bbox 1458 3947 1600 4004; x_wconf 81' lang='lat' dir='ltr'>viris</span> <span class='ocrx_word' id='word_1_303' title='bbox 1628 3947 1826 4005; x_wconf 89' lang='lat' dir='ltr'>erudi-</span> 
     </span>
     <span class='ocr_line' id='line_1_43' title="bbox 299 4030 1825 4109; baseline 0.003 -20"><span class='ocrx_word' id='word_1_304' title='bbox 299 4031 391 4103; x_wconf 86' lang='lat' dir='ltr'>tis,</span> <span class='ocrx_word' id='word_1_305' title='bbox 415 4032 549 4089; x_wconf 88' lang='lat' dir='ltr'>licet</span> <span class='ocrx_word' id='word_1_306' title='bbox 569 4032 1046 4109; x_wconf 79' lang='lat' dir='ltr'>significationem</span> <span class='ocrx_word' id='word_1_307' title='bbox 1065 4030 1138 4091; x_wconf 88' lang='lat' dir='ltr'>ab</span> <span class='ocrx_word' id='word_1_308' title='bbox 1171 4033 1425 4092; x_wconf 82' lang='lat' dir='ltr'>Historia</span> <span class='ocrx_word' id='word_1_309' title='bbox 1452 4036 1710 4094; x_wconf 88' lang='lat' dir='ltr'>Miscella</span> <span class='ocrx_word' id='word_1_310' title='bbox 1739 4036 1825 4094; x_wconf 88' lang='lat' dir='ltr'>di-</span> 
     </span>
     <span class='ocr_line' id='line_1_44' title="bbox 298 4118 1828 4200; baseline 0.005 -24"><span class='ocrx_word' id='word_1_311' title='bbox 298 4118 569 4177; x_wconf 80' lang='lat' dir='ltr'>dicissent</span> <span class='ocrx_word' id='word_1_312' title='bbox 596 4139 746 4189; x_wconf 80' lang='lat' dir='ltr'>xvn,</span> <span class='ocrx_word' id='word_1_313' title='bbox 774 4139 834 4197; x_wconf 91' lang='lat' dir='ltr'>p.</span> <span class='ocrx_word' id='word_1_314' title='bbox 874 4120 1010 4197; x_wconf 91' lang='grc'><strong>529,</strong></span> <span class='ocrx_word' id='word_1_315' title='bbox 1045 4127 1235 4196; x_wconf 76' lang='lat' dir='ltr'>inopia</span> <span class='ocrx_word' id='word_1_316' title='bbox 1265 4128 1444 4178; x_wconf 80' lang='lat' dir='ltr'>omnis</span> <span class='ocrx_word' id='word_1_317' title='bbox 1464 4130 1668 4200; x_wconf 77' lang='lat' dir='ltr'>speciei</span> <span class='ocrx_word' id='word_1_318' title='bbox 1683 4169 1701 4198; x_wconf 87' lang='lat'>‚</span> <span class='ocrx_word' id='word_1_319' title='bbox 1729 4145 1828 4184; x_wconf 90' lang='lat' dir='ltr'>na-</span> 
     </span>
     <span class='ocr_line' id='line_1_45' title="bbox 303 4207 1825 4287; baseline 0.005 -23"><span class='ocrx_word' id='word_1_320' title='bbox 303 4208 417 4265; x_wconf 81' lang='lat' dir='ltr'>tiva</span> <span class='ocrx_word' id='word_1_321' title='bbox 445 4219 636 4264; x_wconf 92' lang='lat' dir='ltr'>tamen</span> <span class='ocrx_word' id='word_1_322' title='bbox 666 4207 825 4265; x_wconf 87' lang='lat' dir='ltr'>vocis</span> <span class='ocrx_word' id='word_1_323' title='bbox 850 4219 1106 4285; x_wconf 89' lang='lat' dir='ltr'>potestas</span> <span class='ocrx_word' id='word_1_324' title='bbox 1134 4222 1309 4287; x_wconf 88' lang='lat' dir='ltr'>atque</span> <span class='ocrx_word' id='word_1_325' title='bbox 1336 4209 1683 4269; x_wconf 83' lang='lat' dir='ltr'>incunabula</span> <span class='ocrx_word' id='word_1_326' title='bbox 1714 4213 1825 4271; x_wconf 78' lang='lat' dir='ltr'>mi-</span> 
     </span>
     <span class='ocr_line' id='line_1_46' title="bbox 298 4295 1828 4375; baseline 0.003 -23"><span class='ocrx_word' id='word_1_327' title='bbox 298 4296 455 4352; x_wconf 89' lang='lat' dir='ltr'>nime</span> <span class='ocrx_word' id='word_1_328' title='bbox 480 4295 709 4352; x_wconf 86' lang='lat' dir='ltr'>fuerunt</span> <span class='ocrx_word' id='word_1_329' title='bbox 732 4307 1052 4375; x_wconf 88' lang='lat' dir='ltr'>perspecta.</span> <span class='ocrx_word' id='word_1_330' title='bbox 1083 4296 1414 4373; x_wconf 86' lang='lat' dir='ltr'>Ducangius</span> <span class='ocrx_word' id='word_1_331' title='bbox 1440 4297 1500 4355; x_wconf 88' lang='lat' dir='ltr'>in</span> <span class='ocrx_word' id='word_1_332' title='bbox 1534 4297 1828 4356; x_wconf 87' lang='lat' dir='ltr'>Glossario</span> 
     </span>
     <span class='ocr_line' id='line_1_47' title="bbox 299 4381 1827 4464; baseline 0.003 -24"><span class='ocrx_word' id='word_1_333' title='bbox 299 4395 568 4441; x_wconf 85' lang='lat' dir='ltr'>accentus</span> <span class='ocrx_word' id='word_1_334' title='bbox 592 4382 736 4439; x_wconf 78' lang='lat' dir='ltr'>vitio</span> <span class='ocrx_word' id='word_1_335' title='bbox 764 4383 942 4463; x_wconf 89' lang='lat' dir='ltr'>decep</span> <span class='ocrx_word' id='word_1_336' title='bbox 952 4396 1061 4458; x_wconf 89' lang='lat' dir='ltr'>tus,</span> <span class='ocrx_word' id='word_1_337' title='bbox 1090 4403 1267 4462; x_wconf 89' lang='lat' dir='ltr'>quum</span> <span class='ocrx_word' id='word_1_338' title='bbox 1288 4381 1472 4442; x_wconf 85' lang='grc' dir='ltr'>κνίπια</span> <span class='ocrx_word' id='word_1_339' title='bbox 1499 4387 1827 4464; x_wconf 85' lang='lat' dir='ltr'>reperisset,</span> 
     </span>
     <span class='ocr_line' id='line_1_48' title="bbox 299 4471 1828 4550; baseline 0.004 -23"><span class='ocrx_word' id='word_1_340' title='bbox 299 4472 542 4528; x_wconf 81' lang='lat' dir='ltr'>formam</span> <span class='ocrx_word' id='word_1_341' title='bbox 596 4471 756 4528; x_wconf 81' lang='lat' dir='ltr'>vocis</span> <span class='ocrx_word' id='word_1_342' title='bbox 808 4472 1144 4531; x_wconf 84' lang='lat' dir='ltr'>inusitatam</span> <span class='ocrx_word' id='word_1_343' title='bbox 1203 4485 1376 4550; x_wconf 86' lang='lat' dir='ltr'>atque</span> <span class='ocrx_word' id='word_1_344' title='bbox 1420 4472 1828 4534; x_wconf 86' lang='lat' dir='ltr'>abhorrentem</span> 
     </span>
     <span class='ocr_line' id='line_1_49' title="bbox 299 4557 1828 4639; baseline 0.003 -22"><span class='ocrx_word' id='word_1_345' title='bbox 299 4557 505 4617; x_wconf 88' lang='grc' dir='ltr'>κνίπιον</span> <span class='ocrx_word' id='word_1_346' title='bbox 540 4559 784 4620; x_wconf 85' lang='lat' dir='ltr'>effinxit.</span> <span class='ocrx_word' id='word_1_347' title='bbox 816 4560 962 4618; x_wconf 89' lang='lat' dir='ltr'>Illud</span> <span class='ocrx_word' id='word_1_348' title='bbox 989 4574 1266 4639; x_wconf 78' lang='lat' dir='ltr'>praeterea</span> <span class='ocrx_word' id='word_1_349' title='bbox 1300 4575 1504 4620; x_wconf 83' lang='lat' dir='ltr'>notatu</span> <span class='ocrx_word' id='word_1_350' title='bbox 1528 4583 1645 4620; x_wconf 92' lang='lat' dir='ltr'>non</span> <span class='ocrx_word' id='word_1_351' title='bbox 1673 4562 1828 4621; x_wconf 91' lang='lat' dir='ltr'>indi-</span> 
     </span>
     <span class='ocr_line' id='line_1_50' title="bbox 300 4647 1831 4730; baseline 0.005 -25"><span class='ocrx_word' id='word_1_352' title='bbox 300 4668 499 4725; x_wconf 82' lang='lat' dir='ltr'>gnum,</span> <span class='ocrx_word' id='word_1_353' title='bbox 516 4647 725 4707; x_wconf 87' lang='grc' dir='ltr'>κνιπίαν</span> <span class='ocrx_word' id='word_1_354' title='bbox 754 4670 787 4707; x_wconf 91' lang='lat' dir='ltr'>a</span> <span class='ocrx_word' id='word_1_355' title='bbox 818 4650 1174 4729; x_wconf 86' lang='lat' dir='ltr'>Theophane</span> <span class='ocrx_word' id='word_1_356' title='bbox 1198 4695 1217 4726; x_wconf 88' lang='lat'>,</span> <span class='ocrx_word' id='word_1_357' title='bbox 1243 4652 1730 4730; x_wconf 89' lang='lat' dir='ltr'>quemadmodum</span> <span class='ocrx_word' id='word_1_358' title='bbox 1757 4651 1831 4712; x_wconf 88' lang='lat' dir='ltr'>ab</span> 
     </span>
    </p>
   </div>
   <div class='ocr_carea' id='block_1_6' title="bbox 1907 502 3449 4730">
    <p class='ocr_par' dir='ltr' id='par_1_6' title="bbox 1911 502 3449 1292">
     <span class='ocr_line' id='line_1_51' title="bbox 1911 502 3449 586; baseline 0.007 -26"><span class='ocrx_word' id='word_1_359' title='bbox 1911 502 2110 580; x_wconf 77' lang='lat' dir='ltr'>junxit</span> <span class='ocrx_word' id='word_1_360' title='bbox 2137 505 2311 563; x_wconf 89' lang='lat' dir='ltr'>etiam</span> <span class='ocrx_word' id='word_1_361' title='bbox 2341 508 2620 586; x_wconf 80' lang='lat' dir='ltr'>Aspasius</span> <span class='ocrx_word' id='word_1_362' title='bbox 2663 509 2737 566; x_wconf 88' lang='lat' dir='ltr'>ad</span> <span class='ocrx_word' id='word_1_363' title='bbox 2777 510 3013 568; x_wconf 79' lang='lat' dir='ltr'>Aristot.</span> <span class='ocrx_word' id='word_1_364' title='bbox 3039 510 3170 569; x_wconf 85' lang='lat' dir='ltr'>Eth.</span> <span class='ocrx_word' id='word_1_365' title='bbox 3205 512 3336 570; x_wconf 85' lang='lat' dir='ltr'>Nic.</span> <span class='ocrx_word' id='word_1_366' title='bbox 3373 520 3403 580; x_wconf 82' lang='grc'><strong>4</strong></span> <span class='ocrx_word' id='word_1_367' title='bbox 3428 554 3449 585; x_wconf 87' lang='grc'><strong>,</strong></span> 
     </span>
     <span class='ocr_line' id='line_1_52' title="bbox 1922 591 3449 679; baseline 0.007 -31"><span class='ocrx_word' id='word_1_368' title='bbox 1922 592 1964 649; x_wconf 85' lang='lat' dir='ltr'>s.</span> <span class='ocrx_word' id='word_1_369' title='bbox 2000 591 2094 666; x_wconf 85' lang='lat'>51,</span> <span class='ocrx_word' id='word_1_370' title='bbox 2124 613 2176 667; x_wconf 83' lang='lat' dir='ltr'>a,</span> <span class='ocrx_word' id='word_1_371' title='bbox 2210 592 2450 671; x_wconf 77' lang='grc' dir='ltr'>κίμὸικες</span> <span class='ocrx_word' id='word_1_372' title='bbox 2480 594 2769 674; x_wconf 81' lang='grc' dir='ltr'>(λέγονται)</span> <span class='ocrx_word' id='word_1_373' title='bbox 2797 597 2888 655; x_wconf 76' lang='grc' dir='ltr'>καὶ</span> <span class='ocrx_word' id='word_1_374' title='bbox 2921 597 3328 679; x_wconf 86' lang='grc' dir='ltr'>κυμινοπρίσται</span> <span class='ocrx_word' id='word_1_375' title='bbox 3357 600 3449 659; x_wconf 84' lang='grc' dir='ltr'>καὶ</span> 
     </span>
     <span class='ocr_line' id='line_1_53' title="bbox 1920 677 3448 765; baseline 0.005 -28"><span class='ocrx_word' id='word_1_376' title='bbox 1920 677 2170 761; x_wconf 75' lang='grc' dir='ltr'>γνίφωνες</span> <span class='ocrx_word' id='word_1_377' title='bbox 2196 681 2286 739; x_wconf 79' lang='grc' dir='ltr'>καὶ</span> <span class='ocrx_word' id='word_1_378' title='bbox 2316 683 2526 742; x_wconf 78' lang='grc' dir='ltr'>σκνιποὶ</span> <span class='ocrx_word' id='word_1_379' title='bbox 2550 687 2598 742; x_wconf 86' lang='grc' dir='ltr'>οἱ</span> <span class='ocrx_word' id='word_1_380' title='bbox 2628 681 2791 764; x_wconf 79' lang='grc' dir='ltr'>μικρὰ</span> <span class='ocrx_word' id='word_1_381' title='bbox 2816 684 3117 765; x_wconf 74' lang='grc' dir='ltr'>προϊέμενοι</span> <span class='ocrx_word' id='word_1_382' title='bbox 3156 687 3245 745; x_wconf 78' lang='grc' dir='ltr'>καὶ</span> <span class='ocrx_word' id='word_1_383' title='bbox 3281 687 3448 745; x_wconf 84' lang='grc' dir='ltr'>διδόν-</span> 
     </span>
     <span class='ocr_line' id='line_1_54' title="bbox 1918 773 3448 857; baseline 0.005 -29"><span class='ocrx_word' id='word_1_384' title='bbox 1918 793 2019 837; x_wconf 86' lang='grc' dir='ltr'>τες.</span> <span class='ocrx_word' id='word_1_385' title='bbox 2063 777 2237 830; x_wconf 84' lang='lat' dir='ltr'>Forte</span> <span class='ocrx_word' id='word_1_386' title='bbox 2275 773 2579 833; x_wconf 87' lang='lat' dir='ltr'>mirabitur</span> <span class='ocrx_word' id='word_1_387' title='bbox 2610 776 2857 853; x_wconf 79' lang='lat' dir='ltr'>aliquis,</span> <span class='ocrx_word' id='word_1_388' title='bbox 2900 775 3000 833; x_wconf 90' lang='lat' dir='ltr'>ubi</span> <span class='ocrx_word' id='word_1_389' title='bbox 3040 777 3301 857; x_wconf 74' lang='grc' dir='ltr'>γνίερωνας</span> <span class='ocrx_word' id='word_1_390' title='bbox 3353 778 3448 836; x_wconf 89' lang='lat' dir='ltr'>hic</span> 
     </span>
     <span class='ocr_line' id='line_1_55' title="bbox 1920 860 3448 944; baseline 0.005 -29"><span class='ocrx_word' id='word_1_391' title='bbox 1920 872 2272 918; x_wconf 85' lang='lat' dir='ltr'>memoratos</span> <span class='ocrx_word' id='word_1_392' title='bbox 2303 872 2360 918; x_wconf 91' lang='lat' dir='ltr'>et</span> <span class='ocrx_word' id='word_1_393' title='bbox 2386 860 2637 929; x_wconf 73' lang='grc' dir='ltr'>σκνιποὺς</span> <span class='ocrx_word' id='word_1_394' title='bbox 2662 862 2754 921; x_wconf 80' lang='lat' dir='ltr'>vel</span> <span class='ocrx_word' id='word_1_395' title='bbox 2782 860 3024 944; x_wconf 70' lang='grc' dir='ltr'>σκνιφοῦς</span> <span class='ocrx_word' id='word_1_396' title='bbox 3065 863 3139 921; x_wconf 88' lang='lat' dir='ltr'>ab</span> <span class='ocrx_word' id='word_1_397' title='bbox 3182 885 3297 922; x_wconf 84' lang='lat' dir='ltr'>una</span> <span class='ocrx_word' id='word_1_398' title='bbox 3336 866 3448 922; x_wconf 90' lang='lat' dir='ltr'>ori-</span> 
     </span>
     <span class='ocr_line' id='line_1_56' title="bbox 1919 945 3448 1027; baseline 0.003 -24"><span class='ocrx_word' id='word_1_399' title='bbox 1919 945 2052 1021; x_wconf 82' lang='lat' dir='ltr'>gine</span> <span class='ocrx_word' id='word_1_400' title='bbox 2079 946 2280 1006; x_wconf 81' lang='lat' dir='ltr'>dixero</span> <span class='ocrx_word' id='word_1_401' title='bbox 2303 948 2587 1027; x_wconf 84' lang='lat' dir='ltr'>pendere;</span> <span class='ocrx_word' id='word_1_402' title='bbox 2615 968 2732 1026; x_wconf 90' lang='lat' dir='ltr'>quo</span> <span class='ocrx_word' id='word_1_403' title='bbox 2761 961 2946 1007; x_wconf 90' lang='lat' dir='ltr'>tamen</span> <span class='ocrx_word' id='word_1_404' title='bbox 2969 993 2987 1021; x_wconf 88' lang='lat'><strong>,</strong></span> <span class='ocrx_word' id='word_1_405' title='bbox 3015 950 3063 1008; x_wconf 89' lang='lat' dir='ltr'>si</span> <span class='ocrx_word' id='word_1_406' title='bbox 3098 951 3238 1026; x_wconf 88' lang='lat' dir='ltr'>quid</span> <span class='ocrx_word' id='word_1_407' title='bbox 3274 964 3360 1008; x_wconf 92' lang='lat' dir='ltr'>est</span> <span class='ocrx_word' id='word_1_408' title='bbox 3389 953 3448 1009; x_wconf 88' lang='lat' dir='ltr'>in</span> 
     </span>
     <span class='ocr_line' id='line_1_57' title="bbox 1917 1034 3446 1114; baseline 0.005 -25"><span class='ocrx_word' id='word_1_409' title='bbox 1917 1034 2317 1093; x_wconf 88' lang='lat' dir='ltr'>notationibus</span> <span class='ocrx_word' id='word_1_410' title='bbox 2339 1034 2650 1094; x_wconf 80' lang='lat' dir='ltr'>verborum</span> <span class='ocrx_word' id='word_1_411' title='bbox 2676 1037 3045 1114; x_wconf 84' lang='lat' dir='ltr'>exquirendis</span> <span class='ocrx_word' id='word_1_412' title='bbox 3066 1038 3317 1110; x_wconf 87' lang='lat' dir='ltr'>firmum,</span> <span class='ocrx_word' id='word_1_413' title='bbox 3347 1039 3446 1096; x_wconf 89' lang='lat' dir='ltr'>ni-</span> 
     </span>
     <span class='ocr_line' id='line_1_58' title="bbox 1917 1120 3441 1184; baseline 0.002 -5"><span class='ocrx_word' id='word_1_414' title='bbox 1917 1120 1998 1179; x_wconf 90' lang='lat' dir='ltr'>hil</span> <span class='ocrx_word' id='word_1_415' title='bbox 2023 1142 2145 1181; x_wconf 88' lang='lat' dir='ltr'>esse</span> <span class='ocrx_word' id='word_1_416' title='bbox 2168 1124 2361 1182; x_wconf 86' lang='lat' dir='ltr'>verius</span> <span class='ocrx_word' id='word_1_417' title='bbox 2385 1125 2670 1183; x_wconf 81' lang='lat' dir='ltr'>existimO.</span> <span class='ocrx_word' id='word_1_418' title='bbox 2709 1130 2934 1184; x_wconf 65' lang='lat' dir='ltr'>Heusr.</span> <span class='ocrx_word' id='word_1_419' title='bbox 2975 1126 3108 1183; x_wconf 79' lang='lat' dir='ltr'>Vid.</span> <span class='ocrx_word' id='word_1_420' title='bbox 3153 1125 3441 1184; x_wconf 83' lang='lat' dir='ltr'>Gaissord.</span> 
     </span>
     <span class='ocr_line' id='line_1_59' title="bbox 1916 1209 2981 1292; baseline 0.004 -25"><span class='ocrx_word' id='word_1_421' title='bbox 1916 1209 1989 1267; x_wconf 90' lang='lat' dir='ltr'>ad</span> <span class='ocrx_word' id='word_1_422' title='bbox 2029 1211 2206 1269; x_wconf 87' lang='lat' dir='ltr'>schol.</span> <span class='ocrx_word' id='word_1_423' title='bbox 2242 1213 2537 1271; x_wconf 85' lang='lat' dir='ltr'>Theocriti</span> <span class='ocrx_word' id='word_1_424' title='bbox 2558 1234 2617 1292; x_wconf 88' lang='lat' dir='ltr'>p.</span> <span class='ocrx_word' id='word_1_425' title='bbox 2645 1214 2772 1271; x_wconf 83' lang='lat'>188.</span> <span class='ocrx_word' id='word_1_426' title='bbox 2797 1220 2981 1273; x_wconf 76' lang='lat' dir='ltr'>Dum.</span> 
     </span>
    </p>

    <p class='ocr_par' dir='ltr' id='par_1_7' title="bbox 1907 1298 3449 2088">
     <span class='ocr_line' id='line_1_60' title="bbox 1999 1298 3445 1377; baseline 0.003 -23"><span class='ocrx_word' id='word_1_427' title='bbox 1999 1299 2135 1374; x_wconf 91' lang='grc'><strong>592,</strong></span> <span class='ocrx_word' id='word_1_428' title='bbox 2178 1319 2247 1356; x_wconf 79' lang='grc' dir='ltr'>ιο</span> <span class='ocrx_word' id='word_1_429' title='bbox 2282 1298 2648 1377; x_wconf 78' lang='grc' dir='ltr'>ἐπιστομηθεὶς</span> <span class='ocrx_word' id='word_1_430' title='bbox 2667 1302 2836 1359; x_wconf 91' lang='lat' dir='ltr'>etiam</span> <span class='ocrx_word' id='word_1_431' title='bbox 2869 1302 2941 1360; x_wconf 84' lang='grc' dir='ltr'>Θ.</span> <span class='ocrx_word' id='word_1_432' title='bbox 2963 1313 3021 1358; x_wconf 89' lang='lat' dir='ltr'>et</span> <span class='ocrx_word' id='word_1_433' title='bbox 3053 1304 3193 1377; x_wconf 84' lang='lat' dir='ltr'>Reg.</span> <span class='ocrx_word' id='word_1_434' title='bbox 3233 1302 3445 1359; x_wconf 85' lang='lat' dir='ltr'>Kuste-</span> 
     </span>
     <span class='ocr_line' id='line_1_61' title="bbox 1915 1386 3449 1466; baseline 0.003 -24"><span class='ocrx_word' id='word_1_435' title='bbox 1915 1405 2015 1442; x_wconf 87' lang='lat' dir='ltr'>rus</span> <span class='ocrx_word' id='word_1_436' title='bbox 2040 1409 2054 1443; x_wconf 75' lang='lat' dir='ltr'><em>z</em></span> <span class='ocrx_word' id='word_1_437' title='bbox 2076 1390 2291 1443; x_wconf 78' lang='lat' dir='ltr'>Rectius</span> <span class='ocrx_word' id='word_1_438' title='bbox 2313 1386 2715 1466; x_wconf 82' lang='grc' dir='ltr'>ἐπιστομισθείς.</span> <span class='ocrx_word' id='word_1_439' title='bbox 2727 1415 2750 1441; x_wconf 74' lang='grc' dir='ltr'>α</span> <span class='ocrx_word' id='word_1_440' title='bbox 2769 1394 2902 1448; x_wconf 90' lang='lat' dir='ltr'>Non</span> <span class='ocrx_word' id='word_1_441' title='bbox 2918 1388 3228 1462; x_wconf 80' lang='lat' dir='ltr'>dissenti03</span> <span class='ocrx_word' id='word_1_442' title='bbox 3250 1409 3449 1465; x_wconf 87' lang='lat' dir='ltr'>quam-</span> 
     </span>
     <span class='ocr_line' id='line_1_62' title="bbox 1916 1478 3447 1557; baseline 0.003 -24"><span class='ocrx_word' id='word_1_443' title='bbox 1916 1496 2086 1552; x_wconf 90' lang='lat' dir='ltr'>quam</span> <span class='ocrx_word' id='word_1_444' title='bbox 2113 1478 2346 1536; x_wconf 88' lang='lat' dir='ltr'>memini</span> <span class='ocrx_word' id='word_1_445' title='bbox 2373 1479 2614 1537; x_wconf 81' lang='lat' dir='ltr'>formam</span> <span class='ocrx_word' id='word_1_446' title='bbox 2635 1492 2940 1557; x_wconf 87' lang='lat' dir='ltr'>utramque</span> <span class='ocrx_word' id='word_1_447' title='bbox 2959 1480 3153 1537; x_wconf 89' lang='lat' dir='ltr'>multis</span> <span class='ocrx_word' id='word_1_448' title='bbox 3176 1480 3233 1537; x_wconf 91' lang='lat' dir='ltr'>in</span> <span class='ocrx_word' id='word_1_449' title='bbox 3256 1480 3447 1538; x_wconf 87' lang='lat' dir='ltr'>verbis</span> 
     </span>
     <span class='ocr_line' id='line_1_63' title="bbox 1917 1567 3444 1649; baseline 0.003 -28"><span class='ocrx_word' id='word_1_450' title='bbox 1917 1567 2245 1643; x_wconf 88' lang='lat' dir='ltr'>promiscue</span> <span class='ocrx_word' id='word_1_451' title='bbox 2269 1568 2477 1645; x_wconf 85' lang='lat' dir='ltr'>saepius</span> <span class='ocrx_word' id='word_1_452' title='bbox 2501 1568 2790 1646; x_wconf 88' lang='lat' dir='ltr'>usurpari,</span> <span class='ocrx_word' id='word_1_453' title='bbox 2817 1568 3091 1649; x_wconf 83' lang='grc' dir='ltr'>λοιδορεῖν,</span> <span class='ocrx_word' id='word_1_454' title='bbox 3109 1567 3413 1648; x_wconf 87' lang='grc' dir='ltr'>λοιδορίζειν</span> <span class='ocrx_word' id='word_1_455' title='bbox 3431 1593 3444 1607; x_wconf 90' lang='grc'><em>·</em></span> 
     </span>
     <span class='ocr_line' id='line_1_64' title="bbox 1916 1653 3447 1735; baseline 0.005 -26"><span class='ocrx_word' id='word_1_456' title='bbox 1916 1653 2317 1729; x_wconf 77' lang='grc' dir='ltr'>ἀπολογεῖσθαι,</span> <span class='ocrx_word' id='word_1_457' title='bbox 2339 1654 2741 1732; x_wconf 82' lang='grc' dir='ltr'>ἀπολογίζεσθαι</span> <span class='ocrx_word' id='word_1_458' title='bbox 2764 1678 2777 1691; x_wconf 91' lang='grc'><em>·</em></span> <span class='ocrx_word' id='word_1_459' title='bbox 2814 1655 2913 1714; x_wconf 89' lang='lat' dir='ltr'>sed</span> <span class='ocrx_word' id='word_1_460' title='bbox 2939 1654 3291 1733; x_wconf 80' lang='grc' dir='ltr'>ἐπιστομίζειν</span> <span class='ocrx_word' id='word_1_461' title='bbox 3317 1677 3447 1735; x_wconf 85' lang='lat' dir='ltr'>per-</span> 
     </span>
     <span class='ocr_line' id='line_1_65' title="bbox 1915 1743 3444 1820; baseline 0.004 -22"><span class='ocrx_word' id='word_1_462' title='bbox 1915 1753 2104 1820; x_wconf 81' lang='lat' dir='ltr'>petuae</span> <span class='ocrx_word' id='word_1_463' title='bbox 2151 1743 2582 1807; x_wconf 85' lang='lat' dir='ltr'>consuetudinis</span> <span class='ocrx_word' id='word_1_464' title='bbox 2621 1743 3026 1803; x_wconf 86' lang='lat' dir='ltr'>auctoritatem</span> <span class='ocrx_word' id='word_1_465' title='bbox 3070 1743 3287 1818; x_wconf 79' lang='lat' dir='ltr'>habet3</span> <span class='ocrx_word' id='word_1_466' title='bbox 3325 1746 3444 1804; x_wconf 81' lang='lat' dir='ltr'>vid.</span> 
     </span>
     <span class='ocr_line' id='line_1_66' title="bbox 1920 1830 3444 1908; baseline 0.003 -20"><span class='ocrx_word' id='word_1_467' title='bbox 1920 1830 2212 1907; x_wconf 82' lang='lat' dir='ltr'>Aristoph.</span> <span class='ocrx_word' id='word_1_468' title='bbox 2235 1835 2340 1908; x_wconf 92' lang='lat' dir='ltr'>Eq.</span> <span class='ocrx_word' id='word_1_469' title='bbox 2377 1851 2432 1889; x_wconf 81' lang='lat' dir='ltr'>v.</span> <span class='ocrx_word' id='word_1_470' title='bbox 2459 1835 2568 1899; x_wconf 78' lang='lat'>841</span> <span class='ocrx_word' id='word_1_471' title='bbox 2593 1877 2610 1906; x_wconf 90' lang='lat'>,</span> <span class='ocrx_word' id='word_1_472' title='bbox 2648 1845 2707 1890; x_wconf 92' lang='lat' dir='ltr'>et</span> <span class='ocrx_word' id='word_1_473' title='bbox 2739 1833 2956 1891; x_wconf 88' lang='lat' dir='ltr'>Suicer.</span> <span class='ocrx_word' id='word_1_474' title='bbox 2995 1832 3168 1890; x_wconf 78' lang='lat' dir='ltr'>Thes·</span> <span class='ocrx_word' id='word_1_475' title='bbox 3217 1838 3444 1893; x_wconf 61' lang='lat' dir='ltr'>Hansr.</span> 
     </span>
     <span class='ocr_line' id='line_1_67' title="bbox 1915 1918 3444 2002; baseline 0.002 -26"><span class='ocrx_word' id='word_1_476' title='bbox 1915 1922 2053 1976; x_wconf 86' lang='lat' dir='ltr'>Haec</span> <span class='ocrx_word' id='word_1_477' title='bbox 2078 1930 2298 1976; x_wconf 90' lang='lat' dir='ltr'>tantum</span> <span class='ocrx_word' id='word_1_478' title='bbox 2319 1918 2496 1978; x_wconf 88' lang='lat' dir='ltr'>habet</span> <span class='ocrx_word' id='word_1_479' title='bbox 2525 1920 2619 1993; x_wconf 79' lang='grc'>9.,</span> <span class='ocrx_word' id='word_1_480' title='bbox 2651 1924 2806 1978; x_wconf 76' lang='grc' dir='ltr'>τοῦτο</span> <span class='ocrx_word' id='word_1_481' title='bbox 2831 1919 3033 1989; x_wconf 82' lang='grc' dir='ltr'>παίζων</span> <span class='ocrx_word' id='word_1_482' title='bbox 3062 1920 3194 2000; x_wconf 72' lang='grc' dir='ltr'>φησὶ</span> <span class='ocrx_word' id='word_1_483' title='bbox 3223 1918 3444 2002; x_wconf 78' lang='grc' dir='ltr'>Χρεμύ-</span> 
     </span>
     <span class='ocr_line' id='line_1_68' title="bbox 1907 2007 2788 2088; baseline -0.002 -23"><span class='ocrx_word' id='word_1_484' title='bbox 1907 2007 2004 2072; x_wconf 88' lang='grc' dir='ltr'>λος</span> <span class='ocrx_word' id='word_1_485' title='bbox 2024 2050 2042 2082; x_wconf 82' lang='grc'><strong>,</strong></span> <span class='ocrx_word' id='word_1_486' title='bbox 2068 2007 2434 2085; x_wconf 83' lang='grc' dir='ltr'>ἐπιστομηθεὶς</span> <span class='ocrx_word' id='word_1_487' title='bbox 2462 2008 2589 2088; x_wconf 85' lang='grc' dir='ltr'>παρ’</span> <span class='ocrx_word' id='word_1_488' title='bbox 2611 2007 2788 2078; x_wconf 67' lang='grc' dir='ltr'>αὐτῆς.</span> 
     </span>
    </p>

    <p class='ocr_par' dir='ltr' id='par_1_8' title="bbox 1913 2092 3444 2346">
     <span class='ocr_line' id='line_1_69' title="bbox 2000 2092 3444 2171; baseline 0.002 -21"><span class='ocrx_word' id='word_1_489' title='bbox 2000 2092 2112 2170; x_wconf 84' lang='grc'><strong>593</strong></span> <span class='ocrx_word' id='word_1_490' title='bbox 2139 2114 2255 2151; x_wconf 88' lang='lat' dir='ltr'>om.</span> <span class='ocrx_word' id='word_1_491' title='bbox 2300 2094 2471 2151; x_wconf 90' lang='lat' dir='ltr'>etiam</span> <span class='ocrx_word' id='word_1_492' title='bbox 2512 2096 2585 2153; x_wconf 85' lang='grc' dir='ltr'>Θ.</span> <span class='ocrx_word' id='word_1_493' title='bbox 2610 2128 2690 2139; x_wconf 93' lang='grc'>-</span> <span class='ocrx_word' id='word_1_494' title='bbox 2712 2096 2785 2152; x_wconf 88' lang='grc'>23</span> <span class='ocrx_word' id='word_1_495' title='bbox 2828 2096 2899 2159; x_wconf 78' lang='grc' dir='ltr'>ὡς</span> <span class='ocrx_word' id='word_1_496' title='bbox 2936 2093 3047 2171; x_wconf 85' lang='grc' dir='ltr'>ἐγκ.</span> <span class='ocrx_word' id='word_1_497' title='bbox 3084 2094 3276 2171; x_wconf 89' lang='lat' dir='ltr'>aptius</span> <span class='ocrx_word' id='word_1_498' title='bbox 3320 2114 3444 2153; x_wconf 86' lang='lat' dir='ltr'>esse</span> 
     </span>
     <span class='ocr_line' id='line_1_70' title="bbox 1916 2177 3443 2258; baseline 0 -19"><span class='ocrx_word' id='word_1_499' title='bbox 1916 2181 2324 2240; x_wconf 82' lang='lat' dir='ltr'>animadvertit</span> <span class='ocrx_word' id='word_1_500' title='bbox 2351 2186 2570 2240; x_wconf 86' lang='lat' dir='ltr'>Hemst.</span> <span class='ocrx_word' id='word_1_501' title='bbox 2591 2214 2671 2227; x_wconf 92' lang='lat'>—</span> <span class='ocrx_word' id='word_1_502' title='bbox 2697 2201 2774 2258; x_wconf 87' lang='grc'><strong>29</strong></span> <span class='ocrx_word' id='word_1_503' title='bbox 2792 2184 2945 2258; x_wconf 78' lang='grc' dir='ltr'>ἡμῶν</span> <span class='ocrx_word' id='word_1_504' title='bbox 2981 2185 3052 2245; x_wconf 79' lang='grc' dir='ltr'>εἷς</span> <span class='ocrx_word' id='word_1_505' title='bbox 3081 2177 3292 2246; x_wconf 78' lang='grc' dir='ltr'>τούτους</span> <span class='ocrx_word' id='word_1_506' title='bbox 3311 2205 3324 2218; x_wconf 89' lang='grc'><em>·</em></span> <span class='ocrx_word' id='word_1_507' title='bbox 3354 2181 3443 2241; x_wconf 83' lang='grc' dir='ltr'>καὶ</span> 
     </span>
     <span class='ocr_line' id='line_1_71' title="bbox 1913 2266 3314 2346; baseline -0.001 -18"><span class='ocrx_word' id='word_1_508' title='bbox 1913 2267 2032 2336; x_wconf 73' lang='grc' dir='ltr'>τοὺς</span> <span class='ocrx_word' id='word_1_509' title='bbox 2054 2271 2139 2327; x_wconf 88' lang='grc' dir='ltr'>ἀσ.</span> <span class='ocrx_word' id='word_1_510' title='bbox 2162 2266 2335 2340; x_wconf 84' lang='grc' dir='ltr'>ὤθησε</span> <span class='ocrx_word' id='word_1_511' title='bbox 2371 2268 2554 2346; x_wconf 87' lang='grc' dir='ltr'>λόγους</span> <span class='ocrx_word' id='word_1_512' title='bbox 2580 2270 2782 2341; x_wconf 87' lang='lat' dir='ltr'>Dorv.‚</span> <span class='ocrx_word' id='word_1_513' title='bbox 2810 2269 3046 2346; x_wconf 86' lang='lat' dir='ltr'>reliquis</span> <span class='ocrx_word' id='word_1_514' title='bbox 3070 2268 3314 2326; x_wconf 84' lang='lat' dir='ltr'>omissis.</span> 
     </span>
    </p>

    <p class='ocr_par' dir='ltr' id='par_1_9' title="bbox 1910 2355 3444 3664">
     <span class='ocr_line' id='line_1_72' title="bbox 1998 2355 3443 2437; baseline 0 -22"><span class='ocrx_word' id='word_1_515' title='bbox 1998 2358 2143 2433; x_wconf 85' lang='grc'><strong>594,</strong></span> <span class='ocrx_word' id='word_1_516' title='bbox 2176 2357 2363 2426; x_wconf 83' lang='grc'><strong>33-45</strong></span> <span class='ocrx_word' id='word_1_517' title='bbox 2396 2359 2477 2416; x_wconf 85' lang='grc' dir='ltr'><strong>5ἰο</strong></span> <span class='ocrx_word' id='word_1_518' title='bbox 2508 2358 2565 2415; x_wconf 89' lang='lat' dir='ltr'>in</span> <span class='ocrx_word' id='word_1_519' title='bbox 2600 2363 2700 2429; x_wconf 70' lang='lat' dir='ltr'>V„</span> <span class='ocrx_word' id='word_1_520' title='bbox 2735 2355 2846 2423; x_wconf 84' lang='grc' dir='ltr'>ἔθος</span> <span class='ocrx_word' id='word_1_521' title='bbox 2880 2360 2945 2428; x_wconf 84' lang='grc' dir='ltr'>ἠν</span> <span class='ocrx_word' id='word_1_522' title='bbox 2995 2359 3061 2437; x_wconf 80' lang='grc' dir='ltr'>τῇ</span> <span class='ocrx_word' id='word_1_523' title='bbox 3100 2356 3304 2436; x_wconf 81' lang='grc' dir='ltr'>Ἑκάτῃ</span> <span class='ocrx_word' id='word_1_524' title='bbox 3346 2355 3443 2429; x_wconf 78' lang='grc' dir='ltr'>τὴν</span> 
     </span>
     <span class='ocr_line' id='line_1_73' title="bbox 1914 2443 3444 2527; baseline 0 -23"><span class='ocrx_word' id='word_1_525' title='bbox 1914 2446 2173 2527; x_wconf 86' lang='grc' dir='ltr'>τριακάδα</span> <span class='ocrx_word' id='word_1_526' title='bbox 2192 2446 2256 2503; x_wconf 82' lang='grc' dir='ltr'>’ἐν</span> <span class='ocrx_word' id='word_1_527' title='bbox 2286 2453 2400 2511; x_wconf 84' lang='grc' dir='ltr'>ταῖς</span> <span class='ocrx_word' id='word_1_528' title='bbox 2421 2444 2640 2526; x_wconf 84' lang='grc' dir='ltr'>τριόδοις</span> <span class='ocrx_word' id='word_1_529' title='bbox 2679 2454 2876 2523; x_wconf 79' lang='grc' dir='ltr'>τιμᾶν,</span> <span class='ocrx_word' id='word_1_530' title='bbox 2919 2443 3005 2502; x_wconf 79' lang='grc' dir='ltr'>διὰ</span> <span class='ocrx_word' id='word_1_531' title='bbox 3050 2443 3110 2504; x_wconf 82' lang='grc' dir='ltr'>τὸ</span> <span class='ocrx_word' id='word_1_532' title='bbox 3151 2443 3312 2516; x_wconf 71' lang='grc' dir='ltr'>αὐτὴν</span> <span class='ocrx_word' id='word_1_533' title='bbox 3354 2446 3444 2504; x_wconf 86' lang='grc' dir='ltr'>καὶ</span> 
     </span>
     <span class='ocr_line' id='line_1_74' title="bbox 1916 2530 3444 2615; baseline -0.001 -21"><span class='ocrx_word' id='word_1_534' title='bbox 1916 2537 2155 2606; x_wconf 78' lang='grc' dir='ltr'>Σελήνην</span> <span class='ocrx_word' id='word_1_535' title='bbox 2180 2532 2271 2595; x_wconf 76' lang='grc' dir='ltr'>καὶ</span> <span class='ocrx_word' id='word_1_536' title='bbox 2297 2531 2544 2615; x_wconf 79' lang='grc' dir='ltr'>Ἄρτεμιν</span> <span class='ocrx_word' id='word_1_537' title='bbox 2576 2535 2864 2607; x_wconf 80' lang='grc' dir='ltr'>καλεῖσθαι.</span> <span class='ocrx_word' id='word_1_538' title='bbox 2899 2531 3093 2611; x_wconf 80' lang='grc' dir='ltr'>ἐτίμων</span> <span class='ocrx_word' id='word_1_539' title='bbox 3135 2530 3191 2591; x_wconf 81' lang='grc' dir='ltr'>δὲ</span> <span class='ocrx_word' id='word_1_540' title='bbox 3215 2533 3376 2605; x_wconf 74' lang='grc' dir='ltr'>αὐτὴν</span> <span class='ocrx_word' id='word_1_541' title='bbox 3396 2536 3444 2592; x_wconf 77' lang='grc' dir='ltr'>οἱ</span> 
     </span>
     <span class='ocr_line' id='line_1_75' title="bbox 1912 2617 3440 2705; baseline -0.001 -24"><span class='ocrx_word' id='word_1_542' title='bbox 1912 2620 2156 2683; x_wconf 76' lang='grc' dir='ltr'>πλούσιοι</span> <span class='ocrx_word' id='word_1_543' title='bbox 2184 2623 2369 2705; x_wconf 80' lang='grc' dir='ltr'>ἄρτους</span> <span class='ocrx_word' id='word_1_544' title='bbox 2409 2621 2499 2682; x_wconf 68' lang='grc' dir='ltr'>καὶ</span> <span class='ocrx_word' id='word_1_545' title='bbox 2535 2619 2671 2680; x_wconf 82' lang='grc' dir='ltr'>ἄλλα</span> <span class='ocrx_word' id='word_1_546' title='bbox 2703 2617 2824 2680; x_wconf 72' lang='grc' dir='ltr'>τινὰ</span> <span class='ocrx_word' id='word_1_547' title='bbox 2862 2620 3085 2688; x_wconf 81' lang='grc' dir='ltr'>τιθέντες</span> <span class='ocrx_word' id='word_1_548' title='bbox 3134 2618 3313 2701; x_wconf 76' lang='grc' dir='ltr'>ὥσπερ</span> <span class='ocrx_word' id='word_1_549' title='bbox 3347 2625 3440 2680; x_wconf 83' lang='grc' dir='ltr'>θυ-</span> 
     </span>
     <span class='ocr_line' id='line_1_76' title="bbox 1914 2706 3441 2792; baseline -0.001 -22"><span class='ocrx_word' id='word_1_550' title='bbox 1914 2712 2051 2771; x_wconf 85' lang='grc' dir='ltr'>σίαν.</span> <span class='ocrx_word' id='word_1_551' title='bbox 2080 2712 2289 2792; x_wconf 76' lang='grc' dir='ltr'>ἐλέγετο</span> <span class='ocrx_word' id='word_1_552' title='bbox 2312 2711 2404 2770; x_wconf 71' lang='grc' dir='ltr'>καὶ</span> <span class='ocrx_word' id='word_1_553' title='bbox 2433 2709 2514 2769; x_wconf 80' lang='grc' dir='ltr'>ὅτι</span> <span class='ocrx_word' id='word_1_554' title='bbox 2546 2712 2595 2769; x_wconf 78' lang='grc' dir='ltr'>οἱ</span> <span class='ocrx_word' id='word_1_555' title='bbox 2620 2706 2838 2781; x_wconf 81' lang='grc' dir='ltr'>πένητες</span> <span class='ocrx_word' id='word_1_556' title='bbox 2884 2708 2975 2767; x_wconf 80' lang='grc' dir='ltr'>ἀπ’</span> <span class='ocrx_word' id='word_1_557' title='bbox 3011 2710 3183 2767; x_wconf 78' lang='grc' dir='ltr'>αὐτῶν</span> <span class='ocrx_word' id='word_1_558' title='bbox 3222 2709 3441 2787; x_wconf 77' lang='grc' dir='ltr'>λαμὸά-</span> 
     </span>
     <span class='ocr_line' id='line_1_77' title="bbox 1912 2794 3441 2880; baseline -0.003 -20"><span class='ocrx_word' id='word_1_559' title='bbox 1912 2824 2081 2870; x_wconf 87' lang='grc' dir='ltr'>νοντες</span> <span class='ocrx_word' id='word_1_560' title='bbox 2108 2799 2290 2873; x_wconf 84' lang='grc' dir='ltr'>ἤσθιον</span> <span class='ocrx_word' id='word_1_561' title='bbox 2331 2799 2421 2858; x_wconf 76' lang='grc' dir='ltr'>καὶ</span> <span class='ocrx_word' id='word_1_562' title='bbox 2456 2797 2633 2878; x_wconf 86' lang='grc' dir='ltr'>ἔλεγον</span> <span class='ocrx_word' id='word_1_563' title='bbox 2680 2794 2760 2855; x_wconf 82' lang='grc' dir='ltr'>ὅτι</span> <span class='ocrx_word' id='word_1_564' title='bbox 2783 2800 2818 2870; x_wconf 79' lang='grc' dir='ltr'>ἡ</span> <span class='ocrx_word' id='word_1_565' title='bbox 2851 2795 3058 2871; x_wconf 85' lang='grc' dir='ltr'>Ἑκάτη</span> <span class='ocrx_word' id='word_1_566' title='bbox 3088 2797 3221 2856; x_wconf 77' lang='grc' dir='ltr'>αὐτὰ</span> <span class='ocrx_word' id='word_1_567' title='bbox 3243 2796 3403 2880; x_wconf 73' lang='grc' dir='ltr'>ἔφαγε</span> <span class='ocrx_word' id='word_1_568' title='bbox 3424 2843 3441 2872; x_wconf 86' lang='grc'><strong>,</strong></span> 
     </span>
     <span class='ocr_line' id='line_1_78' title="bbox 1912 2880 3441 2971; baseline -0.003 -22"><span class='ocrx_word' id='word_1_569' title='bbox 1912 2890 2055 2971; x_wconf 77' lang='grc' dir='ltr'>λέγει</span> <span class='ocrx_word' id='word_1_570' title='bbox 2104 2880 2223 2964; x_wconf 67' lang='grc' dir='ltr'>οὖν,</span> <span class='ocrx_word' id='word_1_571' title='bbox 2254 2919 2307 2935; x_wconf 94' lang='lat'>-</span> <span class='ocrx_word' id='word_1_572' title='bbox 2362 2888 2619 2947; x_wconf 80' lang='grc' dir='ltr'>ἐσθίουσιν</span> <span class='ocrx_word' id='word_1_573' title='bbox 2669 2884 2818 2946; x_wconf 74' lang='grc' dir='ltr'>αὐτά.</span> <span class='ocrx_word' id='word_1_574' title='bbox 2844 2926 2923 2940; x_wconf 90' lang='lat'>--</span> <span class='ocrx_word' id='word_1_575' title='bbox 2990 2888 3060 2955; x_wconf 82' lang='grc'>34</span> <span class='ocrx_word' id='word_1_576' title='bbox 3144 2890 3193 2946; x_wconf 78' lang='grc' dir='ltr'>οἱ</span> <span class='ocrx_word' id='word_1_577' title='bbox 3255 2887 3441 2946; x_wconf 77' lang='grc' dir='ltr'>πολλοὶ</span> 
     </span>
     <span class='ocr_line' id='line_1_79' title="bbox 1913 2973 3441 3056; baseline -0.004 -17"><span class='ocrx_word' id='word_1_578' title='bbox 1913 2986 2056 3056; x_wconf 84' lang='lat' dir='ltr'>Reg.</span> <span class='ocrx_word' id='word_1_579' title='bbox 2081 2998 2189 3056; x_wconf 92' lang='lat' dir='ltr'>pro</span> <span class='ocrx_word' id='word_1_580' title='bbox 2212 2975 2273 3035; x_wconf 82' lang='grc' dir='ltr'>τὸ</span> <span class='ocrx_word' id='word_1_581' title='bbox 2299 2978 2430 3034; x_wconf 90' lang='grc' dir='ltr'>παλ.</span> <span class='ocrx_word' id='word_1_582' title='bbox 2473 3010 2539 3020; x_wconf 91' lang='lat'>—</span> <span class='ocrx_word' id='word_1_583' title='bbox 2565 2975 2638 3034; x_wconf 84' lang='lat'>35</span> <span class='ocrx_word' id='word_1_584' title='bbox 2671 2973 2917 3056; x_wconf 82' lang='grc' dir='ltr'>Ἄρτεμιν</span> <span class='ocrx_word' id='word_1_585' title='bbox 2952 2978 3021 3033; x_wconf 84' lang='lat' dir='ltr'>V.</span> <span class='ocrx_word' id='word_1_586' title='bbox 3052 2979 3216 3052; x_wconf 84' lang='lat' dir='ltr'>Reg.,</span> <span class='ocrx_word' id='word_1_587' title='bbox 3242 2977 3342 3052; x_wconf 89' lang='lat' dir='ltr'>qui</span> <span class='ocrx_word' id='word_1_588' title='bbox 3383 2998 3441 3034; x_wconf 87' lang='grc' dir='ltr'>τε</span> 
     </span>
     <span class='ocr_line' id='line_1_80' title="bbox 1913 3062 3443 3147; baseline -0.004 -20"><span class='ocrx_word' id='word_1_589' title='bbox 1913 3067 2005 3126; x_wconf 73' lang='grc' dir='ltr'>καὶ</span> <span class='ocrx_word' id='word_1_590' title='bbox 2028 3066 2110 3126; x_wconf 82' lang='grc' dir='ltr'>Ἄ.</span> <span class='ocrx_word' id='word_1_591' title='bbox 2150 3063 2428 3147; x_wconf 79' lang='grc' dir='ltr'>Ἀρτέμιδα</span> <span class='ocrx_word' id='word_1_592' title='bbox 2456 3063 2575 3122; x_wconf 74' lang='grc' dir='ltr'>ΑΜ.</span> <span class='ocrx_word' id='word_1_593' title='bbox 2606 3102 2669 3113; x_wconf 92' lang='grc'><strong>-</strong></span> <span class='ocrx_word' id='word_1_594' title='bbox 2694 3065 2765 3124; x_wconf 86' lang='grc'>36</span> <span class='ocrx_word' id='word_1_595' title='bbox 2797 3067 2845 3122; x_wconf 79' lang='grc' dir='ltr'>οῖ</span> <span class='ocrx_word' id='word_1_596' title='bbox 2872 3066 2964 3122; x_wconf 90' lang='grc' dir='ltr'>πλ.</span> <span class='ocrx_word' id='word_1_597' title='bbox 2994 3064 3195 3123; x_wconf 86' lang='grc' dir='ltr'>δεῖπνον</span> <span class='ocrx_word' id='word_1_598' title='bbox 3221 3062 3443 3143; x_wconf 76' lang='grc' dir='ltr'>ἑσπέρας</span> 
     </span>
     <span class='ocr_line' id='line_1_81' title="bbox 1912 3149 3442 3231; baseline -0.003 -18"><span class='ocrx_word' id='word_1_599' title='bbox 1912 3158 1984 3221; x_wconf 78' lang='grc' dir='ltr'>ὣς</span> <span class='ocrx_word' id='word_1_600' title='bbox 2011 3152 2193 3213; x_wconf 88' lang='grc' dir='ltr'>θυσίαν</span> <span class='ocrx_word' id='word_1_601' title='bbox 2231 3155 2298 3231; x_wconf 82' lang='grc' dir='ltr'>τῇ</span> <span class='ocrx_word' id='word_1_602' title='bbox 2329 3150 2534 3231; x_wconf 80' lang='grc' dir='ltr'>Ἑκάτῃ</span> <span class='ocrx_word' id='word_1_603' title='bbox 2568 3149 2918 3230; x_wconf 84' lang='grc' dir='ltr'>προσάγοντες</span> <span class='ocrx_word' id='word_1_604' title='bbox 2953 3150 3038 3209; x_wconf 80' lang='grc' dir='ltr'>ἐπὶ</span> <span class='ocrx_word' id='word_1_605' title='bbox 3069 3159 3183 3216; x_wconf 88' lang='grc' dir='ltr'>ταῖς</span> <span class='ocrx_word' id='word_1_606' title='bbox 3223 3150 3442 3231; x_wconf 86' lang='grc' dir='ltr'>τριόδοις</span> 
     </span>
     <span class='ocr_line' id='line_1_82' title="bbox 1913 3238 3440 3318; baseline -0.003 -16"><span class='ocrx_word' id='word_1_607' title='bbox 1913 3243 2112 3302; x_wconf 82' lang='grc' dir='ltr'>ἐτίθουν</span> <span class='ocrx_word' id='word_1_608' title='bbox 2144 3247 2285 3318; x_wconf 82' lang='lat' dir='ltr'>Reg.</span> <span class='ocrx_word' id='word_1_609' title='bbox 2313 3244 2472 3297; x_wconf 89' lang='lat' dir='ltr'>Junt.</span> <span class='ocrx_word' id='word_1_610' title='bbox 2502 3241 2572 3304; x_wconf 81' lang='grc' dir='ltr'>ὣς</span> <span class='ocrx_word' id='word_1_611' title='bbox 2593 3238 2724 3295; x_wconf 84' lang='lat' dir='ltr'>Ald.</span> <span class='ocrx_word' id='word_1_612' title='bbox 2754 3271 2832 3284; x_wconf 90' lang='lat'>—</span> <span class='ocrx_word' id='word_1_613' title='bbox 2860 3240 2933 3296; x_wconf 83' lang='lat'>38</span> <span class='ocrx_word' id='word_1_614' title='bbox 2962 3261 3095 3297; x_wconf 84' lang='grc' dir='ltr'>πειν.</span> <span class='ocrx_word' id='word_1_615' title='bbox 3127 3259 3243 3297; x_wconf 87' lang='lat' dir='ltr'>om.</span> <span class='ocrx_word' id='word_1_616' title='bbox 3279 3245 3440 3315; x_wconf 61' lang='lat' dir='ltr'>fleg,</span> 
     </span>
     <span class='ocr_line' id='line_1_83' title="bbox 1914 3324 3439 3409; baseline -0.003 -21"><span class='ocrx_word' id='word_1_617' title='bbox 1914 3332 2015 3409; x_wconf 90' lang='lat' dir='ltr'>qui</span> <span class='ocrx_word' id='word_1_618' title='bbox 2042 3332 2116 3406; x_wconf 84' lang='lat'>39</span> <span class='ocrx_word' id='word_1_619' title='bbox 2137 3326 2300 3409; x_wconf 79' lang='grc' dir='ltr'>ἔφαγε</span> <span class='ocrx_word' id='word_1_620' title='bbox 2335 3330 2524 3384; x_wconf 74' lang='grc' dir='ltr'>ταῦτα.</span> <span class='ocrx_word' id='word_1_621' title='bbox 2555 3324 2644 3384; x_wconf 92' lang='lat' dir='ltr'>Ib.</span> <span class='ocrx_word' id='word_1_622' title='bbox 2688 3325 2949 3404; x_wconf 79' lang='grc' dir='ltr'>ἐμάθομεν</span> <span class='ocrx_word' id='word_1_623' title='bbox 2994 3327 3063 3387; x_wconf 89' lang='lat' dir='ltr'>V.</span> <span class='ocrx_word' id='word_1_624' title='bbox 3093 3360 3170 3371; x_wconf 89' lang='lat'>—</span> <span class='ocrx_word' id='word_1_625' title='bbox 3208 3335 3282 3393; x_wconf 87' lang='grc'>40</span> <span class='ocrx_word' id='word_1_626' title='bbox 3307 3327 3439 3384; x_wconf 78' lang='lat' dir='ltr'>sort.</span> 
     </span>
     <span class='ocr_line' id='line_1_84' title="bbox 1912 3411 3443 3492; baseline -0.004 -14"><span class='ocrx_word' id='word_1_627' title='bbox 1912 3419 2149 3478; x_wconf 82' lang='grc' dir='ltr'>κάλλιον.</span> <span class='ocrx_word' id='word_1_628' title='bbox 2183 3422 2364 3475; x_wconf 76' lang='lat' dir='ltr'>Dum.</span> <span class='ocrx_word' id='word_1_629' title='bbox 2387 3448 2465 3457; x_wconf 89' lang='lat'>—</span> <span class='ocrx_word' id='word_1_630' title='bbox 2488 3421 2555 3481; x_wconf 84' lang='grc' dir='ltr'>4ι</span> <span class='ocrx_word' id='word_1_631' title='bbox 2593 3411 2725 3485; x_wconf 79' lang='grc' dir='ltr'>αὐτὴ</span> <span class='ocrx_word' id='word_1_632' title='bbox 2745 3419 2837 3485; x_wconf 85' lang='lat' dir='ltr'>V.,</span> <span class='ocrx_word' id='word_1_633' title='bbox 2865 3434 2938 3472; x_wconf 83' lang='lat' dir='ltr'>ex</span> <span class='ocrx_word' id='word_1_634' title='bbox 2971 3435 3089 3492; x_wconf 86' lang='lat' dir='ltr'>quo</span> <span class='ocrx_word' id='word_1_635' title='bbox 3123 3414 3330 3472; x_wconf 90' lang='lat' dir='ltr'>deinde</span> <span class='ocrx_word' id='word_1_636' title='bbox 3349 3435 3443 3473; x_wconf 87' lang='lat' dir='ltr'>ac-</span> 
     </span>
     <span class='ocr_line' id='line_1_85' title="bbox 1913 3495 3442 3580; baseline -0.004 -14"><span class='ocrx_word' id='word_1_637' title='bbox 1913 3508 2082 3566; x_wconf 82' lang='lat' dir='ltr'>cessit</span> <span class='ocrx_word' id='word_1_638' title='bbox 2107 3503 2198 3564; x_wconf 85' lang='grc' dir='ltr'>καὶ</span> <span class='ocrx_word' id='word_1_639' title='bbox 2230 3502 2364 3570; x_wconf 88' lang='grc' dir='ltr'>τίνες</span> <span class='ocrx_word' id='word_1_640' title='bbox 2399 3502 2505 3559; x_wconf 86' lang='grc' dir='ltr'>ἐσθ.</span> <span class='ocrx_word' id='word_1_641' title='bbox 2542 3500 2698 3559; x_wconf 79' lang='grc' dir='ltr'>αὐτά.</span> <span class='ocrx_word' id='word_1_642' title='bbox 2732 3502 3039 3580; x_wconf 84' lang='lat' dir='ltr'>Sequentia</span> <span class='ocrx_word' id='word_1_643' title='bbox 3083 3495 3442 3575; x_wconf 53' lang='lat' dir='ltr'>{Ox-Lusion-</span> 
     </span>
     <span class='ocr_line' id='line_1_86' title="bbox 1910 3585 2790 3664; baseline -0.009 -9"><span class='ocrx_word' id='word_1_644' title='bbox 1910 3619 2007 3664; x_wconf 83' lang='grc' dir='ltr'>τας</span> <span class='ocrx_word' id='word_1_645' title='bbox 2028 3594 2201 3654; x_wconf 86' lang='lat' dir='ltr'>habet</span> <span class='ocrx_word' id='word_1_646' title='bbox 2229 3589 2432 3650; x_wconf 84' lang='lat' dir='ltr'>Suidas</span> <span class='ocrx_word' id='word_1_647' title='bbox 2459 3610 2504 3648; x_wconf 87' lang='lat' dir='ltr'>s.</span> <span class='ocrx_word' id='word_1_648' title='bbox 2530 3585 2790 3660; x_wconf 81' lang='grc' dir='ltr'>Ἑκάτην.</span> 
     </span>
    </p>

    <p class='ocr_par' dir='ltr' id='par_1_10' title="bbox 1911 3676 3436 3831">
     <span class='ocr_line' id='line_1_87' title="bbox 1995 3676 3436 3760; baseline -0.002 -19"><span class='ocrx_word' id='word_1_649' title='bbox 1995 3684 2108 3760; x_wconf 88' lang='grc'><strong>595</strong></span> <span class='ocrx_word' id='word_1_650' title='bbox 2136 3680 2172 3753; x_wconf 77' lang='grc' dir='ltr'><strong>ἢ</strong></span> <span class='ocrx_word' id='word_1_651' title='bbox 2204 3682 2275 3746; x_wconf 85' lang='grc' dir='ltr'>εἷς</span> <span class='ocrx_word' id='word_1_652' title='bbox 2301 3692 2408 3737; x_wconf 90' lang='lat' dir='ltr'>etc.</span> <span class='ocrx_word' id='word_1_653' title='bbox 2450 3682 2577 3736; x_wconf 86' lang='lat' dir='ltr'>Hoc</span> <span class='ocrx_word' id='word_1_654' title='bbox 2616 3676 2873 3735; x_wconf 86' lang='lat' dir='ltr'>scholion</span> <span class='ocrx_word' id='word_1_655' title='bbox 2912 3676 2984 3736; x_wconf 89' lang='lat' dir='ltr'>ad</span> <span class='ocrx_word' id='word_1_656' title='bbox 3022 3676 3157 3750; x_wconf 78' lang='grc' dir='ltr'>αὕτη</span> <span class='ocrx_word' id='word_1_657' title='bbox 3194 3691 3436 3757; x_wconf 88' lang='lat' dir='ltr'>spectat.</span> 
     </span>
     <span class='ocr_line' id='line_1_88' title="bbox 1911 3777 2091 3831; baseline -0.022 0"><span class='ocrx_word' id='word_1_658' title='bbox 1911 3777 2091 3831; x_wconf 80' lang='lat' dir='ltr'>Dum.</span> 
     </span>
    </p>

    <p class='ocr_par' dir='ltr' id='par_1_11' title="bbox 1997 3851 2861 3937">
     <span class='ocr_line' id='line_1_89' title="bbox 1997 3851 2861 3937; baseline -0.007 -19"><span class='ocrx_word' id='word_1_659' title='bbox 1997 3860 2130 3937; x_wconf 84' lang='lat'><strong>596,</strong></span> <span class='ocrx_word' id='word_1_660' title='bbox 2164 3857 2237 3914; x_wconf 86' lang='grc'>52</span> <span class='ocrx_word' id='word_1_661' title='bbox 2266 3851 2650 3932; x_wconf 79' lang='grc' dir='ltr'>τηγανισμένου</span> <span class='ocrx_word' id='word_1_662' title='bbox 2681 3859 2861 3912; x_wconf 75' lang='lat' dir='ltr'>DorV.</span> 
     </span>
    </p>

    <p class='ocr_par' dir='ltr' id='par_1_12' title="bbox 1914 3942 3448 4730">
     <span class='ocr_line' id='line_1_90' title="bbox 1996 3942 3439 4026; baseline -0.003 -20"><span class='ocrx_word' id='word_1_663' title='bbox 1996 3950 2110 4026; x_wconf 85' lang='lat'>598</span> <span class='ocrx_word' id='word_1_664' title='bbox 2146 3966 2259 4004; x_wconf 91' lang='lat' dir='ltr'>om.</span> <span class='ocrx_word' id='word_1_665' title='bbox 2292 3944 2465 4002; x_wconf 86' lang='lat' dir='ltr'>etiam</span> <span class='ocrx_word' id='word_1_666' title='bbox 2491 3943 2562 4001; x_wconf 84' lang='grc' dir='ltr'>Θ.</span> <span class='ocrx_word' id='word_1_667' title='bbox 2583 3978 2644 3990; x_wconf 88' lang='grc'>--</span> <span class='ocrx_word' id='word_1_668' title='bbox 2683 3961 2750 4014; x_wconf 88' lang='lat'>17</span> <span class='ocrx_word' id='word_1_669' title='bbox 2783 3960 2907 4019; x_wconf 87' lang='lat' dir='ltr'>sqq.</span> <span class='ocrx_word' id='word_1_670' title='bbox 2939 3942 3160 4000; x_wconf 87' lang='lat' dir='ltr'>Cratini</span> <span class='ocrx_word' id='word_1_671' title='bbox 3191 3943 3350 4000; x_wconf 86' lang='lat' dir='ltr'>locus</span> <span class='ocrx_word' id='word_1_672' title='bbox 3370 3963 3439 4001; x_wconf 84' lang='lat' dir='ltr'>ex</span> 
     </span>
     <span class='ocr_line' id='line_1_91' title="bbox 1914 4029 3439 4115; baseline -0.005 -21"><span class='ocrx_word' id='word_1_673' title='bbox 1914 4035 2325 4115; x_wconf 71' lang='lat' dir='ltr'>Hephaestione</span> <span class='ocrx_word' id='word_1_674' title='bbox 2343 4040 2432 4086; x_wconf 88' lang='lat' dir='ltr'>est</span> <span class='ocrx_word' id='word_1_675' title='bbox 2474 4048 2535 4104; x_wconf 83' lang='lat' dir='ltr'>p.</span> <span class='ocrx_word' id='word_1_676' title='bbox 2573 4034 2665 4099; x_wconf 82' lang='grc'>47.</span> <span class='ocrx_word' id='word_1_677' title='bbox 2698 4065 2760 4077; x_wconf 89' lang='grc'>--</span> <span class='ocrx_word' id='word_1_678' title='bbox 2797 4030 2866 4086; x_wconf 83' lang='lat'>18</span> <span class='ocrx_word' id='word_1_679' title='bbox 2894 4032 2985 4085; x_wconf 80' lang='grc' dir='ltr'>νῦν</span> <span class='ocrx_word' id='word_1_680' title='bbox 3010 4029 3144 4088; x_wconf 87' lang='lat' dir='ltr'>Ald.</span> <span class='ocrx_word' id='word_1_681' title='bbox 3176 4036 3248 4089; x_wconf 90' lang='lat' dir='ltr'>In</span> <span class='ocrx_word' id='word_1_682' title='bbox 3284 4036 3439 4089; x_wconf 88' lang='lat' dir='ltr'>Junt.</span> 
     </span>
     <span class='ocr_line' id='line_1_92' title="bbox 1915 4110 3437 4203; baseline -0.003 -22"><span class='ocrx_word' id='word_1_683' title='bbox 1915 4121 2006 4203; x_wconf 79' lang='grc' dir='ltr'>ἔχε</span> <span class='ocrx_word' id='word_1_684' title='bbox 2027 4118 2179 4198; x_wconf 84' lang='grc' dir='ltr'>σιγάν</span> <span class='ocrx_word' id='word_1_685' title='bbox 2202 4140 2217 4155; x_wconf 86' lang='grc'><em>·</em></span> <span class='ocrx_word' id='word_1_686' title='bbox 2247 4118 2488 4174; x_wconf 83' lang='grc' dir='ltr'>καλεῖται</span> <span class='ocrx_word' id='word_1_687' title='bbox 2508 4110 2563 4171; x_wconf 80' lang='grc' dir='ltr'>δὲ</span> <span class='ocrx_word' id='word_1_688' title='bbox 2590 4112 2681 4178; x_wconf 68' lang='grc' dir='ltr'>καὶ</span> <span class='ocrx_word' id='word_1_689' title='bbox 2709 4114 3061 4196; x_wconf 80' lang='grc' dir='ltr'>παροιμιακὸν</span> <span class='ocrx_word' id='word_1_690' title='bbox 3095 4116 3180 4175; x_wconf 85' lang='grc' dir='ltr'>διὰ</span> <span class='ocrx_word' id='word_1_691' title='bbox 3204 4118 3265 4176; x_wconf 79' lang='grc' dir='ltr'>τὸ</span> <span class='ocrx_word' id='word_1_692' title='bbox 3300 4120 3437 4177; x_wconf 89' lang='grc' dir='ltr'>πολ-</span> 
     </span>
     <span class='ocr_line' id='line_1_93' title="bbox 1914 4200 3434 4286; baseline 0.001 -23"><span class='ocrx_word' id='word_1_693' title='bbox 1914 4210 2009 4276; x_wconf 79' lang='grc' dir='ltr'>λὰς</span> <span class='ocrx_word' id='word_1_694' title='bbox 2036 4204 2322 4286; x_wconf 84' lang='grc' dir='ltr'>παροιμίας</span> <span class='ocrx_word' id='word_1_695' title='bbox 2347 4200 2517 4282; x_wconf 81' lang='grc' dir='ltr'>τούτῳ</span> <span class='ocrx_word' id='word_1_696' title='bbox 2538 4208 2853 4275; x_wconf 73' lang='grc' dir='ltr'>πεποιῆσθαι</span> <span class='ocrx_word' id='word_1_697' title='bbox 2883 4207 2959 4282; x_wconf 81' lang='grc' dir='ltr'>τῷ</span> <span class='ocrx_word' id='word_1_698' title='bbox 2985 4202 3179 4285; x_wconf 82' lang='grc' dir='ltr'>μέτρῳ.</span> <span class='ocrx_word' id='word_1_699' title='bbox 3213 4202 3434 4271; x_wconf 79' lang='grc' dir='ltr'>Ἄλλως.</span> 
     </span>
     <span class='ocr_line' id='line_1_94' title="bbox 1915 4289 3435 4379; baseline -0.002 -25"><span class='ocrx_word' id='word_1_700' title='bbox 1915 4293 2175 4379; x_wconf 88' lang='grc' dir='ltr'>παροιμία</span> <span class='ocrx_word' id='word_1_701' title='bbox 2203 4291 2289 4352; x_wconf 73' lang='grc' dir='ltr'>ἐπὶ</span> <span class='ocrx_word' id='word_1_702' title='bbox 2311 4296 2417 4351; x_wconf 75' lang='grc' dir='ltr'>τῶν</span> <span class='ocrx_word' id='word_1_703' title='bbox 2447 4291 2673 4376; x_wconf 75' lang='grc' dir='ltr'>ἅκριὸῶς</span> <span class='ocrx_word' id='word_1_704' title='bbox 2696 4289 2906 4350; x_wconf 80' lang='grc' dir='ltr'>εἰδότων</span> <span class='ocrx_word' id='word_1_705' title='bbox 2933 4291 3002 4350; x_wconf 89' lang='grc' dir='ltr'>τί.</span> <span class='ocrx_word' id='word_1_706' title='bbox 3024 4292 3111 4350; x_wconf 80' lang='grc' dir='ltr'>καὶ</span> <span class='ocrx_word' id='word_1_707' title='bbox 3135 4292 3308 4351; x_wconf 86' lang='grc' dir='ltr'>πάντα</span> <span class='ocrx_word' id='word_1_708' title='bbox 3326 4306 3435 4351; x_wconf 91' lang='lat' dir='ltr'>etc.</span> 
     </span>
     <span class='ocr_line' id='line_1_95' title="bbox 1917 4376 3443 4464; baseline -0.006 -20"><span class='ocrx_word' id='word_1_709' title='bbox 1917 4387 2054 4457; x_wconf 79' lang='lat' dir='ltr'>lna,</span> <span class='ocrx_word' id='word_1_710' title='bbox 2087 4380 2346 4464; x_wconf 86' lang='grc' dir='ltr'>παροιμία</span> <span class='ocrx_word' id='word_1_711' title='bbox 2380 4381 2593 4439; x_wconf 78' lang='grc' dir='ltr'>ἐπὶτῶν</span> <span class='ocrx_word' id='word_1_712' title='bbox 2622 4378 2849 4461; x_wconf 72' lang='grc' dir='ltr'>ἀκριὸῶς</span> <span class='ocrx_word' id='word_1_713' title='bbox 2885 4376 3099 4438; x_wconf 83' lang='grc' dir='ltr'>εἰδότων</span> <span class='ocrx_word' id='word_1_714' title='bbox 3141 4403 3221 4454; x_wconf 90' lang='grc' dir='ltr'>τι,</span> <span class='ocrx_word' id='word_1_715' title='bbox 3253 4388 3443 4463; x_wconf 73' lang='lat' dir='ltr'>perti-</span> 
     </span>
     <span class='ocr_line' id='line_1_96' title="bbox 1917 4467 3444 4549; baseline -0.005 -17"><span class='ocrx_word' id='word_1_716' title='bbox 1917 4493 2055 4532; x_wconf 88' lang='lat' dir='ltr'>nere</span> <span class='ocrx_word' id='word_1_717' title='bbox 2097 4471 2364 4549; x_wconf 90' lang='lat' dir='ltr'>suspicor</span> <span class='ocrx_word' id='word_1_718' title='bbox 2405 4469 2480 4528; x_wconf 88' lang='lat' dir='ltr'>ad</span> <span class='ocrx_word' id='word_1_719' title='bbox 2524 4490 2580 4526; x_wconf 87' lang='lat' dir='ltr'>v.</span> <span class='ocrx_word' id='word_1_720' title='bbox 2623 4471 2739 4525; x_wconf 88' lang='lat'>600</span> <span class='ocrx_word' id='word_1_721' title='bbox 2775 4467 2894 4545; x_wconf 84' lang='lat' dir='ltr'>[cul</span> <span class='ocrx_word' id='word_1_722' title='bbox 2925 4469 3240 4546; x_wconf 84' lang='lat' dir='ltr'>ascriptum</span> <span class='ocrx_word' id='word_1_723' title='bbox 3275 4472 3444 4531; x_wconf 82' lang='lat' dir='ltr'>estin</span> 
     </span>
     <span class='ocr_line' id='line_1_97' title="bbox 1917 4553 3448 4639; baseline -0.004 -21"><span class='ocrx_word' id='word_1_724' title='bbox 1917 4562 2119 4639; x_wconf 85' lang='lat' dir='ltr'>Regi0‚</span> <span class='ocrx_word' id='word_1_725' title='bbox 2144 4557 2352 4616; x_wconf 87' lang='lat' dir='ltr'>additis</span> <span class='ocrx_word' id='word_1_726' title='bbox 2379 4556 2518 4636; x_wconf 82' lang='grc' dir='ltr'>λέγει</span> <span class='ocrx_word' id='word_1_727' title='bbox 2547 4554 2601 4614; x_wconf 83' lang='grc' dir='ltr'>δὲ</span> <span class='ocrx_word' id='word_1_728' title='bbox 2627 4553 2707 4615; x_wconf 77' lang='grc' dir='ltr'>ὅτι</span> <span class='ocrx_word' id='word_1_729' title='bbox 2741 4556 2801 4613; x_wconf 83' lang='grc' dir='ltr'>οὐ</span> <span class='ocrx_word' id='word_1_730' title='bbox 2822 4554 2898 4632; x_wconf 81' lang='grc' dir='ltr'>μή</span> <span class='ocrx_word' id='word_1_731' title='bbox 2920 4577 2986 4633; x_wconf 87' lang='grc' dir='ltr'>με</span> <span class='ocrx_word' id='word_1_732' title='bbox 3012 4554 3212 4626; x_wconf 72' lang='grc' dir='ltr'>πείσεις</span> <span class='ocrx_word' id='word_1_733' title='bbox 3238 4560 3328 4618; x_wconf 79' lang='grc' dir='ltr'>καὶ</span> <span class='ocrx_word' id='word_1_734' title='bbox 3356 4558 3448 4619; x_wconf 77' lang='grc' dir='ltr'>ἐὰν</span> 
     </span>
     <span class='ocr_line' id='line_1_98' title="bbox 1917 4642 3443 4730; baseline 0 -23"><span class='ocrx_word' id='word_1_735' title='bbox 1917 4649 2066 4730; x_wconf 58' lang='grc' dir='ltr'>δᾶῃς</span> <span class='ocrx_word' id='word_1_736' title='bbox 2094 4647 2343 4726; x_wconf 85' lang='grc' dir='ltr'>πείθειν],</span> <span class='ocrx_word' id='word_1_737' title='bbox 2373 4647 2538 4724; x_wconf 86' lang='lat' dir='ltr'>quasi</span> <span class='ocrx_word' id='word_1_738' title='bbox 2578 4644 2654 4704; x_wconf 85' lang='lat' dir='ltr'>ab</span> <span class='ocrx_word' id='word_1_739' title='bbox 2687 4645 2757 4703; x_wconf 87' lang='lat' dir='ltr'>iis</span> <span class='ocrx_word' id='word_1_740' title='bbox 2788 4642 3234 4720; x_wconf 81' lang='lat' dir='ltr'>proverbialiter</span> <span class='ocrx_word' id='word_1_741' title='bbox 3273 4668 3443 4707; x_wconf 87' lang='lat' dir='ltr'>usur-</span> 
     </span>
    </p>
   </div>
   <div class='ocr_carea' id='block_1_7' title="bbox 299 4732 3447 5084">
    <p class='ocr_par' dir='ltr' id='par_1_13' title="bbox 299 4732 3447 5084">
     <span class='ocr_line' id='line_1_99' title="bbox 300 4732 3447 4820; baseline -0 -26"><span class='ocrx_word' id='word_1_742' title='bbox 300 4736 678 4796; x_wconf 87' lang='lat' dir='ltr'>inferioribus</span> <span class='ocrx_word' id='word_1_743' title='bbox 709 4737 931 4797; x_wconf 86' lang='lat' dir='ltr'>Latinis</span> <span class='ocrx_word' id='word_1_744' title='bbox 956 4747 1359 4815; x_wconf 66' lang='lat' dir='ltr'>parsimoniam</span> <span class='ocrx_word' id='word_1_745' title='bbox 1381 4783 1397 4812; x_wconf 94' lang='lat'><strong>,</strong></span> <span class='ocrx_word' id='word_1_746' title='bbox 1448 4742 1615 4800; x_wconf 86' lang='lat' dir='ltr'>aliter</span> <span class='ocrx_word' id='word_1_747' title='bbox 1659 4755 1831 4820; x_wconf 86' lang='lat' dir='ltr'>atque</span> <span class='ocrx_word' id='word_1_748' title='bbox 1920 4740 2046 4819; x_wconf 89' lang='lat' dir='ltr'>pari</span> <span class='ocrx_word' id='word_1_749' title='bbox 2074 4755 2309 4795; x_wconf 83' lang='lat' dir='ltr'>monere</span> <span class='ocrx_word' id='word_1_750' title='bbox 2345 4735 2652 4807; x_wconf 82' lang='lat' dir='ltr'>voluisset,</span> <span class='ocrx_word' id='word_1_751' title='bbox 2682 4733 2780 4810; x_wconf 88' lang='lat' dir='ltr'>qui</span> <span class='ocrx_word' id='word_1_752' title='bbox 2818 4732 2893 4795; x_wconf 85' lang='lat' dir='ltr'>de</span> <span class='ocrx_word' id='word_1_753' title='bbox 2919 4737 3163 4795; x_wconf 85' lang='lat' dir='ltr'>veritate</span> <span class='ocrx_word' id='word_1_754' title='bbox 3199 4736 3447 4814; x_wconf 85' lang='lat' dir='ltr'>cujusvis</span> 
     </span>
     <span class='ocr_line' id='line_1_100' title="bbox 299 4824 3447 4905; baseline 0.001 -24"><span class='ocrx_word' id='word_1_755' title='bbox 299 4843 410 4882; x_wconf 88' lang='lat' dir='ltr'>usu</span> <span class='ocrx_word' id='word_1_756' title='bbox 444 4826 668 4902; x_wconf 83' lang='lat' dir='ltr'>vulgari</span> <span class='ocrx_word' id='word_1_757' title='bbox 714 4827 862 4885; x_wconf 86' lang='lat' dir='ltr'>solet</span> <span class='ocrx_word' id='word_1_758' title='bbox 903 4848 1019 4905; x_wconf 89' lang='lat' dir='ltr'>pro.</span> <span class='ocrx_word' id='word_1_759' title='bbox 1059 4829 1299 4887; x_wconf 85' lang='lat' dir='ltr'>caritate</span> <span class='ocrx_word' id='word_1_760' title='bbox 1340 4848 1532 4887; x_wconf 88' lang='lat' dir='ltr'>rerum</span> <span class='ocrx_word' id='word_1_761' title='bbox 1574 4848 1834 4888; x_wconf 83' lang='lat' dir='ltr'>necessa-</span> <span class='ocrx_word' id='word_1_762' title='bbox 1920 4828 2005 4887; x_wconf 91' lang='lat' dir='ltr'>rei</span> <span class='ocrx_word' id='word_1_763' title='bbox 2044 4824 2303 4905; x_wconf 88' lang='lat' dir='ltr'>persuasi</span> <span class='ocrx_word' id='word_1_764' title='bbox 2358 4842 2392 4881; x_wconf 88' lang='lat' dir='ltr'>a</span> <span class='ocrx_word' id='word_1_765' title='bbox 2434 4835 2701 4901; x_wconf 89' lang='lat' dir='ltr'>suscepta</span> <span class='ocrx_word' id='word_1_766' title='bbox 2740 4825 2911 4882; x_wconf 86' lang='lat' dir='ltr'>semel</span> <span class='ocrx_word' id='word_1_767' title='bbox 2943 4827 3224 4883; x_wconf 85' lang='lat' dir='ltr'>sententia</span> <span class='ocrx_word' id='word_1_768' title='bbox 3276 4825 3447 4883; x_wconf 83' lang='lat' dir='ltr'>nullis</span> 
     </span>
     <span class='ocr_line' id='line_1_101' title="bbox 301 4911 3442 4993; baseline 0.003 -24"><span class='ocrx_word' id='word_1_769' title='bbox 301 4912 518 4970; x_wconf 86' lang='lat' dir='ltr'>riarum</span> <span class='ocrx_word' id='word_1_770' title='bbox 545 4932 613 4970; x_wconf 90' lang='lat' dir='ltr'>ac</span> <span class='ocrx_word' id='word_1_771' title='bbox 637 4914 879 4991; x_wconf 84' lang='lat' dir='ltr'>penuria</span> <span class='ocrx_word' id='word_1_772' title='bbox 904 4916 1066 4993; x_wconf 86' lang='lat' dir='ltr'>poni,</span> <span class='ocrx_word' id='word_1_773' title='bbox 1093 4916 1327 4993; x_wconf 88' lang='lat' dir='ltr'>quando</span> <span class='ocrx_word' id='word_1_774' title='bbox 1359 4917 1630 4975; x_wconf 89' lang='lat' dir='ltr'>nimirum</span> <span class='ocrx_word' id='word_1_775' title='bbox 1650 4938 1834 4976; x_wconf 90' lang='lat' dir='ltr'>anno-</span> <span class='ocrx_word' id='word_1_776' title='bbox 1922 4916 2198 4976; x_wconf 89' lang='lat' dir='ltr'>machinis</span> <span class='ocrx_word' id='word_1_777' title='bbox 2242 4911 2525 4970; x_wconf 83' lang='lat' dir='ltr'>dimoveri</span> <span class='ocrx_word' id='word_1_778' title='bbox 2573 4931 2635 4974; x_wconf 83' lang='lat' dir='ltr'>se</span> <span class='ocrx_word' id='word_1_779' title='bbox 2679 4926 2997 4993; x_wconf 73' lang='lat' dir='ltr'>patiuntur.</span> <span class='ocrx_word' id='word_1_780' title='bbox 3039 4918 3260 4973; x_wconf 66' lang='lat' dir='ltr'>Haus‘r.</span> <span class='ocrx_word' id='word_1_781' title='bbox 3295 4949 3347 4963; x_wconf 86' lang='lat'>·-</span> <span class='ocrx_word' id='word_1_782' title='bbox 3370 4917 3442 4974; x_wconf 77' lang='lat'>28</span> 
     </span>
     <span class='ocr_line' id='line_1_102' title="bbox 300 4997 2498 5084; baseline 0.002 -27"><span class='ocrx_word' id='word_1_783' title='bbox 300 5000 478 5059; x_wconf 85' lang='lat' dir='ltr'>nariae</span> <span class='ocrx_word' id='word_1_784' title='bbox 496 5000 735 5078; x_wconf 88' lang='lat' dir='ltr'>species,</span> <span class='ocrx_word' id='word_1_785' title='bbox 765 5003 976 5072; x_wconf 80' lang='lat' dir='ltr'>uthti</span> <span class='ocrx_word' id='word_1_786' title='bbox 1001 5004 1319 5082; x_wconf 88' lang='lat' dir='ltr'>loquuntur</span> <span class='ocrx_word' id='word_1_787' title='bbox 1338 5048 1355 5077; x_wconf 91' lang='lat'>‚</span> <span class='ocrx_word' id='word_1_788' title='bbox 1378 5025 1496 5064; x_wconf 87' lang='lat' dir='ltr'>non</span> <span class='ocrx_word' id='word_1_789' title='bbox 1526 5006 1635 5063; x_wconf 88' lang='lat' dir='ltr'>nisi</span> <span class='ocrx_word' id='word_1_790' title='bbox 1662 5026 1835 5084; x_wconf 87' lang='lat' dir='ltr'>parce</span> <span class='ocrx_word' id='word_1_791' title='bbox 1922 5003 2060 5066; x_wconf 72' lang='grc' dir='ltr'>Ἀντὶ</span> <span class='ocrx_word' id='word_1_792' title='bbox 2087 5008 2178 5062; x_wconf 76' lang='grc' dir='ltr'>τοῦ</span> <span class='ocrx_word' id='word_1_793' title='bbox 2206 4997 2396 5083; x_wconf 76' lang='grc' dir='ltr'>φθέγξῃ</span> <span class='ocrx_word' id='word_1_794' title='bbox 2423 5000 2498 5062; x_wconf 81' lang='lat' dir='ltr'>V·</span> 
     </span>
    </p>
   </div>
   <div class='ocr_carea' id='block_1_8' title="bbox 301 5086 1836 5171">
    <p class='ocr_par' dir='ltr' id='par_1_14' title="bbox 301 5086 1836 5171">
     <span class='ocr_line' id='line_1_103' title="bbox 301 5086 1836 5171; baseline 0.005 -28"><span class='ocrx_word' id='word_1_795' title='bbox 301 5086 612 5164; x_wconf 75' lang='lat' dir='ltr'>stricteque</span> <span class='ocrx_word' id='word_1_796' title='bbox 629 5088 868 5167; x_wconf 79' lang='lat' dir='ltr'>praeberi</span> <span class='ocrx_word' id='word_1_797' title='bbox 883 5092 1281 5169; x_wconf 76' lang='lat' dir='ltr'>comparat-ive</span> <span class='ocrx_word' id='word_1_798' title='bbox 1299 5104 1555 5171; x_wconf 86' lang='lat' dir='ltr'>possunt.</span> <span class='ocrx_word' id='word_1_799' title='bbox 1571 5088 1836 5171; x_wconf 76' lang='grc' dir='ltr'>Κίμὸικας</span> 
     </span>
    </p>
   </div>
   <div class='ocr_carea' id='block_1_9' title="bbox 2004 5091 3244 5170">
    <p class='ocr_par' dir='ltr' id='par_1_15' title="bbox 2004 5091 3244 5170">
     <span class='ocr_line' id='line_1_104' title="bbox 2004 5091 3244 5170; baseline -0.002 -20"><span class='ocrx_word' id='word_1_800' title='bbox 2004 5095 2139 5170; x_wconf 87' lang='grc'><strong>690,</strong></span> <span class='ocrx_word' id='word_1_801' title='bbox 2174 5092 2244 5164; x_wconf 82' lang='lat'>37</span> <span class='ocrx_word' id='word_1_802' title='bbox 2275 5109 2357 5146; x_wconf 91' lang='grc' dir='ltr'>σοι</span> <span class='ocrx_word' id='word_1_803' title='bbox 2385 5106 2506 5150; x_wconf 76' lang='lat' dir='ltr'>oni.</span> <span class='ocrx_word' id='word_1_804' title='bbox 2533 5094 2608 5149; x_wconf 83' lang='lat' dir='ltr'>R.</span> <span class='ocrx_word' id='word_1_805' title='bbox 2635 5112 2719 5149; x_wconf 91' lang='grc' dir='ltr'>σοι</span> <span class='ocrx_word' id='word_1_806' title='bbox 2745 5102 2804 5150; x_wconf 80' lang='lat' dir='ltr'>et</span> <span class='ocrx_word' id='word_1_807' title='bbox 2830 5109 2987 5169; x_wconf 83' lang='lat' dir='ltr'>seqq.</span> <span class='ocrx_word' id='word_1_808' title='bbox 3021 5108 3134 5147; x_wconf 90' lang='lat' dir='ltr'>om.</span> <span class='ocrx_word' id='word_1_809' title='bbox 3168 5091 3244 5150; x_wconf 85' lang='grc' dir='ltr'>Θ.</span> 
     </span>
    </p>
   </div>
  </div>
 </body>
</html>
