3859 5725
1731 298 2011 362 AVIUM.

368 430 515 509 510,
544 438 619 504 46
660 458 743 517 sq.
792 437 1062 517 proximo
1095 437 1318 497 scholio
1371 438 1676 517 postponit
1723 442 1816 509 V„

3334 308 3446 359 ⁴85

1993 429 2106 504 539
2123 470 2140 501 ,
2168 426 2243 485 25
2264 425 2497 507 χαλέψαι
2522 427 2578 484 in
2607 424 2798 508 κλέψαι
2821 443 3161 508 corruptum
3195 450 3290 508 ap.
3312 434 3447 490 Sm-

299 521 527 595 ptaefixo
567 523 770 597 ἄλλως,
817 529 1035 586 omittit
1082 531 1149 585 R.
1176 563 1239 576 -
1274 534 1351 603 49
1384 525 1702 608 δωροδοκίας
1737 531 1811 586 v,
1909 515 2043 574 dam
2070 536 2115 574 s.
2145 513 2575 582 Χαλεπωτᾶτους.
2599 558 2623 598 ,

370 695 405 753 5
424 697 526 773 15,
560 721 599 776 9
635 691 780 761 εἶπεν
809 699 899 760 ἐπὶ
924 699 1008 778 (ἐκ
1034 698 1245 777 codex)
1270 703 1366 771 τῆς
1387 702 1620 783 κεφαλῆς
1649 701 1816 761 addi-

294 790 411 840 tum
438 804 507 842 ex
531 790 600 845 R.
628 790 658 846 ὁ
680 806 793 845 om.
821 791 896 849 V.
921 823 985 835 —
1010 807 1081 845 10
1104 788 1149 845 δ’
1175 785 1531 870 ἀνασκάπτρῳ
1553 794 1622 849 V.
1645 789 1691 848 δ’
1716 788 1815 849 ἀνὰ

295 871 534 951 σκῆπτρα
551 880 621 934 G.
645 874 699 952 γ’
718 874 1010 956 ἀσκήπτρῳ
1032 875 1167 936 Ald.
1202 900 1228 928 α
1246 876 1625 936 Scribendum
1651 875 1696 937 δ’
1716 876 1819 937 ἀνὰ

295 956 528 1040 σκάπτῳ.
548 986 574 1014 ³»
601 963 869 1023 Dindorf.
893 1000 958 1015 -
991 982 1016 1020 ι
1034 984 1058 1021 ι
1089 963 1222 1025 init.
1250 963 1399 1031 ἀετός
1425 971 1494 1024 G.
1518 964 1821 1037 σκηπτοὸἄ-

293 1064 403 1120 μων
438 1058 594 1105 recte
639 1050 851 1109 Victor.
873 1087 938 1100 -
963 1069 1033 1109 12
1071 1049 1289 1110 εἰώθασι
1301 1095 1321 1127 ,
1365 1061 1433 1123 14
1479 1053 1716 1133 γλαῦκαν
1741 1059 1812 1113 R.

289 1166 351 1181 ..
378 1132 447 1190 15
474 1135 546 1201 ὣς
569 1138 676 1217 θερ.
708 1135 766 1197 δὲ
790 1144 864 1199 Ὺ.
900 1137 1037 1200 ald.

367 1218 477 1278 521
493 1265 511 1295 ,
540 1242 611 1281 21
641 1225 993 1308 Σωσικράτης
1014 1228 1318 1290 Kusterus.
1345 1229 1673 1308 Legebatur
1695 1232 1818 1292 Σω-

289 1305 483 1386 κράτης
514 1309 608 1369 11ἰο
632 1325 695 1371 et
724 1314 882 1393 apud
922 1314 1143 1377 Zenob.
1172 1318 1451 1381 Proverb.
1482 1319 1517 1377 5
1538 1361 1555 1391 ,
1594 1322 1691 1382 81.
1726 1326 1817 1380 De

290 1396 569 1458 Sosicrate
593 1400 809 1460 dictum
837 1402 912 1463 ab
946 1406 1385 1466 Hemsterhusio
1414 1408 1471 1465 in
1500 1408 1815 1468 Anecdotis

285 1482 400 1543 vol.
431 1505 492 1557 1,
519 1507 577 1565 p.
615 1508 723 1565 197
742 1534 762 1564 ,
795 1503 855 1549 et
880 1490 956 1551 ab
983 1492 1184 1550 Geelio
1211 1494 1272 1550 in
1309 1492 1584 1557 Biblioth.
1616 1498 1815 1556 critica

280 1588 437 1642 nova
464 1573 582 1632 vol.
618 1595 642 1631 1
664 1621 683 1651 ‚
715 1596 773 1654 p.
814 1580 911 1637 62.
952 1579 1283 1657 Legebantur
1307 1583 1385 1662 τῷ
1429 1580 1520 1640 ιδ’.
1572 1586 1814 1644 Correxi

285 1672 355 1715 ex
371 1660 652 1720 Zenobio.
679 1669 866 1723 Dum.
886 1702 953 1717 —
975 1686 1050 1725 22
1077 1664 1374 1746 δεξάμενος,
1405 1679 1479 1738 24
1509 1669 1693 1732 οὐδένα
1719 1674 1814 1732 οὐκ

283 1743 371 1801 ἐᾶν
402 1750 472 1807 V.
496 1783 561 1798 —
580 1751 656 1808 26
678 1749 735 1809 δὲ
758 1772 877 1811 0111.
899 1758 993 1827 R.,
1021 1753 1112 1813 καὶ
1141 1775 1255 1814 om.
1281 1761 1352 1815 V.
1369 1800 1434 1810 .-
1461 1775 1532 1832 27
1559 1757 1811 1843 Σύὸαριν.

284 1831 426 1891 Vide
453 1835 686 1912 Taylor.
717 1840 792 1901 ad
843 1842 1071 1919 Lysiam
1100 1844 1212 1902 vol.
1251 1863 1284 1902 2
1307 1887 1324 1918 ,
1350 1864 1408 1922 p.
1446 1865 1553 1918 107
1591 1849 1807 1926 Reisk.‚

288 1921 621 2002 wesseling.
644 1924 718 1983 ad
739 1927 986 1988 Diodor.
1020 1951 1109 2004 12,
1145 1950 1236 1992 ιο.
1268 1936 1456 1993 Dum.
1486 1932 1709 1996 σύὸασιν
1739 1941 1806 1998 V.

283 2002 544 2082 σύμὸασιν
572 2014 727 2069 G.-
754 2016 829 2073 3ο
855 2014 945 2075 καὶ
974 2036 1091 2076 om.
1119 2023 1190 2078 R.
1212 2055 1279 2068 —
1305 2020 1373 2076 31
1414 2020 1511 2086 Εἰς
1554 2019 1634 2097 (τὸ
1671 2022 1809 2081 add.

281 2092 381 2171 G.)
408 2093 553 2156 αὐτό.
589 2094 672 2157 ὅτι
698 2106 769 2159 V.
789 2139 856 2153 —
884 2105 955 2162 32
995 2103 1050 2164 δὲ
1091 2105 1182 2165 καὶ
1209 2111 1280 2164 V.
1304 2145 1368 2156 —
1401 2108 1473 2165 33
1503 2109 1685 2189 πολλῷ
1710 2107 1813 2191 γὰρ

281 2177 494 2263 ὕστερον
517 2186 779 2266 Κρατῖνος
796 2191 851 2247 ἐν
871 2194 937 2271 τῇ·
958 2191 1204 2270 Νεμέσει.
1224 2194 1462 2253 Fallitur
1475 2196 1812 2257 scholiastes

280 2269 384 2346 qui
408 2274 709 2334 Cratinum
739 2277 800 2335 in
824 2282 1053 2340 Nemesi
1088 2281 1282 2340 sabula
1310 2282 1487 2362 longo
1512 2298 1647 2365 post
1666 2294 1813 2344 Aves

279 2354 456 2416 editas
484 2371 762 2439 tempore,
787 2364 844 2422 h.
877 2386 925 2424 e.
961 2381 1095 2444 post
1118 2369 1355 2447 Olymp.
1390 2391 1460 2447 91
1483 2418 1501 2446 ,
1553 2394 1601 2447 1,
1638 2379 1812 2433 Lam-

275 2444 446 2521 ponis
480 2458 545 2504 ut
592 2449 709 2509 vivi
753 2454 1118 2534 vigentisque
1159 2458 1512 2518 mentionem
1550 2461 1813 2540 injecisse

277 2531 506 2608 scribit3
532 2536 690 2613 quod
718 2539 1085 2602 falsissimum
1111 2564 1239 2604 esse
1266 2546 1361 2605 vel
1388 2566 1462 2606 ex
1495 2567 1567 2607 eo
1594 2550 1813 2610 intelli-

275 2618 460 2697 gitur,
482 2623 641 2699 quod
665 2629 922 2687 Nemesis
955 2629 1153 2690 fabula
1177 2646 1312 2710 post
1332 2635 1565 2695 Periclis
1587 2635 1810 2710 obi-tum

275 2706 471 2767 doceri
490 2712 589 2769 vix
619 2717 829 2791 potuit.
851 2721 924 2775 V.
946 2719 1239 2780 Plutarch.
1267 2723 1470 2782 Pericl.
1495 2744 1547 2786 e.
1575 2725 1629 2783 3.
1656 2730 1813 2784 Mm-

277 2813 415 2854 nx.
440 2799 590 2860 Hist.
620 2805 780 2863 Com.
808 2823 867 2884 p.
897 2814 991 2879 44.
1016 2812 1155 2868 Post
1182 2810 1351 2878 ζῶντα
1372 2810 1698 2873 addebatur
1717 2812 1811 2874 καὶ

272 2887 442 2944 ταῦτα
466 2889 648 2970 πολλῷ
675 2887 912 2975 ὕστερον.

358 2973 499 3043 523,
531 2977 603 3051 37
636 2976 817 3053 μᾶνεις
845 2985 942 3056 Ὺ.,
970 3001 1089 3044 om.
1123 2988 1197 3043 R.

357 3060 468 3134 527
488 3061 628 3122 ἔστιν
643 3053 739 3126 εἶδ.
769 3073 837 3128 R.
858 3065 971 3127 ἔστι
996 3068 1054 3128 δὲ
1082 3090 1200 3132 om.
1229 3075 1299 3134 V.
1318 3072 1565 3150 παγίδας,
1583 3065 1716 3143 εἶδος
1732 3082 1806 3140 G.

358 3148 502 3223 530,
548 3153 734 3226 45-47
781 3152 1242 3226 Ὅτι-συντονίας
1280 3174 1417 3237 post
1457 3164 1811 3226 κατεσθίουσιν

274 3238 449 3314 ponit
477 3243 571 3314 V.,
600 3241 838 3319 praefixo
870 3241 1070 3320 ἄλλως,
1109 3246 1269 3322 quod
1306 3249 1642 3311 Dindorfius
1679 3266 1813 3312 ante

275 3323 549 3402 βλιμάζειν
578 3326 818 3389 addidit.
848 3367 910 3379 -
935 3331 1010 3398 46
1038 3333 1195 3391 καλλ.
1224 3334 1473 3417 ψηλαφᾶν
1499 3338 1658 3417 φησὶν
1677 3341 1812 3400 αὗταί

270 3416 344 3471 Ὺ.
370 3448 435 3461 -
454 3420 525 3486 47
556 3412 856 3492 legebatur
878 3419 1180 3498 συντομίας.
1208 3458 1274 3469 -
1301 3428 1377 3498 49
1399 3420 1516 3490 τοὺς
1535 3424 1644 3506 ὄρν.
1673 3427 1807 3485 Ald.

271 3503 421 3559 Cum
448 3501 538 3560 his
578 3502 782 3561 confer
813 3509 1003 3582 Etym.
1045 3512 1127 3566 Μ.
1160 3528 1216 3586 p.
1263 3527 1416 3582 200,
1459 3513 1567 3587 46,
1600 3514 1701 3592 qui
1740 3536 1813 3575 ex

270 3588 638 3735 plgnioribus
660 3592 736 3651 ad
759 3593 913 3653 hunc
940 3615 1172 3655 versum
1195 3596 1431 3657 scholiis
1449 3619 1554 3659 sua
1574 3604 1811 3680 petiisse

270 3695 333 3734 vl
376 3689 525 3738 etur.

358 3764 496 3838 531,
529 3766 600 3824 52
631 3764 709 3826 ὅτι
739 3769 800 3826 οὔ
830 3773 902 3829 R.

356 3851 495 3925 533,
525 3874 549 3910 ι
580 3855 912 3939 συντρίὸουσι
939 3863 1009 3918 G.
1025 3897 1087 3908 —
1108 3879 1141 3919 2
1166 3880 1250 3940 sq.
1274 3861 1555 3943 ἡδύοσμος.
1577 3865 1813 3950 προσάρ-

268 3961 438 4016 τυμα.
487 3939 689 4022 σίλφιον
718 3965 732 4001 ι
756 3942 819 4001 τὸ
849 3946 902 4003 ἐν
926 3945 1096 4027 Λιὸύῃ
1126 3949 1418 4027 γενόμενον.
1449 3953 1719 4034 θεραπεύει
1756 3955 1811 4014 δὲ

269 4023 326 4103 (ὃ
359 4025 634 4110 θεραπεύει
657 4030 753 4108 Ὺ.)
785 4030 957 4091 πολλὰ
977 4078 995 4108 ,
1024 4030 1136 4092 ῖστι
1162 4034 1218 4092 δὲ
1245 4036 1335 4095 καὶ
1355 4038 1713 4118 πολυτίμητον
1732 4049 1806 4106 V.

270 4115 409 4175 Διά.
443 4115 535 4175 Διὶ
563 4136 691 4176 voc.
719 4119 1196 4202 προσάρτυμαὴωο
1218 4129 1538 4185 Kusterus:
1568 4133 1671 4188 «ln
1698 4132 1806 4192 Ms.

268 4207 407 4263 Vat.
427 4207 502 4263 U.
533 4206 745 4263 rectius
768 4204 897 4288 πρὸς
917 4206 979 4266 τὸ
1006 4207 1236 4290 ἄρτυμα.
1266 4212 1494 4271 Deinde
1536 4215 1772 4278 additur
1791 4263 1808 4291 ,

266 4287 405 4372 ὅπερ
433 4293 487 4351 ἐν
516 4290 692 4373 Λιὸύῃ
728 4294 947 4372 γίνεται.
978 4297 1249 4377 θεραπεύει
1286 4299 1343 4360 δὲ
1374 4300 1568 4364 πολλοί.
1612 4302 1724 4363 ἔστι
1756 4305 1810 4365 δὲ

267 4378 656 4458 πολυτίμητον.
680 4406 707 4433 υ
727 4417 794 4430 -
817 4381 851 4438 5
879 4404 970 4460 μοι
994 4403 1112 4446 om.
1144 4390 1211 4444 V.

357 4466 474 4525 535
498 4468 706 4527 lemma
723 4467 890 4546 γλυκὺ
905 4470 994 4529 καὶ
1019 4472 1239 4554 λιπαρόν
1267 4476 1328 4533 in
1351 4481 1421 4538 R.
1447 4482 1637 4554 V.-7
1664 4478 1810 4564 παρὰ

266 4553 334 4614 τὸ
362 4553 580 4634 χέεσθαι
606 4556 737 4615 Ald.
765 4556 1155 4637 παραχεύεσθαι
1182 4567 1254 4622 V.
1535 4576 1550 4639 Ι

358 4642 497 4718 538,
535 4663 559 4700 1
575 4664 597 4700 1
633 4642 930 4727 Κενεόρίων
965 4647 1102 4705 κατὰ
1128 4653 1200 4710 V.
1227 4650 1365 4711 κατὰ
1393 4651 1691 4737 μεταφορὰν
1718 4662 1813 4718 τοῦ

268 4727 539 4809 στοιχείου
564 4730 699 4792 Ald.
725 4770 789 4783 -
817 4753 885 4790 ι2
925 4734 1212 4817 νεκριμέων
1245 4743 1312 4798 R.
1338 4778 1400 4791 -
1429 4763 1451 4799 1
1467 4751 1497 4813 4
1543 4744 1639 4802 οὐκ
1665 4741 1815 4803 ἔσται

269 4836 390 4878 κεν.
423 4817 560 4877 ΑΜ.
583 4855 647 4869 -
674 4820 744 4878 15
783 4821 1159 4884 scribebatur
1185 4825 1471 4910 κενέὸριον.
1508 4833 1815 4892 Erotianus

272 4924 340 4984 p.
384 4914 498 4974 2υ4
549 4926 564 4964 2
607 4905 895 4989 Κενείὸρεια
919 4932 934 4968 :
959 4909 1030 4970 τὰ
1055 4922 1337 4996 νεκριμαῖα
1379 4916 1509 5000 κρέα
1549 4916 1685 4979 οὕτω
1722 4941 1819 4978 κα-

268 4992 523 5062 λοῦνται,
548 4994 620 5060 ὥς
644 4993 735 5052 καὶ
760 4994 1129 5081 Ἀριστοφάνης
1152 5028 1176 5057 ιι
1201 5005 1297 5062 οὔκ
1319 5001 1429 5073 ἔσθ’
1470 5005 1500 5068 ὃ
1525 5006 1817 5092 κενέὸρειον

271 5075 1038 5165 αὕτανθύῃςτικαλεῖμι.»

1991 603 2106 672 540
2123 646 2140 675 ,
2164 621 2237 675 27
2271 600 2387 683 Ἔρ.
2412 599 2468 659 δὲ
2496 600 2601 661 ἀπὸ
2621 603 2726 660 τῶν
2750 602 3116 685 πρεσὸυτέρων
3143 611 3212 663 V.

1992 690 2128 763 547,
2152 692 2224 750 33
2247 709 2331 767 sq.
2350 688 2750 767 ταῦτα-λέγειν
2783 703 2915 751 ante
2935 694 3005 758 ὥς
3033 694 3078 749 εἰ
3100 683 3243 753 εἶπεν
3262 694 3445 753 collo-

1907 790 2002 836 cat
2023 782 2094 836 V.
2111 820 2127 848 ,
2154 778 2368 836 omisso
2397 774 2471 835 δέ.

1992 865 2104 923 553
2120 910 2138 940 ,
2160 874 2227 934 41
2255 885 2342 943 sq.
2368 862 2584 943 Ὄνομα
2613 863 2810 944 ὀρνέου.
2834 864 3043 937 ἅπαιξεν
3068 869 3195 928 ὡσεὶ
3222 874 3311 944 R.,
3341 872 3443 948 qui

1910 961 1984 1023 44
2014 952 2105 1012 καὶ
2133 951 2215 1012 ὅτι
2233 951 2372 1034 ὄρνις
2392 951 2483 1012 καὶ
2506 973 2618 1012 0111.
2640 953 2797 1013 Idem
2822 953 3086 1037 Κεὸριόνι.

1971 1042 2138 1116 555,
2174 1045 2249 1110 48
2277 1061 2392 1101 om.
2418 1046 2519 1117 R„
2542 1046 2579 1114 ἡ
2608 1041 2760 1123 μα’χη
2790 1063 2906 1103 om.
2935 1048 3006 1103 V.

1990 1129 2126 1205 556,
2149 1129 2224 1188 50
2242 1126 2519 1198 Βοιωτούς.
2539 1133 2725 1192 Immo
2738 1128 2987 1212 Δελφούς.
3007 1136 3307 1192 Donnes.
3326 1134 3446 1207 Qui

1907 1216 2269 1299 βουλομένους.
2312 1217 2640 1296 Legebatur
2680 1219 3030 1299 βουλομένοις.
3072 1256 3137 1272 -
3185 1220 3258 1280 52
3299 1217 3445 1298 λέγει

1905 1328 2021 1367 om.
2045 1313 2111 1367 V.
2132 1343 2200 1358 -
2229 1327 2253 1365 ι
2285 1297 2431 1373 οὗτος
2454 1306 2509 1364 δὲ
2534 1309 2605 1367 R.
2633 1311 2663 1368 ὁ
2683 1306 2802 1368 τότε
2825 1308 2918 1368 καὶ
2942 1308 3067 1369 ΑΜ.
3089 1307 3182 1367 καὶ
3207 1328 3322 1369 om.
3347 1314 3443 1384 R„

1908 1396 2009 1472 qui
2033 1393 2224 1455 ἔθεντο.
2255 1429 2320 1444 -
2353 1415 2414 1452 11
2446 1393 2609 1476 τρίτῳ
2635 1393 2760 1456 ἔτει.
2789 1402 2989 1477 Longe
3016 1396 3255 1457 brevius
3289 1408 3441 1456 tem-

1906 1503 2015 1561 pus
2052 1482 2472 1556 intercessisse,
2502 1483 2664 1542 illum
2694 1496 2888 1543 autem
2919 1505 3226 1550 numerum
3257 1486 3442 1565 negli-

1903 1583 2105 1649 genter
2132 1572 2396 1648 inspecto
2425 1571 2767 1648 Thucydide
2790 1575 3051 1651 posuisse
3078 1575 3442 1634 scholiastam

1904 1659 2161 1717 ostendit
2208 1659 2459 1718 Clinton.
2505 1663 2656 1719 Fast.
2705 1659 2850 1718 Hell.
2897 1661 3015 1720 vol.
3068 1681 3101 1718 2
3124 1705 3141 1735 ,
3191 1680 3250 1740 p.
3306 1663 3438 1723 258.

1904 1746 2129 1806 Deinde
2147 1744 2276 1827 πρὸς
2295 1746 2555 1814 Βοιωτοὺς
2577 1747 2765 1809 dicere
2778 1748 3043 1809 debebat.
3070 1750 3237 1809 Cons.
3264 1755 3448 1828 Hesy«

1903 1836 2100 1894 chium
2136 1836 2198 1896 in
2236 1833 2393 1916 Ἱερὸς
2419 1833 2646 1915 πόλεμος
2678 1857 2811 1897 cum
2851 1837 3324 1897 annotationibus
3351 1840 3441 1897 in—

1906 1937 2240 2002 terpretum.
2278 1927 2458 1983 Dum.

1987 2013 2129 2087 558,
2160 2013 2277 2088 559
2306 2010 2482 2072 habet
2500 2018 2573 2072 G.
2591 2055 2609 2086 ,
2638 2013 2741 2090 qui
2773 2013 2841 2072 18
2870 2011 2931 2071 τὸ
2952 2011 3302 2086 πληθυντικὸν
3323 2013 3439 2085 ηὔξ.

1986 2101 2135 2179 562,
2175 2120 2251 2159 22
2283 2100 2401 2180 Πρὸ
2426 2122 2478 2162 τ.
2510 2104 2559 2162 θ.
2599 2121 2712 2160 om.
2733 2105 2798 2160 V.
2827 2138 2887 2150 —
2918 2105 2992 2162 23
3023 2100 3441 2183 προσνείμασθαι

1904 2187 2078 2247 habet
2099 2194 2172 2248 R.

1986 2276 2098 2334 565
2112 2321 2129 2351 ,
2159 2297 2234 2353 ²9
2252 2274 2418 2355 φαλόν
2440 2279 2506 2335 V.
2528 2275 2746 2338 Eadem
2765 2276 3018 2342 Athenaei
3051 2277 3252 2355 opinio
3276 2290 3363 2336 est
3385 2298 3442 2350 7,

1903 2382 1960 2441 p.
1991 2363 2128 2439 325,
2156 2371 2218 2424 Β.
2241 2370 2422 2424 Dum.

1985 2452 2133 2527 566,
2166 2455 2242 2510 30
2272 2451 2329 2511 δὲ
2351 2475 2475 2512 ποσ.
2493 2458 2566 2512 Ὺ.
2588 2489 2653 2501 -
2675 2455 2744 2512 3ι
2774 2450 2831 2513 δὲ
2856 2465 2916 2512 et
2941 2455 3014 2512 32
3035 2451 3123 2513 καὶ
3147 2472 3261 2513 om.
3290 2457 3343 2512 R

1985 2539 2100 2615 557
2134 2545 2204 2601 R.
2242 2542 2419 2602 habet
2446 2538 2507 2599 τὸ
2537 2540 2604 2607 δὲ.
2634 2543 2964 2620 μελιττοῧτα.
2986 2544 3272 2624 ἀρσενικῶς
3310 2539 3334 2622 (
3350 2543 3441 2600 vel

1902 2627 2218 2710 ἀρσενικόν).
2249 2628 2362 2690 ἔστι
2385 2628 2440 2689 δὲ
2463 2629 2699 2691 ἐπίθετον
2733 2632 2837 2690 τῶν
2865 2625 3091 2691 ναστῶν.

1986 2717 2130 2791 568,
2171 2726 2202 2787 4
2220 2740 2238 2776 1
2277 2717 2492 2798 μοιχεὺς
2514 2724 2605 2796 Ὺ.,
2629 2739 2749 2779 non
2772 2720 3005 2788 G.,-43
3039 2716 3121 2778 ὅτι
3143 2738 3258 2778 om.
3279 2723 3351 2777 V.
3380 2757 3442 2770 —

1904 2819 1977 2881 44
2009 2807 2331 2890 σπερμάτιον
2360 2813 2389 2869 ὁ
2407 2813 2479 2868 R.

1986 2899 2122 2972 570,
2185 2899 2257 2968 45
2308 2897 2408 2964 Ὧς
2440 2918 2556 2958 om.
2584 2905 2656 2960 R.
2686 2913 2787 2959 aut
2811 2903 2919 2974 V.,
2950 2899 3225 2958 alteruter
3258 2910 3440 2958 totum

1901 2987 2182 3047 scholion.

1985 3075 2122 3148 574.
2173 3073 2522 3157 Νεωτερικόν.
2568 3075 2712 3134 Vide
2748 3074 3085 3134 Valckenar.
3124 3072 3200 3133 ad
3238 3075 3442 3151 Eurip.

1902 3163 2141 3242 Hippol.
2183 3183 2241 3243 p.
2285 3164 2418 3221 301.
2457 3162 2739 3244 Ἄρχεννος
2776 3168 2844 3223 R.
2873 3167 2946 3222 V.
2975 3159 3275 3241 Ἀρχέννους
3311 3161 3442 3222 Ald.

1904 3251 2174 3329 Ejusdem
2199 3251 2449 3310 nominis
2481 3251 2827 3329 corruptelae
2853 3264 2988 3311 sunt
3010 3249 3166 3329 apud
3195 3249 3442 3309 Plinium

1902 3344 1973 3398 H.
2007 3342 2079 3398 N.
2120 3340 2224 3414 36,
2264 3338 2332 3415 5,
2372 3340 2726 3409 Art-laenam,
2773 3339 3099 3408 dehet-mus,
3154 3339 3439 3409 Chermus,

1903 3420 2258 3476 Ambe-rmus.
2296 3417 2560 3509 Ἀρχᾷνεος
2598 3419 2858 3495 sculptor
2890 3417 3324 3496 antiquissimus
3359 3430 3448 3476 est

1902 3507 1963 3565 in
1992 3520 2365 3566 monumento
2405 3505 2561 3585 apud
2590 3506 2822 3567 ssoeckh.
2846 3509 3018 3584 Corp.
3037 3505 3222 3567 lnscr.
3246 3504 3364 3567 vol.
3393 3526 3446 3581 1,

1904 3617 1958 3673 p.
2014 3597 2119 3670 38,
2181 3596 2338 3674 quod
2398 3614 2609 3654 nomen
2661 3594 3022 3674 comparavit
3078 3593 3331 3674 Silligius
3385 3593 3446 3652 in

1903 3684 2178 3761 Catalogo
2223 3684 2506 3741 artificum
2547 3702 2610 3762 p.
2638 3682 2734 3749 51.
2774 3676 3004 3741 Deinde
3040 3679 3176 3744 libri
3204 3701 3333 3765 φησι
3356 3677 3447 3739 καὶ

1900 3771 1989 3831 τὸν
2013 3772 2180 3831 Βουπ.
2211 3774 2394 3830 Dum.

1987 3861 2100 3934 575
2115 3907 2132 3936 ,
2167 3860 2201 3919 5
2231 3861 2389 3920 αὐτοῦ
2410 3881 2524 3925 om.
2547 3861 2680 3921 Ald.
2704 3859 2860 3940 ὕμνοι
2881 3857 3201 3937 BergleruS.
3231 3856 3444 3936 κύμινοι

1901 3955 1968 4010 V.
1994 3951 2119 4008 Ald.

1985 4217 2101 4276 580
2128 4212 2342 4299 εὑρετής
2369 4214 2570 4273 codex.
2695 4282 2708 4293 ·

1986 4304 2093 4363 581
2135 4302 2249 4361 ἀντὶ
2277 4306 2367 4360 τοῦ
2397 4302 2456 4360 οὐ
2486 4299 2765 4373 &affluam
2792 4312 2924 4378 post
2947 4293 3190 4378 προρέειν
3221 4307 3449 4374 ponunt

1903 4398 1972 4453 R.
1993 4398 2065 4452 V.
2091 4395 2300 4450 Totum
2328 4389 2589 4449 scholion
2616 4408 2730 4447 om.
2755 4391 2828 4444 G.

1986 4480 2098 4538 582
2116 4520 2134 4553 ,
2176 4480 2242 4537 13
2264 4473 2701 4539 Ἐπιὸουλεύεται
2725 4479 2796 4534 V.
2832 4470 3194 4535 ἐπιδουλεύετε
3223 4472 3355 4533 Ald.
3387 4511 3449 4524 -

1910 4578 1980 4638 14
2007 4571 2152 4646 ἡμᾶς
2169 4571 2264 4639 Ὺ.,
2284 4585 2405 4624 non
2423 4571 2516 4638 G.,
2541 4565 2644 4643 qui
2667 4562 2886 4623 omittit
2902 4561 3163 4624 scholion
3187 4561 3263 4621 ad
3296 4560 3433 4630 584.

1986 4656 2137 4731 588,
2168 4664 2239 4725 24
2272 4651 2487 4726 οἴνανθ’,
2522 4655 2598 4712 25
2630 4650 2811 4721 στάζει
2836 4648 2927 4710 καὶ
2955 4650 3088 4710 Ald.

1987 4744 2133 4822 598,
2169 4745 2243 4803 36
2281 4738 2563 4823 κυπρόθεος
2588 4742 2655 4801 V.
2694 4738 2945 4806 Σιδώνιος
2979 4737 3109 4797 Ald.
3150 4774 3214 4789 -
3248 4739 3319 4811 37
3354 4757 3443 4816 sq.

1905 4832 2086 4915 σκάφη
2115 4831 2253 4891 κατὰ
2276 4832 2381 4890 τῶν
2410 4831 2539 4889 θεῶν
2562 4834 2636 4888 V.
3403 4844 3413 4849 ·

1988 4922 2123 4993 601,
2156 4930 2229 4990 42
2254 4917 2619 5000 παροιμιακῶς
2644 4921 2714 4976 V.
2758 4915 2898 4993 (non
2920 4913 3017 4993 G.)
3045 4914 3177 4976 Ald.

1988 5007 2137 5084 609,
2162 5016 2237 5084 49
2258 5004 2435 5065 verba
2457 5003 2548 5063 καὶ
2572 5008 2726 5064 τοῦτο
2749 5002 3067 5082 respiciunt
3087 5000 3160 5063 ad
3182 5001 3457 5063 scholion

1909 5116 1967 5157 v.
2000 5093 2218 5170 575..-
2239 5094 2308 5155 51
2336 5092 2514 5178 yma.
2536 5091 2657 5164 ζώει
2677 5097 2750 5154 v.
