3859 5725
466 264 583 320 898

469 383 700 445 Arcadii
731 382 998 460 Epitome
1020 401 1079 460 p.
1107 402 1238 455 ¹7²,
1265 400 1336 454 ²7
1389 380 1515 461 (ubi
1543 395 1814 460 corrupte
1842 383 1999 462 βαθί)

466 484 600 548 etp.
630 473 762 547 148,
787 470 861 528 26
884 468 1009 548 (ubi
1027 468 1154 528 cod.
1178 470 1356 528 Paris.
1381 467 1498 550 φθὲ,
1520 470 1860 528 Havuiensis
1877 469 1966 551 φθὶ
1981 514 1999 545 ,

468 560 507 618 i.
523 579 572 618 e.
594 557 742 639 φαθί)
756 569 1016 636 apparet,
1033 568 1351 633 oxytonum
1378 577 1483 615 usu
1508 558 1817 616 invaluisse
1840 557 1996 616 dicit.

470 652 730 723 Apparet
754 664 825 703 ex
849 644 939 703 his
960 645 1311 704 consensisse
1338 645 1706 722 Apollonium
1731 658 1788 703 et
1809 649 2000 703 Hero-

470 733 702 790 dianum
730 730 801 790 de
854 731 1147 809 analogia,
1173 752 1303 809 quae
1340 731 1466 813 φάθι
1515 730 1860 808 barytonum
1886 751 2000 809 po-

470 820 659 877 stulet.
692 825 780 877 De
806 818 1094 897 scriptura
1118 832 1311 878 autem
1335 820 1383 878 si
1408 819 1557 878 forte
1579 820 2003 893 dissenserunt,

472 907 640 982 longe
686 906 908 965 facilius
954 905 1335 984 Apollonium
1387 926 1558 984 quam
1608 906 2002 966 Herodianum

471 993 693 1070 aliquid
737 1012 980 1051 novasse
1025 993 1272 1051 credam.
1321 992 1413 1052 Ab
1462 994 1571 1051 hac
1614 993 1792 1069 igitur
1835 1005 2004 1071 parte

471 1092 747 1157 praestare
784 1081 1044 1140 videatur
1075 1080 1287 1140 codicis
1326 1083 1528 1140 Veneti
1562 1081 1870 1159 scriptura.
1904 1080 2006 1138 Ni-

473 1168 787 1228 hilominus
810 1169 1101 1245 vulgatam
1124 1170 1473 1248 scripturam
1494 1170 1734 1241 retinui,
1755 1187 2004 1246 quacum

476 1257 769 1336 conspirat
813 1258 1217 1335 grammaticus
1265 1258 1329 1316 in
1385 1259 1644 1317 Crameri
1692 1257 2006 1316 Anco-dotis

477 1347 592 1402 vol.
632 1364 698 1416 ο,
744 1364 804 1423 p.
853 1345 998 1419 468,
1047 1355 1108 1403 et
1147 1364 1322 1422 quam
1371 1346 1668 1423 postulant
1711 1345 2010 1422 sequentia

477 1431 654 1490 verba
675 1430 986 1513 παραλόγως
1004 1431 1104 1513 γὰρ
1126 1430 1418 1506 ὀξύνεσθαι,
1440 1453 1570 1511 quae
1592 1453 1706 1492 om.
1726 1438 1798 1492 V.
1822 1438 2005 1493 Dum.

558 1529 631 1588 ²4
646 1563 663 1592 ,
688 1521 756 1591 37
784 1520 909 1578 ἁπτ.
931 1517 993 1577 τὸ
1013 1519 1206 1579 αἰδοῖον
1233 1524 1368 1579 R.--
1391 1522 1467 1596 39
1484 1517 1840 1602 τὴν·έκκρισιν
1861 1539 1998 1578 ano-

477 1624 704 1682 nymus.
739 1603 967 1684 ἕγκρίσει
997 1606 1072 1665 Β.

558 1710 654 1763 27,
696 1691 770 1761 45
805 1691 1103 1767 legebatur
1141 1681 1206 1763 ἦν
1236 1691 1327 1751 καὶ
1354 1689 1414 1750 τὸ
1448 1690 1563 1770 (καὶ
1597 1689 1714 1758 τοὺς
1739 1693 1833 1770 Θ.)
1865 1690 2014 1771 παρὰ

476 1778 611 1846 τούς.
656 1781 873 1839 Addidi
914 1781 1149 1847 δούλους.
1191 1779 1331 1848 Τοὺς
1373 1782 1583 1850 δούλους
1624 1794 1761 1861 post
1805 1779 2011 1863 φεύγειν

476 1866 724 1925 addebat
751 1887 1091 1944 anonymus.
1117 1872 1297 1927 Dmn.
1320 1905 1384 1918 -
1410 1871 1483 1940 46
1510 1892 1565 1928 τι
1604 1889 1725 1928 orn.-
1745 1873 1812 1927 V.
1844 1900 1909 1918 -·
1940 1875 2011 1938 47

476 1955 625 2034 παρὰ
647 1959 740 2013 τοῦ
765 1955 837 2016 Θ.
863 1991 926 2003 -
961 1956 1027 2012 51
1064 1954 1524 2033 ἀποδοκιμάσουσι
1548 1957 1644 2029 τὴν
1670 1960 1740 2014 V.
1764 1993 1823 2006 -
1848 1954 1919 2011 52
1942 1959 2012 2013 V.

477 2041 651 2100 habet
673 2042 916 2119 glossam
947 2049 1182 2120 σημεῖον.

561 2131 670 2199 32,
697 2137 763 2198 ι4
807 2125 889 2187 ὅτι
910 2140 968 2187 et
992 2127 1055 2188 ἂν
1081 2149 1195 2187 om.
1225 2133 1294 2190 R.
1317 2149 1607 2207 —17-19
1642 2128 1817 2199 θεούς;
1872 2150 2015 2209 μαρ-

477 2217 667 2299 τυρίῳ,
690 2216 1095 2297 παραδείγματι.
1113 2215 1325 2290 πείθεις,
1343 2225 1610 2299 παραινεῖς
1625 2222 1775 2276 V...-
1797 2238 1817 2274 1
1832 2236 1870 2294 9
1891 2213 2014 2274 παί-

478 2308 582 2374 ζεις
611 2306 657 2364 δ.
688 2311 759 2365 R.

563 2394 745 2465 383²
763 2389 1079 2451 δεικνύουσιν
1101 2396 1231 2471 ἡμῖν
1271 2412 1421 2474 φησι,
1452 2393 1524 2450 33
1561 2388 1649 2450 ἐὰν
1684 2390 1912 2472 χαίρωσι
1949 2395 2016 2450 R.

567 2481 643 2555 39
662 2525 680 2554 ,
711 2481 784 2537 36
811 2477 1000 2561 μέτρον
1024 2476 1146 2543 έπος
1180 2479 1493 2542 Franckius
1517 2479 1581 2538 in
1605 2478 1758 2537 libro
1781 2478 1853 2536 de
1880 2479 2014 2540 Cal-

479 2566 603 2625 lino
638 2585 679 2644 p
729 2567 824 2626 82.
853 2572 923 2626 V.
961 2567 1033 2625 Θ.
1065 2565 1194 2626 Ald.
1226 2563 1347 2632 ἔπος
1376 2563 1585 2648 μέτρον.
1623 2566 1789 2627 Cous.
1831 2566 2015 2625 schol.

479 2653 833 2730 Thesmoph.
881 2663 1028 2724 4η,
1056 2654 1215 2732 quod
1252 2654 1517 2714 Franckii
1557 2654 2014 2713 emendationem

483 2741 804 2800 confirmat.

566 2838 599 2900 4
616 2848 670 2904 ι,
698 2836 771 2899 44
799 2847 884 2907 sq.
911 2825 1000 2888 τὸν
1027 2825 1228 2911 πρό-πον
1250 2828 1489 2888 accessit
1512 2848 1582 2889 ex
1606 2827 1678 2890 R.
1704 2824 2017 2910 κυαμοτρὼξ

481 2917 658 3000 ἄγριος
678 2921 743 2978 V.
769 2953 833 2968 —
861 2916 936 2985 48
961 2917 1152 2985 ἄλλως.
1175 2916 1472 2983 δικαστικὸς
1493 2919 1561 2977 V.
1586 2954 1649 2966 —-
1673 2917 1747 2974 52
1775 2915 1879 2976 ὑπὸ
1908 2920 2015 2976 τῶν

481 3004 701 3083 κυάμων
727 3002 1038 3088 τρεφόμενος
1058 3009 1130 3064 R.
1150 3003 1465 3088 τρεφόμενος
1481 3003 1583 3065 ὑπὸ
1603 3004 1824 3083 κυάμων
1855 3005 2013 3067 Suid.

480 3112 526 3151 s.
556 3094 674 3152 Κυα
683 3089 907 3172 μοτρώξ.
941 3091 1163 3154 Deinde
1189 3090 1294 3174 πρὸ
1313 3092 1416 3175 γὰρ
1434 3095 1527 3165 τῆς
1546 3091 1794 3174 εὑρέσεως
1813 3095 1919 3152 τῶν
1945 3099 2016 3154 R.

480 3192 540 3239 et
564 3179 788 3240 suidas.
817 3179 930 3241 ἐπεὶ
962 3179 1077 3239 ἀντὶ
1099 3178 1233 3263 ψήφ.
1257 3180 1386 3240 ΑΜ.
1410 3218 1472 3231 -
1502 3181 1573 3250 54
1596 3183 1666 3249 ὥς
1692 3179 1782 3240 καὶ
1803 3186 1875 3243 R.
1896 3219 1961 3232 -—
1980 3201 2013 3241 ο

481 3280 634 3346 post,
647 3265 806 3327 πλέον
836 3268 1042 3328 Suidas
1066 3269 1145 3327 ita
1171 3269 1359 3348 pergit
1385 3290 1399 3325 τ
1434 3267 1524 3327 καὶ
1548 3259 1724 3342 αὖθις,
1754 3270 1937 3350 Κρινεῖ
1960 3269 2017 3328 δε

482 3355 690 3422 τούτους
744 3356 803 3414 οὗ
866 3353 1180 3439 κυαμοτρὼξ
1236 3354 1497 3427 Ἀττικὸς,
1553 3376 1726 3433 quem
1786 3375 2014 3415 versum

481 3444 759 3522 Bergkius
795 3443 1138 3521 (Commeat.
1175 3463 1237 3522 p.
1279 3445 1414 3517 428)
1443 3462 1619 3521 quum
1644 3443 2018 3521 Aristophani

481 3534 799 3606 tribuisset,
816 3533 1156 3593 Dindorfius
1174 3533 1457 3591 intellexit
1477 3534 1658 3591 multo
1682 3552 1806 3590 esse
1822 3552 2021 3593 recen-

483 3622 707 3689 tiorem.
736 3621 896 3679 Pauli
920 3619 1211 3679 Silentau'ii
1237 3639 1360 3678 esse
1389 3619 1587 3677 docuit
1615 3619 2017 3680 Boissonadius

483 3710 544 3767 in
588 3707 917 3786 HStephani
962 3707 1133 3765 Thes.
1176 3725 1232 3762 v.
1273 3703 1620 3784 Κυαμοτρώξ.

567 3802 678 3871 4ο,
717 3802 791 3862 14
824 3791 1102 3875 ὑπόκωφον
1145 3790 1203 3851 δὲ
1240 3782 1384 3851 εἶπεν
1424 3791 1513 3851 τὸν
1549 3793 1715 3870 δῆμον
1743 3790 1827 3851 ὅτι
1853 3799 1924 3854 V.
1962 3793 2018 3854 δί

483 3900 598 3942 om.
617 3885 689 3939 R.
705 3915 770 3930 -
795 3880 862 3937 15
884 3877 965 3938 ὅτι
982 3877 1239 3947 πολλάκις
1260 3878 1463 3938 ἀκούων
1481 3880 1543 3938 οὗ
1565 3888 1925 3959 προσεποιεῖτο
1943 3887 2016 3943 R.

565 3973 661 4045 43,
691 3990 763 4048 19
784 3965 865 4029 ὅτι
884 3972 956 4037 εἶς
973 3967 1066 4036 τὰς
1098 3968 1376 4047 νεομηνίας
1398 3968 1489 4028 καὶ
1512 3972 1561 4030 οἱ
1590 3973 1660 4029 R.

572 4069 648 4130 44
693 4064 763 4118 R.
796 4056 975 4116 habet
1009 4055 1096 4115 διὰ
1140 4055 1201 4116 τὸ
1228 4055 1509 4140 ἐμὸρέχειν
1535 4054 1603 4115 τὰ
1633 4054 1868 4140 δέρματα
1908 4058 2021 4118 δια-

483 4144 669 4205 6άλλει
691 4148 761 4211 ὣς
790 4142 1052 4222 δύσοσμον
1070 4188 1086 4218 ,
1116 4143 1206 4202 καὶ
1247 4144 1337 4226 ἀφ’
1367 4146 1481 4211 οἵας
1512 4143 1679 4226 τύχης
1717 4144 2021 4227 ὁρμώμενος

484 4231 747 4316 ἐπρώτευε
768 4235 874 4291 τῶν
903 4230 1208 4304 Ἀθηναίων.
1246 4270 1309 4282 -—
1333 4234 1408 4292 23
1444 4231 1578 4292 αὐτὰ
1617 4232 1839 4314 ἡμέραις
1857 4238 1929 4293 V.
1957 4270 2021 4283 —

488 4322 563 4380 25
592 4318 959 4398 μολυνομένων
980 4319 1185 4380 suidas
1210 4340 1257 4378 s-
1282 4319 1615 4402 Βυρσαίετος.
1644 4325 1735 4380 Ex
1757 4340 1875 4398 quo
1906 4321 2023 4379 ad·-

485 4407 671 4468 ditum
693 4406 966 4469 διαόάλλει
983 4398 1073 4467 οἶν
1092 4411 1164 4476 ὡς
1182 4405 1464 4486 δύσοσμον.
1487 4410 1562 4469 26
1586 4410 1740 4469 idem
1754 4405 1954 4475 δεικνὺς
1970 4430 2020 4466 τ.

570 4497 645 4564 46
676 4500 745 4555 R.
774 4495 950 4554 habet
975 4494 1063 4557 έπὶ
1087 4494 1309 4576 διαὸολῇ
1346 4496 1438 4556 καὶ
1473 4495 1701 4578 πονηρίᾳ
1729 4498 1779 4555 οἱ
1801 4492 2019 4556 παλαιοὶ

485 4584 649 4670 χωρὶς
665 4589 760 4655 τῆς
776 4584 913 4649 κατά
937 4585 1137 4661 γνῶναι
1160 4584 1221 4644 τὸ
1244 4589 1449 4663 μαθεῖν.
1484 4620 1536 4631 --
1568 4586 1642 4645 35
1667 4608 1746 4664 γν.
1764 4581 1869 4666 γὰρ
1893 4590 1964 4644 V.

570 4679 664 4750 49,
695 4673 766 4731 52
796 4671 1193 4749 κασσυματίων.
1214 4671 1595 4750 κασσυματίοις
1621 4674 1693 4734 Θ.

554 4760 668 4835 gu,
707 4759 741 4817 5
763 4756 889 4818 ὅλου
909 4764 976 4821 V.
1001 4797 1067 4811 -
1092 4761 1128 4819 6
1165 4758 1391 4818 παλαιὸν
1420 4763 1487 4817 V.
1517 4760 1589 4820 Θ.
1628 4757 2016 4822 ἀλλ’ἰῢνΔΙᾶ.

489 4844 652 4906 πάλιν
672 4850 749 4905 Μ.
763 4867 878 4924 -9
898 4844 1280 4906 ἀποπάλλεται
1300 4848 1371 4908 Θ.
1396 4844 1746 4906 ἀποστέλλετε
1789 4851 1856 4905 V.
1891 4848 2017 4908 Ald.

570 4934 646 4992 55
663 4976 681 5007 ‚
727 4935 798 4993 16
841 4931 1035 5017 ἄλευρα
1078 4932 1405 5012 μαλάξαντος
1446 4933 1538 4994 καὶ
1579 4932 2021 5016 ἅρτοποιήσαντος

488 5021 715 5084 ΑΙᾶ.--
739 5041 806 5096 17
837 5019 1156 5103 κατόρθωμα
1175 5020 1238 5082 τὸ
1256 5024 1309 5082 έν
1338 5019 1505 5102 Πύλῳ
1528 5022 1656 5083 Ald.
1676 5026 1832 5083 τοῦτο
1860 5020 1917 5082 δὲ
1940 5024 2016 5085 Θ.

1650 254 2101 316 ADNOTATlo
2141 254 2225 315 IN
2264 254 2530 318 SCHOL.

2086 382 2599 451 simmam-R.
2636 384 2814 445 habet
2850 390 2882 445 6
2912 384 3098 446 Κλέων
3127 385 3296 457 ἔδοξεν
3331 392 3620 469 κωρθοῦν

2083 471 2242 529 πλέον
2271 471 2632 549 Δημοσθένους
2661 472 2974 554 ὑφαρπάσας
2999 473 3069 534 τὸ
3104 473 3254 542 τέλος
3278 478 3384 535 τῶν
3418 476 3615 536 ἐκείνου

2085 558 2280 618 πόνων.
2313 558 2605 641 στρατηγὸς
2643 558 2747 641 γὰρ
2783 556 2859 618 ὢν
2885 559 3168 633 Ἀθηναίων
3213 565 3245 620 6
3277 561 3618 640 Δημοσθένης

2088 647 2401 714 ἀποσταλεὶς
2430 649 2500 713 εἷς
2528 649 2777 707 Σικελίαν
2802 646 2888 706 διὰ
2912 647 3000 707 τὸν
3030 647 3209 708 αὐτόθι
3233 649 3468 728 πόλεμον
3492 651 3620 708 πολ-

2086 733 2170 792 λοὶ
2211 736 2347 811 (sic,
2390 736 2513 794 sine
2554 737 2772 794 lacunae
2811 737 3034 795 indicio
3082 739 3237 796 inter
3281 738 3517 816 πόλεμον
3564 750 3620 797 et

2088 820 2297 899 πολλοὶ)
2322 824 2427 881 τῶν
2446 823 2878 901 Λακεδαιμονίων
2907 826 3001 882 ἀπ.
3026 825 3082 882 ἐν
3115 828 3184 904 τῇ
3212 847 3271 903 μ.
3297 824 3427 885 ἔνιοι
3458 849 3622 885 κατα-

3596 921 3622 952 ἶ

2091 960 2404 1040 πονούμενοι
2447 962 2737 1043 κατέφυγον
2778 964 2852 1030 εἰς
2888 963 3226 1043 Φακτηρίαν.
3270 963 3431 1032 τόπος
3470 964 3530 1025 δὶ
3559 989 3623 1026 αυ

2091 1052 2186 1120 τ’ἧς
2205 1052 2520 1122 Λακωνικῆς
2545 1050 2740 1120 στενός.
2767 1050 2854 1117 οὑς
2871 1050 3210 1124 καταστήσας
3227 1054 3300 1120 εἰς
3317 1054 3624 1135 πολιορκίαν

2093 1134 2467 1217 μετεπέμψατο
2498 1136 2749 1217 στρατιὰν
2794 1138 2904 1198 ἀπὸ
2947 1142 3053 1200 τῶν
3107 1139 3418 1212 Ἀθηναίων.
3460 1146 3492 1201 6
3535 1134 3622 1202 οὖν

2095 1221 2283 1283 Κλέων
2306 1222 2456 1302 γνοὺς
2486 1224 2671 1292 αὐτοὺς
2694 1224 2797 1284 ὑπὸ
2827 1228 2986 1305 λιμοῦ
3009 1228 3099 1287 καὶ
3123 1228 3278 1309 δίψης
3307 1227 3382 1304 μὴ
3409 1227 3550 1298 οἵους
3570 1253 3628 1289 τε

2093 1310 2249 1377 ὄντας
2291 1311 2527 1392 ἀντέχειν
2547 1358 2564 1386 ,
2597 1312 2949 1390 ἐπηγγείλατο
2985 1317 3033 1373 εἰ
3078 1316 3234 1375 λα’ὅοι
3276 1315 3503 1393 δύναμιν
3520 1361 3537 1390 ,
3565 1316 3628 1388 ἣν

2096 1399 2230 1455 αἰτεῖ
2281 1399 2624 1477 Δημοσθένης
2638 1445 2655 1473 ,
2701 1398 2843 1467 ἐντὸς
2883 1400 3051 1460 εἴκοσι
3090 1404 3305 1483 ἡμερῶν
3333 1404 3630 1473 ἀναστῆσαι

2093 1483 2211 1553 τοὺς
2234 1485 2721 1569 πολιορκουμένους.
2763 1488 3055 1558 ἐκπλεύσας
3081 1482 3171 1550 οὗν
3214 1488 3402 1557 αὐτοὺς
3424 1490 3628 1551 ἔλαὸεν.

2094 1610 2159 1624 -
2187 1593 2261 1632 ao
2290 1580 2380 1635 De
2412 1578 2802 1636 Demosthene
2829 1597 2947 1635 non
2980 1591 3137 1637 recte
3163 1578 3473 1637 scholiasta
3498 1580 3633 1638 Ari-

2099 1662 2291 1740 stoph.
2323 1664 2638 1730 ἀποσταλεὶς
2665 1667 2735 1730 εἰς
2760 1664 3007 1730 Σικελίαν
3038 1664 3125 1723 διὰ
3145 1663 3235 1724 τὸν
3255 1662 3441 1723 αὖτόθι
3469 1665 3633 1725 πόλε-

2101 1772 2215 1827 μον.
2248 1754 2397 1811 Sunt
2424 1764 2483 1809 et
2527 1753 2626 1812 alii
2670 1753 2756 1813 ibi
2795 1753 2949 1812 illius
2976 1774 3238 1827 errores,
3265 1753 3452 1813 veluti
3476 1757 3634 1834 quod

2100 1838 2302 1913 Pylum
2332 1839 2635 1898 confundit
2659 1860 2792 1899 cum
2833 1839 3037 1910 Πύλαις
3057 1887 3074 1915 ,
3097 1840 3202 1900 ubi
3228 1843 3518 1901 Leonidas
3541 1864 3635 1902 ce-

2103 1924 2277 1993 cidit,
2307 1945 2425 2002 quo
2461 1928 2696 1985 nomine
2737 1928 2912 1986 etiam
2940 1948 3073 1987 eum
3115 1940 3277 1986 notat
3306 1929 3636 1989 Holstenius

2102 2010 2174 2069 ad
2204 2012 2473 2090 stephan.
2508 2033 2560 2072 v.
2590 2013 2766 2074 Πύλαι
2785 2060 2801 2086 ,
2829 2027 2889 2072 et
2925 2015 3083 2094 quod
3097 2015 3414 2074 Leonidam
3441 2021 3637 2076 Mace-

2106 2097 2321 2157 donum
2337 2112 2395 2158 et
2404 2101 2973 2161 Lacedaemoniorum
2995 2123 3190 2180 regem
3206 2115 3391 2162 vocat.
3405 2108 3636 2165 Dum

2104 2184 2176 2242 ad
2196 2186 2457 2264 Thucyd.
2486 2196 2546 2265 4,
2571 2206 2625 2245 a.
2647 2225 2709 2237 —
2728 2208 2795 2247 αι
2830 2187 3148 2271 προσὸαλὼν
3172 2190 3266 2265 Θ.,
3285 2203 3346 2249 et
3370 2197 3450 2251 M.
3470 2213 3505 2251 a
3527 2214 3638 2252 sec.

2106 2291 2264 2329 m.-
2300 2293 2371 2331 αα
2411 2272 2506 2332 εῐλ.
2539 2274 2860 2356 στρατιώτας
2892 2277 2965 2338 Θ.
2995 2314 3060 2328 -
3100 2286 3174 2345 34
3200 2275 3333 2337 ἄλλο
3369 2280 3444 2340 Θ.
3474 2285 3640 2339 Μ.-

2105 2359 2180 2416 26
2202 2361 2405 2436 ἅλογῶν
2441 2358 2496 2419 δί
2522 2362 2692 2420 αὑτῶν
2716 2363 2787 2422 Θ.
2808 2401 2869 2414 -·-
2897 2366 3083 2425 30-32
3105 2363 3370 2432 Λεωνίδας
3393 2369 3502 2425 τῶν
3531 2370 3636 2426 Δα-

2103 2447 2447 2526 κεδαιμονίων
2512 2449 2753 2529 βασιλεὺς
2808 2452 3057 2535 πρότερος
3114 2452 3228 2531 ἅμα
3280 2454 3644 2537 Σπαρτιάταις

2104 2536 2297 2610 ἀνέστη
2328 2537 2504 2622 Ξέρξῃ
2532 2544 2609 2622 τῷ
2648 2544 2868 2624 Περσῶν
2910 2544 3081 2602 idem.
3118 2581 3181 2594 —
3229 2546 3302 2615 34
3347 2543 3642 2604 Ἐπιᾶλτου

2105 2624 2235 2682 Ald.
2262 2662 2327 2677 -
2370 2627 2444 2685 38
2468 2631 2560 2685 τοῦ
2588 2651 2769 2709 στρατ.
2800 2634 2871 2688 V.
2900 2630 3051 2696 αὐτὸς
3078 2626 3134 2688 δὲ
3156 2631 3226 2689 Θ.
3263 2667 3328 2681 -
3364 2640 3441 2699 42
3480 2653 3643 2690 κατε-

2104 2708 2352 2791 μέμψατο
2389 2715 2480 2788 9.,
2506 2716 2608 2792 qui
2639 2724 2709 2788 47
2737 2714 3012 2798 παρελθὼν
3040 2730 3098 2776 et
3128 2737 3289 2796 seqq.
3315 2720 3559 2778 omittit.
3582 2759 3646 2772 .-

2108 2800 2182 2869 48
2204 2799 2375 2881 λάὸῃ,
2402 2814 2462 2859 et
2489 2803 2940 2882 κατεπηγγείλατο
2965 2810 3034 2865 V.
3057 2842 3121 2853 —
3150 2813 3226 2883 49
3249 2803 3368 2865 είκα
3390 2805 3525 2885 (sic)
3544 2811 3641 2888 ἡμ.

2103 2892 2170 2946 V.
2196 2885 2247 2946 κ’
2277 2888 2404 2949 Ald.
2432 2927 2497 2941 -
2522 2891 2593 2949 52
2615 2892 2927 2973 ὑφαρπάσας
2946 2896 3016 2951 V.

2189 2994 2265 3069 59
2285 3037 2302 3067 ,
2357 3002 2390 3062 4
2443 2991 2735 3072 ἐναλλαγὴν
2790 2992 3049 3073 στοιχείου
3103 2993 3460 3076 ἐργασάμενος
3514 3012 3647 3077 post

2105 3077 2327 3139 Κλέωνα
2351 3080 2513 3140 addit
2534 3082 2692 3155 Ald.,
2712 3102 2827 3143 om.
2847 3087 2920 3141 R.
2939 3118 3002 3132 -
3019 3083 3055 3141 6
3078 3082 3331 3164 μυρρίνην
3348 3081 3492 3163 ἔχων
3513 3087 3646 3144 ἀπο-

2105 3167 2250 3227 σοὸεἷ
2266 3166 2360 3235 τὰς
2387 3168 2542 3247 μυίας
2564 3169 2696 3229 Ald.
2726 3166 2824 3237 τὰς
2855 3168 2992 3247 μύας
3016 3175 3086 3229 R.
3106 3168 3224 3235 τοὺς
3254 3169 3392 3248 μύας
3414 3176 3484 3230 V.
3512 3209 3579 3222 —
3609 3193 3642 3244 7

2106 3254 2212 3314 ἀπὸ
2233 3260 2325 3314 τοῦ
2348 3255 2573 3335 μυρσίνη
2601 3257 2866 3316 additum
2886 3277 2961 3316 ex
2982 3257 3054 3318 Θ.
3084 3258 3310 3317 Deinde
3335 3255 3508 3336 ταύτῃ
3545 3258 3646 3339 γὰρ

2106 3340 2400 3402 ἀπεσόὸουν
2427 3340 2520 3409 τὰς
2550 3342 2703 3420 μυίας
2734 3343 2824 3402 καὶ
2862 3347 2929 3424 τῇ
2954 3345 3086 3423 αὖτῆ
3129 3345 3336 3405 suidas
3363 3363 3410 3403 s.
3448 3347 3645 3428 Παρα-

2104 3429 2530 3511 mumma&

2185 3533 2254 3590 61
2272 3575 2290 3605 ,
2307 3551 2376 3589 ια
2390 3529 2524 3593 εἰκὸς
2542 3537 2846 3593 Kusterus.
2864 3531 3074 3598 εἰκότως
3093 3533 3217 3592 Ald.
3239 3533 3645 3615 Πάιιάεγέρων

2106 3652 2188 3665 -
2210 3620 2373 3696 δῆμος
2401 3639 2515 3679 om.
2544 3625 2616 3680 V.
2651 3621 2722 3679 Θ.
2739 3620 3000 3678 Glossam
3026 3624 3056 3679 6
3094 3618 3350 3691 δεσπότης
3376 3620 3646 3681 τουτέστιν

2106 3705 2312 3784 ὑδῆμος
2329 3706 2578 3766 habetV.
2593 3694 2707 3764 sto
2726 3706 2994 3765 versibus
3011 3726 3192 3779 12-17
3210 3706 3384 3767 habet
3402 3712 3476 3766 R.
3503 3731 3647 3789 χρη-

2106 3792 2362 3871 σμολόγος
2386 3790 2487 3875 γὰρ
2522 3798 2557 3866 ἡ
2597 3792 2853 3854 Σίὸυλλα.
2892 3793 3165 3874 σιὸυλλιξ,
3193 3797 3455 3874 χρησμῖν
3489 3796 3591 3877 &pq
3611 3794 3648 3866 ἢ

2109 3881 2247 3961 μέγα
2271 3891 2445 3965 φρονεῖ
2481 3882 2574 3944 καὶ
2606 3882 2896 3964 έπαίρεται.
2923 3883 2996 3944 Ὃ
3028 3882 3287 3954 δεσπότης
3316 3882 3593 3943 τουτέστιν
3620 3888 3649 3943 6

2109 3970 2290 4047 δῆμος.
2319 3970 2498 4031 Aliud
2532 3970 2796 4030 scholion
2837 3970 3048 4031 suidas
3074 3991 3118 4029 s.
3158 3969 3424 4051 216qu
3452 3970 3648 4045 addit,

2106 4053 2142 4127 ἢ
2184 4053 2378 4123 οὕτως·
2410 4057 2746 4139 χρησμῳδεῖ,
2785 4056 2978 4140 φησὶν,
3012 4055 3296 4137 ἐπειδήπερ
3325 4056 3425 4129 τὴν
3451 4061 3649 4139 προθε-

2108 4141 2270 4221 σμίαν
2299 4148 2392 4216 τῆς
2417 4143 2735 4224 ἐπαγγελίας
2758 4148 2853 4204 οὔκ
2881 4143 3172 4228 έψεύσατο,
3203 4144 3322 4204 ἀλλ’
3340 4146 3396 4203 έν
3423 4152 3545 4212 ταῖς
3567 4144 3648 4203 εῖ-

2107 4252 2254 4290 κοσιν
2277 4228 2526 4312 ἡμέραις,
2567 4229 2629 4299 ἃς
2651 4231 3031 4311 έπηγγείλατο,
3053 4231 3174 4298 τοὺς
3198 4231 3652 4309 Λακεδαιμονίους

2109 4315 2475 4397 αἰχμαλώτους
2494 4317 2712 4398 ἤγαγεν,
2736 4316 2915 4399 ὥσπερ
2940 4319 3364 4396 μαντευσάμενος
3393 4317 3492 4390 τὴν
3511 4317 3650 4378 ὑπό-

2110 4428 2312 4486 σχεσιν.

2186 4504 2264 4561 62
2281 4546 2301 4576 ,
2350 4502 2423 4560 18
2472 4499 2540 4560 τὰ
2582 4505 2861 4579 μωκοῦντα
2906 4506 3198 4582 φρονοῦντα
3244 4499 3650 4572 ἀνοηταίνοντα.

2110 4586 2275 4667 μωκὼ
2306 4584 2407 4668 γὰρ
2443 4587 2533 4647 καὶ
2560 4586 2730 4667 λωμὼ
2758 4586 2996 4666 έγένοντο
3022 4590 3094 4650 Θ.
3133 4586 3330 4666 Δαιμὼ
3367 4587 3581 4647 Suidns
3604 4608 3652 4646 s.

2108 4672 2557 4752 Μεμακκοακότα.

2188 4763 2294 4836 63,
2328 4769 2401 4829 ²4
2446 4760 2574 4820 αὗτὸ
2613 4765 2679 4820 V.
2713 4762 2814 4839 qui
2860 4764 3045 4822 26-28
3094 4759 3658 4843 Ἄλλως-καταψεύ-

2110 4849 2288 4907 δεσθαι
2321 4847 2556 4907 omittit.
2915 4884 2927 4892 -

2188 4937 2262 5007 67
2288 4935 2360 5002 ὣς
2380 4932 2547 5011 ὄνομα
2574 4941 2644 4996 V.

2195 5021 2299 5097 73‚'
2324 5031 2398 5098 49
2428 5025 2521 5079 τοῦ
2547 5023 2661 5080 αὗτ.
2694 5027 2747 5079 V
