3859 5725
1833 294 2084 357 PLUTl.
3386 313 3497 365 ⁵95

439 439 573 517 957,
601 437 676 495 52
701 437 762 495 ix
786 455 976 515 μεταφ.
1011 438 1106 505 V.,
1130 433 1228 509 qui
1260 433 1433 496 κακῶς
1467 427 1757 489 κοπέντων.
1787 431 1888 486 Ce-
1973 447 2070 491 νες.
2113 431 2200 485 Ex
2226 427 2313 486 liis
2341 449 2519 506 quum
2545 430 2798 490 dilucide
2819 430 3150 510 colligatur,
3189 431 3326 493 illud
3356 434 3505 493 anti-

356 529 464 587 teri
489 520 1235 609 φαύλωςδιακεκομμένων.-
1257 519 1327 586 54
1343 517 1884 600 μερίδανοεειῐφιειω
1973 514 2194 589 quioris
2243 528 2432 588 notae,
2488 518 2646 595 quod
2701 519 2859 592 dixi,
2908 532 2967 578 et
3003 519 3113 578 hoc
3150 533 3444 580 enotatum
3469 542 3502 578 a

356 613 607 689 σύστημα
646 610 978 669 scholiastes
1012 607 1082 666 ad
1129 627 1184 664 v.
1220 607 1355 676 863,
1393 625 1516 661 eum
1550 625 1667 661 esse
1697 611 1888 678 partis
1975 600 2154 658 Suida
2182 601 2440 660 scholion
2479 604 2690 662 diversi
2727 608 2982 682 parentis
3017 626 3138 664 esse
3181 607 3408 681 foetum,
3444 609 3503 666 in

352 705 656 759 deterior-IS.
688 702 909 756 Hans-r.

438 789 577 865 959,
610 787 720 853 4-8
747 805 857 842 om.
881 787 1049 841 etiam
1069 781 1140 841 Θ.
1165 824 1224 833 -
1259 801 1296 856 9
1320 777 1575 847 ἑστίαι).
1605 784 1674 837 V.
1696 776 1889 860 πρότε-

363 898 450 956 ρον
473 919 490 947 ,
526 895 593 932 10
625 870 739 930 νέον
776 867 893 928 τινὰ
923 861 1011 927 isti
1042 872 1117 948 τῷ
1146 865 1549 947 συμφθείρεσθαι
1589 866 1722 943 αὐτῇ
1747 871 1886 943 Reg.

362 960 450 1021 ἐπὶ
481 958 542 1019 τὸ
579 962 651 1017 V.
681 996 743 1009 —
772 979 794 1015 1
812 978 835 1013 1
886 961 914 1015 ὁ
954 953 1007 1013 δὲ
1033 956 1333 1024 πλουτήσας
1366 952 1728 1033 ἀνεχώρησεν,
1767 956 1801 1023 ἡ
1832 950 1888 1010 δὲ

364 1047 595 1126 καταὸοᾷ
611 1052 679 1104 V.
705 1046 865 1104 Idem
885 1043 1040 1102 aliud
1060 1042 1132 1100 ad
1153 1041 1308 1100 hunc
1330 1061 1385 1098 v.
1412 1040 1671 1099 scholion
1693 1038 1888 1114 habet,

355 1141 518 1214 γραῦς
546 1131 674 1213 πρὸς
695 1131 785 1191 τὸν
804 1130 957 1212 χορὸν
987 1132 1092 1188 τῶν
1115 1128 1389 1210 γερόντων.
1417 1132 1452 1199 ἡ
1481 1126 1607 1205 φίλη
1635 1131 1727 1185 τοῦ
1763 1148 1890 1185 νεα-

361 1221 502 1280 νίου·
540 1219 697 1298 quod
727 1240 840 1278 om.
864 1222 934 1276 G.

439 1311 576 1385 961,
630 1307 698 1365 16
737 1306 852 1365 ἀντὶ
892 1309 983 1364 τοῦ
1033 1304 1302 1369 παντελῶς
1336 1307 1410 1365 V.
1454 1321 1568 1360 om.
1615 1306 1685 1360 G.
1713 1338 1777 1351 —
1820 1322 1887 1374 ¹7

362 1395 707 1478 Ἔσφάλημεν
727 1413 844 1453 om.
871 1397 1049 1450 Dorv.
1080 1433 1143 1443 ....
1173 1410 1242 1466 19
1270 1388 1493 1467 γίνωσκε
1519 1408 1632 1448 om.
1660 1388 1731 1448 Θ.

443 1486 579 1561 963,
611 1502 677 1538 21
728 1479 836 1540 Καὶ
862 1501 1057 1559 προσπ.
1088 1483 1160 1536 V.
1207 1514 1264 1526 -
1292 1497 1364 1534 aa
1412 1474 1502 1535 καὶ
1548 1474 1891 1559 μειρακίσκην

366 1568 462 1647 μὲν
491 1569 681 1627 omisit
704 1567 910 1626 Suidas
934 1566 994 1623 in
1021 1563 1283 1645 Ὡρικῶς,
1303 1583 1432 1640 quae
1454 1576 1643 1621 tamen
1685 1575 1745 1619 ut
1785 1563 1892 1621 ad-

365 1658 512 1729 sint,
541 1673 737 1714 sensus
780 1653 966 1731 poscit
1006 1675 1020 1710 ε
1057 1652 1336 1710 rationem
1371 1651 1523 1709 enim
1560 1650 1696 1720 ista,
1724 1649 1807 1707 διὰ
1833 1647 1892 1708 τὸ

364 1742 718 1827 τεθρυμμένον
745 1749 834 1802 τοῦ
862 1746 1129 1821 ὥραῖσμοῦ
1146 1786 1162 1813 ,
1186 1741 1518 1811 continent,
1543 1760 1649 1799 cur
1676 1741 1893 1799 facetus

366 1853 539 1892 senex
582 1831 922 1907 Chremylus
968 1829 1323 1906 prurientem
1369 1848 1577 1900 anum,
1616 1827 1892 1886 indecoro

366 1918 633 1979 comendi
673 1917 866 1976 studio
892 1916 1140 1992 virgines
1164 1926 1328 1973 aetate
1368 1915 1637 1972 florentes
1659 1916 1893 1972 aemula-

367 2021 514 2079 tam,
542 2004 915 2084 appellaverit
948 2000 1310 2083 μειρακίσκην.
1354 2005 1575 2061 Hans-r.
1605 2038 1666 2052 -
1693 2004 1766 2061 23
1810 2021 1892 2079 sq.

368 2097 449 2154 sic
475 2097 536 2153 in
561 2099 630 2150 V.
661 2097 728 2151 In
760 2095 828 2153 Θ.
860 2092 987 2149 Atd.
1015 2094 1112 2170 ὡρ.
1151 2088 1207 2149 δὲ
1235 2089 1570 2170 (νεωτερικῶς
1601 2091 1764 2149 addit
1799 2092 1893 2171 Θ.)

367 2181 402 2254 ἢ
429 2183 696 2260 εὐπρεπῶς
714 2179 749 2251 ἢ
781 2176 916 2239 κατὰ
940 2176 1139 2259 καιρόν.
1161 2179 1353 2254 Pergit
1378 2180 1446 2238 Θ.
1473 2182 1629 2237 τοῦτο
1666 2178 1722 2236 δὲ
1749 2170 1891 2239 εἶπον

364 2273 415 2328 οἱ
436 2268 669 2349 γέροντες
688 2265 1002 2334 ἀκούσαντες
1019 2269 1142 2346 παρ’
1170 2266 1344 2335 αὐτῆς.
1360 2302 1422 2314 -
1438 2267 1512 2323 28
1530 2264 1705 2336 ἔνηὸοι
1718 2269 1891 2326 Paris

447 2358 584 2432 964,
617 2358 690 2412 32
717 2351 1036 2431 ἐξεοχμένων
1061 2353 1155 2427 6.,
1185 2352 1285 2428 qui
1309 2353 1383 2409 38
1412 2350 1571 2410 ἄδικα
1601 2350 1799 2410 habet.
1828 2390 1894 2403 -

372 2451 442 2510 [μ
473 2446 566 2499 τοῦ
591 2446 712 2522 ὁρᾶν
741 2439 1076 2500 Schaeferus.

448 2548 585 2604 970,
613 2528 684 2596 45
716 2518 821 2584 οἶδε
847 2529 918 2584 V.
949 2528 1019 2586 Θ.
1048 2562 1114 2574 -
1137 2527 1210 2593 46
1238 2524 1342 2605 ἄρα
1368 2529 1436 2583 V.
1462 2562 1525 2575 -
1550 2534 1622 2597 47
1646 2527 1716 2591 ὣς
1741 2530 1890 2584 RN.

368 2617 425 2677 δὲ
447 2638 561 2676 om.
582 2624 670 2690 V.,
696 2631 829 2695 post
850 2613 1231 2698 πανδοκεύτρια
1259 2616 1424 2693 ponit
1452 2622 1525 2677 R.
1555 2615 1894 2675 «vocabulo

367 2703 750 2784 πανδοκεύτρια
782 2705 1054 2763 nimirum
1096 2724 1232 2762 usus
1267 2704 1452 2762 suerat
1482 2704 1895 2781 Aristophanes

370 2812 543 2872 supra
574 2813 629 2847 v.
662 2792 798 2862 426.
827 2792 923 2849 Sic
947 2803 1002 2848 et
1028 2790 1317 2864 πανόπτης,
1346 2787 1669 2871 πανόπτρια·
1696 2811 1897 2869 quam·

370 2882 458 2939 vis
492 2881 704 2957 alioqui
735 2881 858 2938 vice
884 2878 1194 2960 μαθητρίδος
1222 2891 1279 2937 et
1306 2877 1645 2959 ὀρχηστρίδος
1665 2923 1681 2950 ,
1719 2879 1896 2956 μαθή-

369 2990 518 3048 τριαν
545 2979 601 3025 et
628 2967 946 3046 ὀρχήστριαν
975 2966 1168 3024 efferri
1197 2986 1313 3022 non
1336 2965 1559 3040 placeat
1586 2965 1897 3025 fastidiosis

374 3055 663 3113 Atticismi
705 3053 1004 3130 magistris.
1063 3056 1127 3109 In
1171 3054 1244 3128 gt.
1286 3056 1466 3108 Dorv.
1511 3051 1683 3110 scribi
1728 3052 1899 3111 debet

373 3140 646 3222 ψεύστρια.
666 3165 692 3192 ν
712 3144 936 3197 Hansr.
964 3143 1106 3215 Reg.
1124 3162 1215 3196 ε-
1232 3136 1411 3218 ὥσπερ
1431 3136 1667 3215 μαθητὴς
1688 3139 1779 3197 καὶ
1795 3163 1897 3216 μα-

376 3228 563 3304 θήτρια
581 3271 598 3302 ,
629 3225 719 3284 καὶ
744 3223 973 3296 αὐλητὴς
1003 3224 1093 3283 καὶ
1119 3223 1390 3305 αὐλήτρια.
1437 3224 1549 3298 Qui
1576 3225 1613 3279 l.
1648 3224 1720 3282 50
1741 3215 1897 3295 ἦσθα.

456 3334 592 3391 972,
619 3315 691 3370 52
731 3311 812 3372 -Τὸ
840 3309 1009 3378 ἔπινες
1032 3311 1159 3392 παρ’
1180 3316 1248 3370 V.
1297 3338 1321 3364 α
1347 3316 1471 3370 Hoc
1503 3312 1699 3389 priore
1727 3312 1899 3369 scho—

375 3403 492 3473 tio,
530 3401 685 3478 quod
718 3401 999 3457 vetustius
1029 3400 1377 3475 minimeque
1414 3400 1897 3458 contemnendum

377 3490 574 3547 finitur
613 3489 673 3546 in
705 3487 793 3545 his
839 3486 1036 3545 verbis
1081 3488 1139 3564 (l.
1172 3487 1227 3550 5)
1262 3477 1307 3567 ᾧ
1332 3484 1392 3543 ἂν
1421 3485 1630 3565 λάχωσι
1651 3530 1670 3563 ,
1715 3491 1902 3547 caruit

376 3576 563 3636 Suidae
591 3575 793 3646 codex,
820 3575 883 3632 in
906 3574 1105 3652 paucis
1137 3574 1231 3631 ille
1260 3572 1491 3650 quidem
1525 3573 1600 3632 ab
1624 3572 1752 3632 edd.
1785 3595 1896 3633 no-

375 3663 507 3720 stris
538 3660 869 3733 discedens,
917 3660 1015 3718 sed
1053 3679 1181 3736 quae
1218 3671 1405 3717 tamen
1430 3680 1548 3717 non
1586 3661 1900 3737 neglexisse

374 3768 571 3826 operae
597 3748 668 3806 sit
694 3748 947 3825 pretium
973 3766 988 3807 t
1024 3744 1163 3805 Ἀλλ’
1186 3746 1245 3802 οὐ
1263 3782 1326 3795 --
1346 3745 1641 3825 γράμματι,
1668 3743 1901 3827 Ἀριστο-

376 3834 540 3916 φᾶνης
554 3832 670 3892 ἀντὶ
682 3839 775 3891 τοῦ
794 3833 1021 3901 ἕδίκαζες
1041 3834 1168 3912 (ista
1179 3834 1400 3905 recidit,
1420 3836 1519 3912 qui
1534 3835 1900 3912 descripsisse

377 3921 612 3981 Suidam
635 3919 878 3995 videtur,
901 3920 1072 3979 Mich.
1090 3922 1345 3996 Apostol.
1369 3941 1425 3990 α,
1446 3922 1540 3994 85,
1555 3933 1614 3979 et
1630 3934 1898 3997 tanquam

375 4010 610 4086 vulgare
642 4007 1009 4086 proverbium
1040 4026 1336 4085 exponens
1378 4007 1636 4082 addidit,
1682 4007 1770 4067 ἐπὶ
1794 4013 1898 4068 τῶν

378 4093 691 4172 μεθυόντων)
715 4114 730 4128 ·
764 4098 813 4152 οἱ
850 4093 950 4175 γὰρ
982 4093 1240 4164 Ἀθηναῖοι
1281 4091 1419 4152 κατὰ
1469 4095 1695 4175 γράμμα
1737 4098 1900 4168 ἐκλη-

379 4187 560 4263 ροῦντο
599 4180 705 4240 ἀπὸ
726 4184 832 4240 τῶν
863 4179 896 4240 ι’
928 4183 1104 4264 φυλῶν
1150 4181 1382 4258 (omisso
1414 4184 1638 4242 numeri
1682 4185 1900 4242 denarii

378 4272 539 4347 signo
563 4268 770 4345 adjecit
793 4274 844 4327 Δ
956 4281 998 4325 t.
1031 4267 1157 4326 δέκα
1184 4265 1239 4326 δὲ
1252 4259 1387 4341 ἦσαν
1413 4271 1467 4328 αἱ
1492 4267 1671 4348 φυλαί)
1692 4295 1706 4307 ·
1736 4261 1842 4330 οἷον
1864 4274 1900 4342 ἡ

376 4354 560 4437 πρώτη
583 4355 644 4414 τὸ
667 4355 806 4436 ἄλφα
832 4287 952 4434 εςὲι8
966 4363 1202 4432 σημεῖον,
1229 4361 1265 4429 ἡ
1282 4354 1495 4438 δευτέρα
1520 4355 1581 4416 τὸ
1606 4359 1658 4436 β,
1685 4358 1773 4416 καὶ
1790 4358 1905 4439 ἐφε-

377 4441 466 4514 ξῆς
480 4441 638 4523 μέχρι
654 4447 745 4500 τοῦ
760 4465 812 4501 κ.
836 4444 1060 4520 (Apost.
1076 4441 1137 4501 τὸ
1153 4443 1311 4524 ἄλφα,
1326 4448 1361 4515 ἡ
1376 4442 1433 4501 δὲ
1456 4443 1747 4525 δευτέρατὸ
1767 4448 1903 4524 β’ἧτα

378 4523 489 4609 εἶχε
508 4538 722 4606 σημεῖον
739 4527 900 4609 μέχρι
921 4534 1012 4588 τοῦ
1031 4529 1390 4610 κᾶππα.)δέκα
1402 4530 1504 4613 γὰρ
1521 4533 1694 4612 φυλῶν
1714 4533 1902 4606 οὐσῶν,

378 4625 504 4687 δέκα
527 4624 762 4705 ἐγίνοντο
785 4626 1063 4692 δικασταί(
1080 4631 1279 4704 Apost.
1309 4627 1536 4707 ἐγίνοντο
1558 4628 1869 4711 δικαστήρια
1883 4649 1900 4665 ·

378 4734 548 4791 quam
560 4715 866 4773 lectionem
875 4735 949 4773 ne
961 4714 1089 4792 quis
1110 4728 1322 4774 temere
1338 4729 1593 4794 spernat,
1605 4715 1901 4776 consulen-

380 4801 488 4860 dus
507 4813 593 4860 est
609 4802 791 4860 schol.
820 4801 892 4859 ad
912 4822 964 4861 v.
981 4800 1146 4881 277)·
1168 4805 1197 4860 ὅ
1214 4793 1301 4860 οὖν
1311 4801 1492 4881 λαχὼν
1511 4801 1572 4862 τὸ
1597 4802 1740 4884 ἄλφα
1753 4806 1903 4884 πρῶ-

383 4911 464 4955 τος
485 4888 562 4967 (id
604 4901 692 4947 est
716 4890 770 4946 ἐν
805 4891 884 4970 τῷ
902 4887 1097 4970 πρώτῳ
1121 4888 1441 4972 δικαστηρίῳ
1461 4894 1539 4971 τῷ
1563 4889 1760 4975 Ἄλφα)
1794 4890 1904 4952 ἐδί-

379 4978 524 5047 καζε,
550 4974 641 5034 καὶ
670 4976 737 5053 (οἱ
763 4988 919 5036 recte
938 4977 1260 5055 interponit
1276 4977 1502 5058 Apost.)
1521 4978 1672 5038 ἄλλοι
1695 4977 1901 5056 ὁμοίως.

381 5060 545 5142 Τάχα
567 5053 656 5121 οὖν
683 5062 767 5137 σὺ,
801 5067 949 5148 φησὶ,
975 5066 1215 5145 λαχοῦσα
1242 5066 1339 5124 οὗκ
1359 5066 1612 5141 ἑδῖκαζες,
1642 5066 1761 5124 ἀλλ’
1785 5064 1900 5124 ἔπι-

1975 706 2152 745 unum
2180 701 2364 747 tamen
2401 704 2662 767 utraque,
2688 693 2840 750 velut
2868 694 3028 751 nullo
3061 694 3388 752 discrimine
3416 715 3507 754 se-

1968 773 2190 852 juncta,
2218 779 2541 835 conflarunt
2558 783 2645 836 J0.
2671 785 2887 840 Meurs.
2911 785 2998 838 De
3021 782 3301 840 Archont.
3328 787 3380 852 3,
3413 803 3503 855 ιο,

1976 876 2033 921 et
2069 868 2127 921 S.
2164 864 2332 922 Petit.
2364 864 2434 919 ad
2463 868 2572 923 LL.
2602 869 2723 923 ΑΛ.
2755 887 2812 945 p.
2851 869 2958 943 196
2985 889 2998 924 :
3027 888 3141 944 quo
3166 869 3380 927 factum
3400 882 3505 940 est,

1975 966 2040 1009 ut
2075 952 2135 1008 in
2157 971 2413 1009 errorem
2442 951 2782 1027 inciderint,
2806 955 2904 1012 sed
2938 956 3110 1033 plane
3132 959 3505 1029 contrarium,

1978 1039 2123 1098 dum'
2143 1041 2238 1099 hic
2262 1041 2335 1097 de
2357 1040 2720 1099 senatoribus
2747 1054 2974 1116 cuncta,
3004 1042 3076 1100 de
3097 1043 3391 1120 judicibus
3410 1044 3507 1102 ille

1976 1129 2412 1206 interpretatur.
2457 1126 2634 1204 Atqui
2657 1148 2772 1185 non
2804 1141 2997 1207 potest
3025 1129 3296 1204 dubitari,
3332 1130 3506 1188 modo

1977 1219 2106 1294 quis
2130 1217 2385 1275 animum
2411 1215 2748 1284 attenderit,
2786 1216 2925 1293 quin
2962 1219 3148 1275 solum
3177 1231 3505 1276 senatorum

1978 1304 2238 1362 ordinem
2264 1304 2446 1381 prius,
2483 1304 2725 1361 alterum
2756 1323 3057 1362 consessus
3075 1304 3338 1381 judicum
3373 1317 3506 1363 tan-

1977 1404 2089 1470 gat.
2125 1396 2390 1451 Ceterum
2419 1389 2574 1468 quod
2595 1391 2809 1448 Petitus
2831 1391 3072 1449 rescribi
3089 1390 3258 1470 jubet
3285 1390 3424 1450 κατὰ
3447 1389 3509 1450 τὸ

1977 1478 2203 1560 γράμμα
2231 1498 2339 1557 pro
2370 1477 2463 1537 καὶ
2487 1477 2548 1536 τὸ
2571 1476 2814 1557 γράμμα,
2842 1491 2899 1535 et
2924 1479 2976 1535 ἕν
3010 1482 3085 1560 τῷ
3104 1479 3379 1561 γράμματι
3398 1499 3508 1558 pro

1978 1565 2345 1648 γραμματείῳ,
2372 1565 2716 1643 jamdudum
2738 1579 2868 1623 ante
2887 1568 3173 1625 Meursius
3202 1587 3319 1624 non
3345 1567 3511 1625 aliter

1978 1655 2039 1713 it.
2068 1655 2213 1731 ipsis
2243 1653 2560 1710 scholiastae
2591 1650 2777 1710 verbis
2806 1651 3108 1711 exhibuit:
3139 1674 3337 1712 verum
3366 1674 3510 1711 neu-

1982 1755 2069 1800 ter
2086 1740 2488 1800 animadvertit
2510 1740 2638 1797 vice
2659 1738 2748 1797 καὶ
2774 1737 3105 1799 ἐδουλεύοντο
3127 1733 3288 1815 οὗτοι,
3320 1742 3509 1818 legen-

1980 1829 2118 1886 dum
2147 1848 2271 1886 esse
2297 1824 2489 1892 οὕτως·
2521 1827 2792 1884 nimirum
2829 1826 2966 1885 κατὰ
3001 1828 3063 1887 τὸ
3097 1827 3353 1909 γράμμα,
3395 1829 3507 1900 vel,

1981 1915 2028 1973 si
2053 1916 2184 1992 quis
2222 1915 2335 1973 hoc
2379 1913 2527 1971 (orte
2548 1957 2563 1985 ,
2606 1933 2697 1971 me
2744 1934 2860 1971 non
2889 1915 3072 1973 invito
3092 1958 3109 1989 ,
3139 1916 3338 1985 malit,
3370 1914 3511 1974 κατὰ

1979 1999 2271 2080 γράμματα
2291 2019 2307 2033 ·
2335 2000 2816 2076 quemadmodum
2840 2000 2939 2059 diu
2958 2015 3091 2061 ante
3106 2001 3332 2078 judices
3352 2016 3508 2060 sorte

1982 2090 2137 2161 duci,
2170 2093 2345 2166 inque
2370 2107 2473 2145 sua
2491 2088 2735 2164 quisque
2761 2087 3067 2147 tribunalia
3092 2089 3239 2146 mitti
3265 2108 3507 2147 consue-

1981 2190 2201 2235 verant.
2232 2182 2512 2235 Praeterea
2537 2176 2756 2233 Petitus
2778 2175 2866 2233 ἐπὶ
2890 2175 3238 2235 Γλαυκίππου
3263 2195 3510 2253 sequen-

1985 2264 2137 2323 tibus
2161 2262 2577 2321 adnectendum
2595 2262 2834 2335 censuit,
2856 2263 3207 2341 suffragante
3230 2263 3509 2321 Kustero:

1982 2374 2088 2431 ego
2121 2352 2359 2411 Meursii
2389 2350 2667 2408 rationem
2696 2349 2998 2425 approbo,
3033 2351 3132 2427 qui
3166 2351 3373 2409 Latine
3400 2350 3510 2407 de-

1983 2442 2106 2500 dit:
2148 2445 2340 2516 Inquit
2361 2445 2507 2495 em'm
2539 2439 2897 2495 Philochorus
2923 2436 3025 2494 sub
3062 2441 3385 2514 Glaucippo.
3435 2442 3515 2496 Et

1980 2543 2203 2589 senams
2235 2541 2346 2587 etc.
2382 2548 2396 2582 t
2429 2527 2616 2584 solent
2650 2526 2801 2582 enim
2835 2528 3187 2603 grammatici
3218 2548 3332 2585 non
3364 2547 3512 2601 raro,

1982 2619 2256 2695 quoniam
2298 2613 2677 2673 Philochorus
2717 2612 3014 2672 historiam
3061 2635 3222 2673 suam
3264 2615 3513 2673 Atticam

1982 2705 2297 2765 secundum
2339 2722 2521 2760 annos
2563 2707 2785 2779 Regum
2816 2715 2990 2779 atque
3019 2703 3377 2761 Archontum
3419 2703 3514 2760 di-

1981 2803 2252 2873 gesserat,
2269 2788 2356 2849 ἐπὶ
2372 2787 2738 2859 Γλαυκίππου,
2757 2788 2844 2846 ἐπὶ
2867 2789 3102 2848 Καλλίου
3122 2789 3286 2847 verbi
3310 2790 3512 2868 gratia,

1984 2896 2259 2960 tanquam
2304 2879 2581 2955 temporis
2624 2877 2872 2935 indicem
2906 2897 2971 2934 ac
3012 2877 3238 2935 titulum
3273 2896 3512 2953 ponere,

1985 2968 2092 3028 sub
2125 2988 2243 3046 quo
2266 2986 2358 3025 res
2387 2963 2508 3042 ejus
2535 2965 2865 3022 testimonio
2885 2965 3224 3021 confirmata
3269 2965 3509 3040 reperiri

1985 3068 2173 3134 queat.
2196 3061 2411 3112 Verum
2434 3051 2584 3110 idem
2601 3052 2890 3109 Meursius
2905 3050 3139 3127 quando
3166 3053 3339 3121 istaec,
3358 3055 3514 3109 τοῦτο

1986 3141 2042 3201 δὲ
2076 3141 2164 3222 ἀφ’
2191 3138 2366 3221 ἑτέρου
2395 3138 2536 3197 ἐστὶν
2569 3141 2918 3218 ἑρμηνεῦσαι,
2964 3138 3044 3195 sic
3071 3138 3276 3195 Latine
3310 3138 3512 3196 reddi-

1987 3229 2072 3287 dit
2092 3273 2108 3301 ,
2160 3230 2298 3285 illud
2328 3240 2513 3283 autem
2551 3225 2626 3282 ab
2661 3230 2775 3282 alio
2811 3238 2997 3300 potest
3015 3229 3290 3299 explic-an·
3303 3268 3323 3294 ‚
3371 3224 3510 3301 quid

1988 3317 2253 3386 voluerit,
2286 3333 2519 3392 prorsus
2553 3312 2798 3391 ignoro:
2821 3332 3017 3370 sensus
3040 3323 3126 3369 est
3157 3311 3279 3369 sine
3304 3310 3512 3369 dubio:

1985 3408 2136 3462 t'Ilae'us
2164 3416 2370 3472 autem,
2399 3398 2568 3466 ἔπινες
2590 3400 2645 3456 ἐν
2673 3401 2750 3479 τῷ
2775 3397 3080 3479 γράμματι,
3117 3400 3514 3474 interpretatu&

1986 3498 2251 3549 tutionem
2282 3491 2509 3546 aliunde
2545 3491 2746 3543 ducere
2779 3491 2910 3543 licet
2938 3508 2958 3541 .-
2994 3487 3138 3544 nihil
3179 3486 3292 3544 hoc
3336 3484 3513 3555 aliud,

1988 3598 2158 3656 quam
2183 3576 2578 3635 adsumentum
2600 3574 2762 3631 sutile
2791 3573 3138 3632 scholiorum
3168 3572 3513 3641 collectoris,

1988 3666 2088 3742 qui
2127 3676 2280 3722 certe
2321 3661 2706 3738 opportunius
2736 3660 2832 3718 hic
2873 3662 3127 3720 solemne
3163 3660 3308 3718 illud
3343 3657 3515 3725 ἄλλως

1989 3751 2377 3829 inter-jecisset,
2411 3767 2580 3825 quam
2602 3748 2860 3826 ineptam
2888 3749 3149 3807 laciniam
3181 3771 3194 3806 :
3224 3767 3355 3806 nam
3383 3767 3511 3806 ma-

1987 3839 2196 3896 nifesto
2231 3836 2425 3915 prodit
2447 3854 2507 3893 se
2535 3836 2869 3912 neutiquam
2900 3846 3218 3892 assecutum
3253 3853 3377 3891 esse
3410 3853 3513 3891 ve-

1991 3925 2125 3984 teris
2154 3924 2471 3983 scholiastae
2514 3936 2764 3980 mentem
2788 3966 2804 3992 ,
2866 3922 2963 3998 qui
3016 3934 3173 3978 recte
3218 3920 3512 3978 Comicum

1989 4012 2226 4089 intelligi
2263 4010 2386 4067 vult
2415 4029 2487 4067 ex
2521 4010 2625 4083 iis,
2657 4030 2786 4087 quae
2818 4008 2889 4066 de
2923 4006 3187 4084 judicum
3215 4007 3513 4064 sortitione

1990 4117 2164 4177 supra
2195 4098 2418 4155 fuerant
2442 4096 2514 4153 ad
2542 4116 2597 4154 v.
2623 4116 2733 4167 277
2762 4094 3066 4173 praedicta,
3094 4091 3197 4151 sed
3223 4112 3377 4150 nunc
3415 4114 3512 4151 so-

1989 4188 2105 4243 lum
2142 4204 2216 4242 ex
2245 4183 2592 4241 Philochoro
2621 4182 2915 4260 prioribus
2951 4181 3111 4239 addit
3153 4198 3362 4237 novam
3401 4179 3514 4238 ob·-

1990 4274 2368 4332 servationem
2400 4294 2413 4328 :
2448 4271 2509 4328 in
2529 4292 2643 4347 qua
2670 4271 2827 4349 qnod
2845 4269 3083 4347 legimus
3105 4271 3182 4349 τῷ
3206 4265 3308 4350 πρὸ
3329 4264 3513 4326 τούτου
3541 4311 3548 4316 -

1990 4361 2115 4435 ἔτει,
2143 4380 2259 4418 non
2288 4370 2373 4418 est
2407 4360 2619 4416 nullius
2655 4360 2948 4427 momenti,
2983 4377 3092 4415 nec
3123 4370 3335 4415 temere
3367 4375 3517 4433 prae-

1993 4447 2362 4508 tei-eundum:
2389 4444 2560 4505 debet
2586 4447 2738 4504 enim
2766 4445 2922 4504 haud
2939 4445 3102 4504 aliter
3115 4443 3319 4520 accipi,
3338 4462 3512 4520 quam

1991 4538 2035 4597 si
2065 4537 2345 4614 scriptum
2381 4534 2555 4602 foret,
2589 4536 2666 4613 τῷ
2691 4530 2794 4612 πρὸ
2812 4538 2902 4591 τοῦ
2925 4529 3166 4593 Πλούτου
3194 4529 3324 4604 ἔτει,
3353 4529 3510 4607 quod

1991 4626 2178 4703 ipsum
2230 4623 2471 4680 fortasse
2528 4641 2647 4677 non
2700 4619 2885 4678 deerit
2958 4620 3058 4695 qui
3112 4618 3510 4695 reponendum

1992 4712 2184 4791 potius
2213 4710 2535 4780 existimet,
2564 4709 2651 4766 vel
2674 4750 2691 4778 ‚
2716 4704 2819 4786 πρὸ
2844 4707 2938 4776 τῆς
2967 4710 3060 4764 τοῦ
3088 4703 3328 4766 Πλούτου
3348 4703 3510 4764 καθέ-

1991 4823 2119 4866 σεως
2137 4820 2151 4834 ·
2179 4818 2330 4857 anno
2359 4807 2522 4868 ante,
2549 4813 2723 4873 quam
2744 4794 2939 4852 Plutus
2973 4793 3031 4851 in
3062 4811 3289 4852 scenam
3325 4793 3510 4850 fuerat

1990 4890 2183 4958 datus3
2217 4888 2366 4944 sicut
2405 4886 2465 4943 in
2514 4882 2688 4941 schol.
2726 4880 2798 4939 ad
2830 4880 3060 4956 Lysistr.
3090 4899 3141 4935 v,
3174 4878 3320 4953 1096
3348 4916 3365 4946 ,
3405 4876 3511 4958 πρὸ

1990 4980 2120 5048 ἐτῶν
2155 4972 2425 5055 τεσσάρων
2464 4973 2558 5042 τῆς
2592 4966 2850 5034 καθίσιως
2886 4964 3071 5027 τούτου
3097 4970 3190 5025 τοῦ
3216 4962 3497 5047 δράματος·

1991 5083 2121 5123 nam
2161 5061 2469 5140 depravate
2505 5057 2694 5117 editur
2721 5052 3062 5123 καταθέσεως.
3106 5059 3156 5114 Α
3186 5051 3354 5112 nobis
3393 5067 3503 5110 non

3149 5162 3231 5210 3⁸.
