3859 5725
363 236 483 296 466

437 368 513 441 96
544 365 624 423 sic
645 366 715 424 R.
753 376 809 419 et
829 360 1033 422 Suidas
1061 381 1103 419 s.
1135 361 1404 439 Φλαῦρον.
1435 356 1670 429 ἀναιδὲς,
1693 354 1879 434 δ.,φλ.

357 454 478 511 Ald.
507 454 618 534 φλ.,
649 448 873 522 ἀναιδὲς,
897 449 945 506 δ.
974 452 1042 508 V.

435 564 534 618 97,
565 562 636 614 ²7
663 561 749 619 sq.
770 538 1017 619 Ὅμηρος
1046 581 1060 594 .
1087 584 1100 597 .
1126 580 1142 598 .
1178 537 1274 607 δης
1291 533 1538 603 ὀλόλυξαν
1558 539 1628 593 R.
1650 529 1884 607 reliquis

355 632 600 690 omissis.
641 627 1017 686 Scribebatur
1042 625 1158 683 ἀλλ’
1194 622 1468 703 εὔχεσθαι,
1496 634 1555 679 et
1596 616 1886 699 Εὐριπίδης

354 717 619 798 ἔρχεσθαι.
650 742 674 766 α
690 720 831 790 Quae
854 714 1103 772 correxi.
1139 716 1207 771 In
1234 710 1431 769 verbis
1456 707 1752 785 Euripidis
1779 705 1888 761 sor-

356 821 503 865 tasse
543 801 835 872 ὀλολύξατ’,
878 803 926 860 si
969 801 1109 878 quid
1152 798 1519 858 tribuendum
1566 797 1885 872 fragmento

355 893 559 952 scholii
591 890 942 950 Ravennatis
968 886 1274 955 ὀλόλυξαν.»
1312 892 1498 945 Dum.
1544 922 1608 932 —
1651 902 1725 958 29
1760 878 1884 957 ἔλθῃ

355 979 477 1051 θεὰ,
504 982 707 1061 χρυσῆν
736 977 1044 1039 Seidlerus.
1078 975 1268 1054 ἐλέχθη
1299 973 1515 1052 (θελχθῇ
1544 967 1888 1046 anonymus)

356 1068 448 1126 02&
474 1073 507 1139 ἡ
528 1066 722 1147 χρυσὸν
746 1070 813 1125 V.

438 1175 548 1230 99,
579 1157 644 1212 31
687 1152 1052 1211 scribebatur
1081 1150 1294 1230 Λαυρὰς

360 1245 434 1300 32
454 1232 543 1311 ἦν.
584 1237 703 1304 τοὺς
729 1239 856 1296 Ald.
885 1237 1276 1318 ῥυπαροτόπους
1300 1241 1371 1293 V.
1399 1279 1462 1290 ...
1491 1236 1562 1300 34
1597 1231 1719 1290 ΑΜ.
1753 1228 1892 1289 κάν-

360 1332 534 1408 θαρον,
558 1325 648 1384 καὶ
672 1324 1055 1386 κατασπάσωσι
1078 1323 1226 1383 κάτω
1247 1321 1504 1382 δυσωδίαν
1527 1317 1768 1377 πνέοντα.

446 1436 576 1488 107,
599 1425 631 1483 4
646 1435 666 1472 1
699 1413 1141 1491 Λακεδαιμονίους
1163 1418 1230 1471 R.
1250 1458 1312 1471 ...
1335 1412 1408 1480 43
1423 1413 1500 1490 τῷ
1516 1406 1688 1486 Μήδῳ
1701 1403 1892 1484 aptius

358 1518 489 1582 post
510 1501 937 1579 ἀπαγγέλλοντας
964 1497 1360 1559 collocabitur.
1391 1503 1571 1557 Dum.

445 1592 588 1663 108,
617 1589 692 1657 48
720 1589 827 1645 τῶν
860 1585 1063 1645 πόλεων
1090 1587 1220 1647 Ald.
1250 1632 1312 1645 -..
1343 1595 1418 1661 49
1442 1581 1622 1649 αὐτοὺς
1645 1579 1764 1641 οὔτε
1786 1601 1891 1638 πο-

359 1675 529 1758 ρεύσει
559 1675 644 1756 ὕφ’
673 1677 869 1734 ίαυτῶν
894 1679 994 1744 V.,
1017 1693 1086 1731 ex
1119 1674 1339 1733 scholio
1361 1693 1417 1731 v.
1443 1692 1572 1747 109.

445 1787 464 1821 1
485 1775 576 1837 14,
601 1784 674 1822 22
705 1753 812 1843 ἦρ’,
839 1765 908 1821 23
930 1760 991 1819 τὸ
1017 1761 1071 1829 ἐξ
1092 1766 1158 1818 V.
1181 1759 1340 1821 Idem
1364 1751 1446 1840 ἆρ’
1475 1756 1678 1834 ἔτυμος.
1710 1756 1894 1814 Perie-

357 1866 494 1911 runt
512 1853 601 1911 hae
628 1852 811 1909 literae
835 1851 896 1908 in
922 1853 1024 1919 R„
1056 1848 1159 1925 qui
1192 1846 1360 1928 φάτιν.
1394 1853 1469 1905 V.
1500 1843 1700 1924 φάτω.
1727 1889 1791 1902 ...
1815 1849 1888 1908 24

359 1932 506 2021 εὗρον
545 1944 614 1998 R.
665 1958 774 2016 pro
802 1936 985 2015 ἔγνων.
1018 1934 1208 2001 Αἴολος
1249 1940 1312 1992 V.
1352 1933 1531 2011 (quod
1570 1952 1640 1990 ex
1656 1930 1815 1991 Αἶολε
1842 1928 1892 1989 α’

357 2038 700 2105 corruptum
758 2043 884 2082 esse
939 2042 1109 2100 posse
1168 2020 1579 2080 animadvertit
1628 2017 1891 2076 Diodor-

356 2115 508 2192 fius),
537 2133 651 2172 om.
674 2116 745 2171 R.

444 2222 466 2259 1
486 2222 547 2273 17
568 2245 585 2274 ,
630 2200 820 2271 25-27
862 2197 944 2253 sic
972 2196 1031 2253 in
1069 2197 1162 2265 R.,
1183 2191 1299 2251 ἀντὶ
1328 2196 1420 2250 τοῦ
1448 2190 1583 2269 μετὰ
1615 2191 1805 2272 ὀρνέων
1830 2227 1894 2239 -

357 2287 612 2355 ἀπιόντες.
652 2286 764 2345 δεὸν
783 2284 913 2363 [sic]
930 2284 1095 2341 εἰπεῖν
1115 2284 1186 2348 εἷς
1206 2279 1442 2361 οὐρανόν.
1460 2325 1522 2337 .-
1550 2282 1625 2337 26
1646 2283 1749 2338 τῶν
1779 2300 1891 2338 om.

355 2381 428 2434 R.
461 2374 592 2435 Ald.
621 2371 704 2432 ὅτι
724 2370 945 2429 addidit
965 2369 1236 2428 Dindors.
1265 2413 1329 2425 -.
1355 2387 1431 2443 ²9
1459 2371 1613 2425 τοῦτο
1632 2372 1698 2426 V.
1724 2413 1788 2427 ...
1817 2368 1892 2426 36

354 2462 484 2542 πρὸς
510 2460 605 2532 τὴν
627 2460 833 2518 codex.

446 2571 575 2623 121,
600 2559 670 2617 42
698 2560 831 2626 post
858 2543 1123 2625 ἐχρήσατο
1147 2544 1311 2622 ponit
1339 2547 1409 2600 R.
1438 2579 1501 2590 —
1522 2543 1596 2611 43
1619 2539 1789 2609 ἄλλως
1813 2547 1886 2601 V.

355 2637 469 2697 civ-tl
491 2641 584 2696 τοῦ
615 2635 764 2709 Διά,
787 2632 947 2712 quod
975 2652 1092 2690 om.
1122 2636 1190 2691 R.

442 2728 549 2784 123
567 2770 584 2798 ,
629 2724 693 2781 51
750 2736 882 2801 post
924 2719 1203 2798 λεγόμενον
1245 2739 1374 2797 quae
1413 2717 1783 2790 exciderunt,
1821 2737 1890 2777 ex

355 2814 574 2874 scholio
599 2811 804 2871 Aldine
825 2810 1083 2890 suppleri
1098 2820 1358 2888 possunt.
1375 2845 1437 2858 —
1457 2808 1529 2866 53
1547 2808 1592 2865 εἰ
1605 2808 1802 2865 ...αἰτεῖ
1823 2812 1892 2866 V.

353 2901 418 2974 ἢν
450 2908 478 2963 δ
497 2910 621 2969 παῖς
640 2890 777 2959 οἶνον
806 2900 929 2978 αἰτῇ
946 2944 963 2972 ,
1004 2898 1251 2958 κόνδυλον
1288 2897 1430 2977 αὐτῷ
1455 2895 1596 2954 δίδου
1617 2896 1825 2955 Suidas
1844 2916 1891 2954 s.

355 2992 638 3052 Κόνδυλον.
684 3027 745 3038 -
795 3009 815 3045 ι
864 2986 1110 3046 κόνδυλον
1148 2991 1219 3045 V.
1264 2986 1545 3044 Demetrii
1587 2985 1891 3043 lectionem

352 3081 517 3159 sequi
544 3080 775 3138 videtur
800 3077 1042 3135 Photius
1065 3095 1122 3153 p.
1156 3095 1288 3151 129,
1321 3075 1388 3132 15
1415 3096 1429 3130 ι
1452 3073 1706 3141 κάνδυλος
1733 3071 1892 3153 (κάν-

353 3169 500 3233 δυτος
527 3165 731 3243 codex)
748 3188 761 3222 ε
787 3162 1041 3223 σκευασία
1060 3161 1345 3243 ὀψοποιικὴ
1368 3163 1503 3239 μετὰ
1522 3161 1782 3240 γάλακτος
1801 3161 1891 3219 καὶ

352 3254 567 3320 στέατος
590 3252 679 3312 καὶ
704 3250 931 3329 μέλιτος.
959 3249 1086 3309 ἔνιοι
1111 3247 1167 3308 δὲ
1201 3248 1290 3308 διὰ
1317 3248 1481 3330 κρέως
1506 3247 1598 3307 καὶ
1619 3246 1776 3328 ἄρτου
1800 3247 1892 3306 καὶ

1297 1193 1310 1206 .
1341 1146 1562 1206 ἐκάλουν
1587 1166 1702 1205 0111.
1727 1149 1797 1203 R.
1826 1188 1890 1200 -.

250 3340 257 3346 ’
352 3349 526 3424 τυροῦ.
576 3339 738 3405 οὕτως
771 3338 1162 3420 Ἀριστοφάνης.
1210 3344 1396 3412 Quem
1425 3339 1615 3394 locum
1651 3336 1893 3395 sortasse

352 3450 469 3489 non
497 3428 778 3487 debebam
798 3428 951 3484 inter
978 3428 1293 3501 fragmenta
1315 3443 1533 3502 ponere
1550 3424 1684 3491 624.
1707 3428 1891 3483 Dum.

351 3561 413 3576 ....
445 3520 476 3574 3
499 3515 661 3574 addit
687 3520 755 3573 R.
780 3511 1011 3593 κολλύρα
1040 3512 1096 3571 δὲ
1118 3511 1178 3571 τὸ
1203 3510 1419 3570 ἔλαττον
1441 3517 1532 3571 τοῦ
1553 3509 1731 3592 ἄρτου.

440 3613 573 3675 124,
602 3605 639 3660 6
672 3603 743 3667 εἷς
768 3600 993 3659 addidit
1017 3600 1373 3659 Dindorlius.

439 3692 581 3763 125,
605 3710 643 3764 9
665 3708 752 3766 sq.
784 3692 845 3746 οὐ
881 3685 1286 3767 γὰρ-ἀνέλθῃς
1317 3705 1433 3744 0111.
1463 3691 1531 3745 R.
1562 3730 1625 3742 ...
1667 3688 1731 3745 13
1762 3707 1892 3766 sqq.

350 3777 692 3842 Insanabilis
713 3777 975 3845 estlocus
996 3773 1292 3853 Euripidis
1309 3817 1325 3844 ,
1352 3794 1423 3832 ex
1452 3794 1572 3852 quo
1598 3775 1767 3852 plura
1786 3796 1887 3835 ex-

352 3868 556 3927 cidisse
579 3863 938 3923 manifestum
965 3874 1069 3920 est.
1100 3860 1296 3921 Codex
1333 3869 1399 3929 14
1418 3859 1568 3941 κράτ,
1606 3862 1674 3919 15
1700 3861 1894 3946 πορεύ-

350 3978 449 4034 γει.
499 3956 568 4013 G.
614 3947 843 4032 πορεύει.
890 3946 1195 4031 βαρυστόνῳ
1236 3948 1454 4025 conjeci
1497 3950 1558 4007 in
1595 3951 1893 4009 Thesauro

349 4041 604 4120 HSteph.
635 4039 751 4096 vol.
783 4056 850 4107 a,
896 4057 953 4115 p.
993 4038 1104 4105 433
1124 4078 1141 4107 ,
1174 4044 1243 4096 Α.
1277 4034 1468 4108 πτηνὸς
1501 4036 1745 4118 πορεύσει
1773 4059 1891 4097 11011

352 4132 534 4208 liquet
565 4140 759 4186 utrum
797 4125 1000 4202 tragici
1033 4125 1148 4181 sint
1177 4123 1348 4182 verba
1381 4146 1454 4184 an
1484 4127 1892 4204 Aristophanis

352 4237 423 4276 cx
449 4233 617 4273 versu
647 4210 939 4290 proximo.
965 4216 1149 4269 Dum.

441 4304 581 4371 126,
625 4302 692 4357 16
724 4297 875 4372 νηὸς,
907 4320 969 4372 17
992 4303 1117 4364 ναῦς
1139 4300 1208 4357 V.
1242 4299 1369 4358 Atd.
1398 4295 1890 4376 λέγεται-πτηνόν

352 4392 497 4450 infru
527 4400 661 4467 post
681 4387 751 4451 ὥς
785 4389 858 4453 εἷς
883 4392 1008 4445 ναῦν
1042 4387 1207 4465 ponit
1234 4391 1336 4458 V.,
1362 4388 1459 4444 illa
1485 4400 1677 4447 autem
1713 4390 1889 4448 πῶλον

1548 221 2001 285 ADNOTATIO
2042 222 2120 281 IN
2167 221 2427 282 scum..

2056 373 2076 410 1
2093 355 2181 422 36,
2201 354 2276 413 39
2294 352 2714 437 πρακτικώτερος
2734 371 2847 413 om.
2873 358 2946 412 R.
2962 400 3028 412 -
3049 363 3125 422 40
3140 362 3292 422 0141
3315 351 3374 412 δὲ
3390 374 3492 411 0111

1971 445 2042 500 R.
2077 448 2166 515 V.,
2195 443 2356 519 ἅμοω
2388 462 2505 501 0111.
2530 447 2597 502 R.

2061 552 2162 611 141
2181 585 2200 614 ,
2228 550 2302 615 47
2337 540 2518 614 ἐπειδὴ
2547 555 2603 601 et
2628 539 2942 620 ἑκνήχεσθαι
2973 541 3047 599 R.
3071 538 3327 619 νήχεσθαι
3355 540 3516 611 Αἰᾶ.,

1972 646 2101 703 quae
2119 641 2252 706 post
2270 627 2490 688 δύναται
2509 628 2671 687 addit
2694 626 2965 687 διαὸάλλει
2991 625 3046 686 δὲ
3065 625 3132 685 τὰ
3153 627 3272 705 περὶ
3298 625 3516 708 Ἰκάρου

1972 713 2119 796 παρὰ
2157 720 2261 776 τῶν
2314 720 2577 797 τραγικῶν
2629 715 2901 795 λεγόμενα.
2947 762 3010 773 -
3056 716 3130 774 52
3180 714 3519 788 ἐξαπατῆσαι
3611 749 3650 776 ο

1975 802 2179 862 Suidas
2215 825 2259 862 S.
2290 802 2704 886 Τραγικάπερος.
2734 808 2798 862 V.
2829 806 2922 863 ἀπ.
2958 802 3049 862 καὶ
3077 800 3187 872 ἐξὸν
3215 826 3249 881 γ

2062 910 2193 974 142,
2222 922 2256 959 2
2275 902 2389 960 ἐστι
2407 901 2593 969 κῶςτὸ
2623 907 2697 960 V.
2728 898 2839 959 ἐστὶ
2866 899 3057 982 κυρίως
3083 897 3145 958 τὸ
3165 906 3235 959 G.

2064 1000 2192 1067 143.
2224 998 2498 1057 Scholion
2529 997 2800 1056 Aldinum
2825 1009 2913 1055 est
2933 997 3094 1054 πλοῖα
3114 985 3179 1067 ἦν
3203 992 3341 1052 οὕτω
3359 994 3518 1072 λεγό-

1977 1107 2130 1163 μενα,
2163 1085 2431 1167 κάνθαροι,
2453 1089 2508 1146 ἐν
2533 1084 2693 1166 Νάξῳ
2712 1085 2961 1163 γινόμενα
2987 1086 3056 1163 τῇ
3074 1081 3239 1164 νήσῳ.
3267 1083 3356 1142 καὶ
3379 1086 3506 1144 Κνι·

1977 1174 2208 1252 δουργεῖς
2233 1172 2288 1232 δὲ
2313 1174 2476 1242 ἄλλας
2501 1180 2624 1241 ναῦς
2647 1171 2751 1232 ἀπὸ
2771 1172 2982 1233 Κνίδου.
3004 1170 3096 1230 καὶ
3116 1170 3212 1243 τὴν
3245 1169 3515 1253 Κέρκυραν

1978 1260 2081 1320 ἀπὸ
2107 1261 2394 1343 Κερκύρας,
2419 1262 2509 1322 καὶ
2532 1261 2629 1334 τὴν
2650 1260 2887 1342 Πάρωνα
2905 1260 3011 1320 ἀπὸ
3030 1258 3239 1340 Πάρου.
3259 1305 3324 1316 -
3342 1262 3379 1317 6
3404 1282 3516 1318 σω·

1979 1346 2133 1425 μικὸν
2164 1349 2448 1427 (συμμικὸν
2481 1351 2578 1429 G.)
2604 1347 2792 1430 τρόπος
2818 1345 3028 1430 τρόπων
3049 1346 3208 1429 φησὶν
3231 1352 3302 1405 V.
3341 1348 3515 1425 Apud

1980 1436 2216 1497 Suidam
2244 1457 2289 1496 s.
2317 1435 2643 1518 Ναξιουργὴς
2680 1438 2756 1495 de
2791 1435 2898 1494 hac
2933 1434 3138 1494 scholii
3172 1448 3338 1512 parte
3368 1434 3516 1493 nihil

1979 1538 2240 1603 superest
2267 1539 2480 1604 praeter
2501 1524 2679 1584 verba
2699 1527 2956 1605 Κρατῖνος
2982 1520 3039 1581 δὲ
3058 1521 3217 1600 λέγει.
3238 1519 3518 1598 Σαμιακὸν

1977 1612 2171 1694 τρόπον
2214 1634 2284 1671 ex
2329 1614 2685 1673 Archilochis
2711 1614 2926 1673 Cratini
2957 1621 3239 1669 memorat
3273 1612 3523 1669 Photius

1979 1721 2036 1779 p.
2067 1703 2208 1777 498,
2254 1721 2349 1772 ιο,
2386 1722 2638 1779 quocum
2672 1714 3042 1780 comparetur
3070 1699 3406 1775 Hesychius.
3429 1703 3525 1758 De

1984 1801 2231 1866 utroque
2258 1788 2408 1847 dixit
2433 1790 2659 1848 Naekius
2691 1794 2780 1847 De
2812 1788 3065 1847 Choerilo
3105 1807 3162 1865 p.
3202 1786 3328 1844 155.
3352 1833 3419 1844 .-
3448 1805 3523 1844 10

1981 1873 2228 1957 εὑρούσας
2250 1877 2502 1935 correxit
2521 1876 2786 1935 Dindorf.
2806 1896 2880 1935 ex
2898 1874 3076 1935 Suida
3093 1886 3151 1932 et
3168 1869 3345 1939 πόλεις
3364 1872 3526 1930 addi·

1979 1965 2064 2022 dit
2085 1985 2159 2022 ex
2182 1965 2406 2024 eodem.
2436 1962 2656 2046 εὔρόπας
2672 1969 2742 2022 V.
2770 1962 2981 2046 εὗρίπας
2999 1965 3069 2022 G.
3090 1999 3154 2011 —
3185 1979 3210 2019 1
3226 1981 3251 2018 1
3301 1962 3525 2040 ἀρχιτε-

1979 2049 2185 2119 κτονίας
2199 2051 2407 2111 ἐποίουν
2432 2052 2649 2111 Suidas.
2675 2049 3101 2132 άρχιτεκτονικὰς
3115 2054 3185 2108 V.
3204 2095 3267 2106 -
3294 2051 3359 2107 13
3382 2051 3522 2109 Κνι-

1981 2140 2231 2219 διουργεῑς
2261 2140 2366 2199 ἀπὸ
2401 2140 2595 2200 Κνίδου
2628 2140 2760 2200 libri
2789 2140 2980 2199 Suidae
3009 2150 3215 2216 praeter
3244 2137 3427 2195 Paris.
3457 2145 3524 2194 A.

1980 2227 2070 2286 καὶ
2098 2226 2327 2310 κίρκυρα
2360 2228 2583 2288 Suidas.
2615 2274 2678 2285 -
2722 2228 2790 2285 15
2829 2225 3192 2286 scribebatur
3235 2223 3519 2303 κάνθαρος.

1979 2317 2265 2374 Bekkcrus
2294 2335 2308 2376 z
2340 2343 2364 2368 κ
2383 2317 2569 2395 Hujus
2591 2317 2753 2375 vocis
2781 2316 2971 2394 prima
3001 2312 3222 2390 syllaba
3257 2332 3291 2370 a
3335 2331 3527 2369 corre·

1981 2416 2144 2462 ctore
2165 2417 2271 2477 est,
2296 2406 2548 2465 secunda
2570 2425 2694 2463 11011
2721 2427 2757 2463 α
2785 2404 2886 2462 sed
2907 2425 2942 2474 η
2972 2402 3243 2461 habuisse
3266 2399 3521 2458 videtur.

1982 2497 2178 2568 Neque
2202 2482 2317 2552 εἶπε
2343 2496 2527 2552 πλοῖον
2559 2512 2733 2552 voces
2752 2503 2943 2550 sunta
2971 2490 3156 2569 prima
3179 2508 3414 2548 manu.-
3441 2521 3526 2564 -ή

1989 2580 2059 2637 16
2097 2579 2186 2639 καὶ
2227 2580 2486 2639 additum
2530 2601 2605 2641 ex
2647 2579 2840 2641 Suida.
2869 2611 2950 2623 —-
2996 2599 3061 2651 17
3095 2579 3167 2644 ὣς
3202 2576 3294 2636 καὶ
3324 2581 3394 2635 R.
3434 2574 3524 2634 διὰ

1979 2666 2165 2726 τούτου
2193 2673 2263 2727 V.

2068 2765 2198 2836 145,
2233 2784 2307 2822 22
2337 2765 2705 2825 scribebatur
2722 2761 2976 2829 κλειτούς.
2995 2794 3073 2808 -
3098 2762 3173 2820 25
3198 2781 3284 2840 sq.
3308 2764 3513 2824 Καλλι·

1979 2849 2271 2935 κράτης...ἢ
2303 2854 2590 2925 Μενεκλῆς.
2620 2851 2787 2914 conf.
2817 2851 2998 2913 schol.
3034 2857 3132 2911 Av.
3165 2853 3297 2930 395.
3330 2885 3402 2897 --
3442 2852 3520 2909 26

1978 2971 2101 3053 περὶ
2131 2945 2191 3029 αθ
2233 2968 2422 3050 γράφει
2443 2972 2514 3028 V.
2551 2974 2816 3029 Fortasse
2848 2967 3256 3046 corrigendum
3287 2967 3522 3039 Ἀθηνῶν

1980 3056 2375 3141 συγγράμματι.
2414 3064 2595 3117 Dum.
2634 3092 2716 3105 -—
2750 3080 2830 3131 ²7·
2867 3057 3230 3117 scribebatur
3267 3056 3517 3122 κλειτοὺς.

1978 3204 2059 3215 --
2106 3170 2180 3227 28
2206 3172 2234 3225 b
2257 3138 2381 3226 κανθ
2408 3172 2474 3225 V.
2499 3166 2753 3248 κάνθαρος
2782 3171 2853 3225 G.
2877 3200 2952 3211 —
2985 3184 3059 3241 29
3079 3166 3239 3223 vocis
3269 3163 3518 3235 ἑξήκοντα

1980 3259 2111 3317 loco
2137 3256 2496 3315 desideratur
2520 3255 2760 3315 verbum
2777 3253 3035 3332 aliquod,
3063 3264 3126 3310 ut
3144 3250 3402 3325 ἐξήσκητο
3425 3255 3518 3310 vel

1979 3357 2362 3443 ἐξῳκοδόμητο.
2384 3364 2569 3418 Dum.
2591 3401 2670 3412 —
2697 3360 2765 3416 31
2799 3348 2861 3428 ἦν
2882 3347 2940 3415 οὗ
2960 3358 3068 3438 ἐκρ.
3094 3360 3159 3415 V.
3186 3389 3264 3402 —-
3298 3357 3369 3415 33
3393 3333 3521 3413 καν0

1980 3471 2254 3553 (κάνθαρος
2281 3472 2380 3548 G.)
2408 3468 2571 3546 λιμὴν
2597 3467 2715 3548 οὐχὶ
2742 3480 2868 3528 κανθ
2892 3474 2963 3526 V.

2067 3590 2091 3626 1
2104 3578 2174 3640 47
2201 3573 2270 3626 V.
2285 3581 2565 3646 praeterea
2587 3565 2762 3624 habet
2780 3567 3025 3643 glossam
3046 3561 3178 3647 πρὸς
3195 3563 3315 3632 τοὺς
3331 3565 3521 3632 Θιατάς

1980 3678 2129 3738 φησι,
2154 3675 2267 3713 0111.
2290 3661 2360 3715 G.
2387 3689 2466 3700 —
2491 3657 2561 3728 37
2594 3652 2748 3732 λόγος
2781 3658 2817 3725 ἡ
2848 3652 3089 3719 ὑπόθεσις
3130 3673 3206 3713 ex
3249 3654 3518 3713 hocloco

1982 3744 2150 3824 petiit
2222 3742 2429 3801 Suidas
2476 3762 2522 3800 s.
2567 3739 2752 3820 Λόγος.
2791 3747 2862 3800 V.
2908 3743 3031 3801 haec
3083 3742 3167 3801 sic
3221 3741 3431 3814 habet,
3478 3745 3515 3811 ἡ

1980 3824 2074 3912 0⁴⁸⁰
2107 3848 2162 3910 δὶ
2188 3822 2265 3910 λι.
2286 3885 2348 3898 -
2378 3851 2454 3924 39
2482 3867 2567 3926 sq.
2593 3845 2811 3915 Ἄλλως.
2834 3847 3163 3906 ἀποτείνεται
3190 3866 3303 3905 0111.
3331 3853 3422 3922 R„
3455 3848 3518 3906 in

1980 3962 2098 4020 quo
2122 3952 2208 4000 est
2235 3936 2368 3997 διότι
2400 3938 2578 4019 δρᾶμα
2596 3938 2736 3996 ἐστιν
2763 3935 3052 4018 Εὐριπίδου
3079 3935 3516 4018 Βελλεροφόντης,

1981 4032 2035 4089 ἐν
2064 4021 2108 4112 ᾧ
2132 4026 2305 4109 χωλὸν
2328 4039 2439 4085 etc.
3161 4053 3172 4059 -

2067 4127 2207 4200 153,
2241 4125 2314 4194 48
2351 4121 2433 4187 ὅτι
2462 4143 2578 4184 om.
2610 4127 2684 4181 R.
2722 4160 2786 4172 —
2825 4132 2900 4199 49
2935 4120 3073 4180 οὕτω
3113 4167 3166 4181 ..
3194 4167 3248 4182 ..
3293 4122 3516 4183 Ἀττικοὶ

1979 4221 2047 4275 R.
2082 4212 2367 4293 κατωκάρα
2399 4209 2638 4289 λέγουσιν
2667 4210 2886 4269 Ἀττικοὶ
2914 4216 2984 4268 V.
3001 4209 3287 4292 κατωκάρα
3307 4209 3516 4288 λέγεται

1981 4303 2223 4367 Ἀττικῶς
2244 4299 2372 4358 Ald.
2401 4341 2476 4351 --
2509 4302 2600 4357 50.
2633 4304 2768 4358 Post
2813 4296 2903 4379 ὑφ’
2943 4295 2997 4357 ἔν
3034 4298 3094 4357 in
3133 4304 3204 4358 R.
3241 4300 3514 4357 nonnulla

1933 4404 1938 4411 '
1979 4404 2112 4450 suut
2143 4388 2477 4459 obliterata;
2508 4399 2629 4445 tum
2659 4388 2919 4464 sequitur
2953 4387 3068 4445 ἀντὶ
3106 4392 3197 4446 τοῦ
3219 4385 3519 4463 νεμηθήσε-

349 4478 608 4558 κάνθαρον
639 4476 868 4535 omittit.
897 4522 960 4534 -.
993 4496 1063 4551 19
1090 4472 1146 4533 δὲ
1176 4480 1379 4534 om.V.
1413 4521 1476 4534 ...
1503 4498 1575 4535 20
1596 4483 1695 4534 ποῦ
1718 4475 1774 4535 δὲ
1796 4501 1892 4536 πε-
1933 4532 1936 4539 ,
1978 4503 2098 4552 ται,
2129 4469 2221 4559 {pk
2250 4475 2488 4556 φήσεται.
2525 4481 2670 4550 Quae
2697 4476 2779 4533 sic
2809 4474 3163 4533 restituenda
3196 4492 3321 4534 esse
3350 4473 3515 4533 arbi—

351 4563 715 4648 ραιωθήσομαι
729 4563 827 4641 qui
844 4564 1125 4642 legerunt,
1140 4565 1315 4627 πῶλος
1334 4563 1524 4622 delere
1544 4563 1887 4623 debuerunt.

347 4661 535 4714 Dum.
565 4655 636 4718 ὡς
664 4654 734 4717 εἰς
765 4656 890 4710 ναῦν
919 4672 1031 4710 0111.
1056 4655 1127 4710 lt.

434 4745 566 4813 130,
590 4760 662 4812 27
691 4737 787 4807 ἕως
816 4731 877 4799 οἶ
903 4730 1030 4813 ἦλθε
1050 4739 1313 4800 Ald.-31
1339 4739 1529 4813 ἀνέστη
1550 4747 1616 4797 V.
1639 4740 1783 4813 ἀνείη
1815 4745 1885 4800 R.

345 4829 631 4900 ἀνέστηκεν
665 4827 831 4901 ΑΙιΙ.,
863 4848 991 4905 quae
1027 4826 1373 4899 ἅποσοὸήσων
1405 4849 1534 4886 cum
1564 4835 1632 4888 V.
1667 4874 1732 4888 ...
1757 4831 1829 4887 32
1859 4833 1888 4887 ὁ

345 4919 476 5001 πρὸς
504 4926 573 4979 R.
602 4960 669 4972 --
705 4919 778 4978 33
806 4916 1036 4999 ὠφέλεια
1057 4922 1128 4977 V.

440 5009 570 5081 134,
595 5010 669 5068 38
692 5005 899 5065 νεόττια
921 5010 984 5063 V.
1007 5004 1191 5065 νοσσία
1216 5006 1346 5065 Ald.

1930 4580 1937 4617 ἰ
1979 4584 2129 4642 tror‚
2161 4564 2222 4626 τὸ
2255 4563 2310 4625 δὲ
2342 4562 2720 4645 βουκολήσεται
2748 4563 2865 4622 ἀντὶ
2901 4568 2995 4622 τοῦ
3028 4561 3339 4641 μεθήσεται,
3377 4564 3517 4621 ἄπο-

1977 4653 2352 4738 στραφήσεται.
2404 4658 2588 4711 Dum.
2642 4652 2882 4728 δεσμοῖσι
2929 4650 3162 4711 δέδενται
3213 4650 3420 4708 Suidas
3463 4668 3514 4709 s.

1975 4743 2299 4824 Κατωκάρα.
2330 4744 2595 4821 δεσμοῖσιν
2631 4740 2835 4801 δέδεντε
2854 4746 2927 4800 V.
2961 4774 3042 4788 -
3071 4741 3145 4800 52
3170 4737 3513 4824 Ἧρωδιανός.

1975 4840 2182 4894 Joaun.
2211 4831 2375 4890 Alex.
2400 4830 2526 4889 Τον.
2547 4852 2776 4912 παραγγ.
2807 4850 2865 4908 p.
2906 4846 2981 4906 29
2999 4874 3016 4900 ‚
3046 4831 3153 4902 23,
3174 4831 3314 4887 citat
3337 4828 3512 4887 Diud.

1978 4961 2055 4973 ...
2089 4920 2159 4976 53
2184 4921 2250 4995 τῇ
2280 4919 2384 4999 ὁδῷ
2406 4915 2442 4988 ἢ
2470 4922 2540 4975 V.
2573 4917 2798 4977 Ibidem
2828 4916 3097 4996 βουληθεὶς
3114 4929 3172 4975 et
3191 4915 3430 4978 Bekkeri
3453 4928 3516 4975 et

1981 5004 2268 5067 Dindortii
2306 5006 2603 5064 editiones.
2642 5010 2780 5064 Post
2802 5007 3071 5065 scholion
3113 5004 3189 5063 de
3223 5000 3516 5086 κατωκάρα
