3859 5725
324 189 399 242 40

401 307 778 390 αἱματοπώτην
802 328 817 369 1
841 309 953 370 Καὶ
970 314 1128 370 τοῦτο
1151 309 1353 376 οἰκείως
1372 309 1458 369 ἐπὶ
1477 314 1571 368 τοῦ
1595 307 1887 392 δράκοντος·

1435 176 1826 240 scnoLlA
1876 176 1967 238 IN
2017 175 2428 252 Eoum-Es,

2055 327 2153 369 εει.
2199 306 2409 389 βδύλλει
2432 326 2446 368 :
2476 304 2871 386 Καταπέπληγε
2883 352 2900 380 ,
2923 306 3287 387 βδελύττεται,
3309 307 3545 370 τουτέστι

322 402 664 478 αἱματοποτεῖ
691 396 793 479 γὰρ
823 397 883 456 τὸ
911 400 1057 478 ζῷον·
1092 395 1182 456 καὶ
1207 396 1294 456 ἐπὶ
1319 400 1411 454 τοῦ
1453 396 1882 456 ἀλλαντοπώλου.
1976 401 2140 475 μισεῖ.

318 483 509 569 τὰ’γὰρ
534 485 712 568 ἔντερα
729 485 821 544 καὶ
843 483 960 552 τοὺς
982 486 1243 552 ἀλλᾶντας
1265 482 1399 563 μετὰ
1423 482 1644 561 αἵματος
1670 483 1779 562 (καὶ
1794 505 1887 541 πι-

318 578 482 654 μελῆς
500 574 593 634 καὶ
615 573 846 655 ἀλφίτων
861 576 1136 655 φυρῶντες)
1154 575 1463 655 πληροῦσιν.
1488 569 1887 650 (αἱματοπώτην

268 685 295 724 5
321 654 409 723 οὗν
434 661 522 722 τὸν
547 654 681 739 αἷμα
712 661 1167 721 καταναλίσκοντα
1194 660 1286 721 καὶ
1311 659 1490 741 ὥσπερ
1523 659 1884 740 ἑκροφοῦντα.)

397 771 492 812 199.
538 750 873 832 σκοροδάλμη
903 771 918 809 :
945 748 1033 828 (Ἦ
1057 748 1243 830 πικρία
1269 756 1360 809 τοῦ
1391 747 1640 829 σκορόδου
1667 746 1758 805 καὶ
1794 749 1888 817 τῆς

316 838 489 917 ἅλμης
503 839 541 917 ,)
582 836 644 895 τὸ
673 834 829 918 μετὰ
871 840 964 908 τῆς
1003 836 1179 915 ἅλμης
1223 836 1429 918 τρίμμα
1464 839 1568 894 τῶν
1608 832 1886 914 σκορόδων.

315 918 420 985 οἷον
442 931 476 997 ἡ
497 924 766 1005 δριμύτης.
791 915 904 983 εἶπε
930 923 985 983 δὲ
1009 923 1397 1006 Παφλαγόνων,
1421 922 1508 982 διὰ
1526 921 1615 982 τὸν
1633 919 1886 993 Κλέωνα,

314 1012 495 1085 ἐπειδὴ
527 1011 834 1094 Παφλαγὼν
862 1003 949 1084 ἦν.

236 1128 288 1169 ιο
394 1122 490 1162 200.
533 1099 716 1169 ὀπάζει
745 1120 759 1160 :
794 1098 1022 1174 Δίδωσι,
1050 1098 1294 1180 παρέχει.
1330 1110 1455 1158 Vict.

391 1209 490 1251 203.
538 1187 893 1271 (βυρσαίετοςτ
926 1187 1254 1270 Ἀμφιδόλως
1281 1185 1606 1258 ἐξενήνεκται
1628 1181 1769 1243 κατὰ
1790 1180 1887 1255 τὴν

311 1277 525 1359 φράσιν.
572 1276 665 1336 δύο
690 1275 744 1335 δὲ
774 1275 918 1336 αἴτια
946 1278 1018 1343 εἷς
1039 1277 1201 1334 ταυτὸ
1222 1271 1753 1355 παραλαμὸανόμενα
1781 1272 1887 1349 ἀμ·

307 1364 552 1447 φιὸολίαν
580 1364 903 1445 ἐργάζονται.
934 1362 1141 1444 εἴρηται
1173 1362 1226 1422 δὲ
1259 1361 1409 1444 παρὰ
1442 1360 1539 1434 τὴν
1571 1360 1767 1443 βύρσαν
1796 1359 1888 1419 καὶ

309 1453 370 1512 τὸ
399 1452 693 1535 ἁρπάζειν.)

235 1564 286 1603 1⁵
392 1561 489 1603 20⁸.
520 1534 613 1600 εἶθ’
655 1540 1033 1618 αἱματοπώτης
1069 1560 1084 1600 :
1115 1538 1365 1621 Παρόσον
1399 1537 1613 1598 εἰώθασι
1638 1535 1757 1605 τοὺς
1786 1538 1887 1595 ἀλ-

310 1631 504 1697 λᾶντας
528 1626 663 1706 μετὰ
693 1626 919 1706 αἵματος
941 1636 1127 1710 φυρᾷν.

390 1738 489 1777 210.
544 1716 661 1776 αἴκε
707 1716 782 1794 μὴ
825 1718 1029 1797 θαλφθῇ
1062 1735 1077 1777 :
1123 1715 1516 1797 Καταθαλφθῇ,
1564 1716 1884 1794 καταπλαγῇ

311 1813 426 1872 ταῖς
462 1804 771 1886 λοιδορίαις,
799 1806 1063 1862 τουτέστιν
1097 1801 1186 1862 ἐὰν
1225 1802 1299 1881 μὴ
1329 1802 1437 1880 εἴξῃ
1468 1801 1602 1880 μηδὲ
1624 1824 1886 1882 παραχω-

311 1892 446 1975 ρήσῃ
481 1891 886 1974 λοιδορούμενος.
968 1888 1185 1957 Ἄλλως.
1221 1890 1398 1970 ἀπάτῃ
1430 1892 1677 1969 ἀπατηθῇ
1714 1911 1887 1947 κατα-

228 2001 282 2040 20
308 1979 508 2052 πτήξας
519 1984 613 2049 τὰς
626 1977 884 2061 λοιδορίας
907 1977 1167 2045 Κλέωνος.
1191 1978 1430 2037 αἰκάλλει
1454 1976 1530 2050 δὲ,
1551 1977 1771 2036 θωπεύει
1797 2000 1882 2055 με.

308 2069 567 2151 γράφεται
587 2068 753 2129 δὲκαὶ
780 2068 934 2128 καλεῖ
951 2089 1018 2144 με
1034 2112 1050 2141 ,
1076 2066 1190 2125 ἀντὶ
1213 2072 1305 2124 τοῦ
1329 2075 1486 2138 κινεῖ,
1511 2064 1883 2147 προτρέπεται.

308 2157 667 2238 ἐπιτροπεύειν
703 2155 759 2217 δὲ
780 2202 796 2230 ,
827 2155 1028 2237 ἄρχειν,
1067 2157 1295 2216 διοικεῖν.
1326 2155 1650 2237 φαυλότατον
1686 2153 1776 2232 δὲ,
1803 2157 1886 2213 εὐ-

305 2244 476 2319 τελὲς,
513 2242 710 2325 βραχὺ,
733 2246 953 2305 ἁπλοῦν.

386 2352 483 2393 213.
528 2332 854 2412 φαυλότατον
885 2351 900 2392 t
933 2330 1158 2412 Ῥᾴδιον.
1197 2323 1324 2390 ῑῗὶσι.
1350 2330 1542 2413 ῥᾴδιον,
1568 2329 1789 2398 εὐτελές.
1818 2341 1881 2388 V.

226 2451 279 2490 2⁶
388 2440 484 2480 21⁴.
529 2419 771 2502 (τάραττε
792 2441 807 2480 :
828 2417 1116 2501 Παρῳδίας
1134 2417 1346 2500 τρόπον.
1370 2418 1653 2500 παρῴδησε
1674 2416 1777 2498 γὰρ
1794 2416 1885 2477 τὸν

306 2508 500 2587 ἴαμὸον
534 2507 585 2576 ἐξ
611 2507 973 2588 Ἡρακλειδῶν
1003 2507 1091 2586 [⁴2]
1119 2507 1424 2588 Εὐριπίδου.
1447 2511 1808 2589 μεταφορικῶς
1828 2504 1883 2564 δὲ

304 2605 409 2663 τοῖς
427 2596 648 2673 ὀνόμασι
674 2600 871 2676 χρῆται
908 2595 996 2655 ἐπὶ
1015 2600 1108 2667 τῆς
1135 2595 1427 2670 πολιτείας,
1454 2596 1544 2654 καὶ
1567 2599 1633 2675 τῇ
1662 2600 1753 2653 τοῦ
1785 2597 1889 2653 ἀλ·

303 2683 644 2744 λαντοπώλου
676 2682 856 2763 τέχνῃ.
906 2682 1161 2764 τάραττε,
1201 2683 1358 2763 φησὶ,
1399 2682 1492 2742 καὶ
1532 2681 1778 2764 συμφύρα
1815 2682 1882 2741 τὰ

303 2772 632 2853 πράγματα.)

224 2890 278 2929 30
382 2859 599 2942 χόρδευε
625 2882 638 2921 :
664 2858 752 2920 Τὰ
772 2858 956 2941 ἔντερα
970 2864 1075 2920 τῶν
1085 2857 1417 2942 τετραπόδων
1432 2856 1625 2940 χορδὰς
1637 2860 1878 2922 καλοῦσι.

303 2947 395 3008 καὶ
435 2954 592 3009 τοῦτο
619 2938 708 3008 οὗν
751 2948 858 3007 ἀπὸ
897 2953 990 3021 τῆς
1021 2946 1211 3027 τέχνης
1245 2952 1338 3006 τοῦ
1378 2944 1783 3005 άλλαντοπώλου
1820 2946 1881 3006 τὸ

302 3036 468 3116 ὄνομα
489 3036 712 3117 εἴρηται.
739 3037 847 3113 (Hic
865 3043 1091 3094 desinunt
1108 3042 1289 3093 scholia
1305 3035 1542 3110 Ravenn.)
1564 3031 1744 3115 ὥσπερ
1758 3032 1879 3115 γὰρ,

302 3125 469 3206 φησὶ,
498 3124 724 3203 γεμίζεις
756 3122 850 3181 καὶ
886 3123 1105 3203 πληροῖς
1129 3120 1198 3180 τὰ
1225 3121 1407 3203 ἔντερα
1437 3120 1631 3189 παντὸς
1654 3127 1743 3181 τοῦ
1777 3145 1879 3203 φυ-

305 3212 565 3295 ράματος,
598 3210 790 3270 οὑτωσὶ
813 3207 1029 3290 χόρδευε
1054 3208 1149 3268 καὶ
1175 3208 1244 3267 τὰ
1265 3208 1532 3270 πολιτικά.
1661 3207 1877 3279 Ἄλλως.

223 3324 275 3364 35
301 3296 450 3381 παρὰ
481 3297 544 3357 τὸ
569 3295 854 3378 χορδεύειν.
882 3296 1050 3376 χορδὴ
1087 3294 1190 3377 γάρ
1222 3300 1333 3356 ἐστι
1354 3297 1415 3356 τὸ
1438 3297 1629 3356 λεπτὸν
1655 3296 1876 3379 ἔντερον,

181 3397 191 3405 '
302 3386 334 3445 ὃ
360 3385 575 3445 εἰώθασι
596 3384 804 3443 πλέκειν
829 3386 876 3442 οἱ
902 3384 1163 3465 μάγειροι.
1190 3384 1464 3444 διαὸάλλει
1493 3383 1547 3443 δὲ
1576 3384 1735 3445 πάλιν
1761 3386 1880 3454 τοὺς

304 3469 625 3553 στρατηγοὺς
644 3468 998 3551 ταράττοντας
1019 3471 1111 3530 καὶ
1125 3470 1490 3552 χορδεύοντας,
1513 3472 1784 3533 τουτέστιν
1807 3477 1879 3541 εἰς

300 3557 497 3626 πλοκὰς
525 3557 887 3635 ἕμὸάλλοντας
910 3556 1005 3628 τὴν
1028 3556 1199 3617 πόλιν.

380 3667 476 3706 21⁶.
507 3645 902 3727 ὑπογλυκαίνων
930 3666 945 3707 :
973 3644 1278 3723 Ἧδύσμασι
1304 3643 1574 3728 χρώμενος
1596 3646 1687 3706 καὶ
1717 3646 1878 3731 ἀρτύ-

223 3761 276 3800 ςο
304 3757 438 3814 μασι
460 3731 552 3793 καὶ
579 3732 896 3799 κολακείαις.

380 3842 481 3882 219.
528 3819 667 3900 ἔχεις
695 3819 905 3879 ἅπαντα
923 3819 965 3874 ‘5
991 3818 1262 3901 Σύμφωνά
1291 3843 1372 3880 σοι
1398 3819 1558 3901 ἔχεις,
1587 3822 1679 3882 καὶ
1703 3822 1876 3904 ἁρμό-

302 3916 402 3981 ζεις
434 3911 505 3977 εἷς
543 3908 774 3968 ἅπαντα.
810 3907 970 3967 πάλιν
1005 3906 1060 3966 δὲ
1098 3909 1321 3967 ἐνταῦθα
1345 3911 1519 3968 αὐτῶν
1541 3910 1868 3971 καθάπτεται

300 4003 405 4058 τῶν
448 3995 731 4071 Ἀθηναίων
779 3995 870 4053 καὶ
908 3999 1013 4054 τῶν
1050 3994 1489 4074 πολιτευομένων,
1531 4001 1601 4065 ὡς
1635 4000 1742 4068 τοῖς
1781 3998 1876 4077 μὲν

300 4084 549 4153 τοιούτοις
576 4082 964 4166 ἐγχειριζόντων
996 4080 1064 4140 τὰ
1092 4080 1351 4159 δημόσια,
1375 4088 1480 4144 τῶν
1508 4085 1564 4145 δὲ
1601 4089 1875 4149 πολιτευο-

222 4204 277 4244 ⁴5
311 4172 481 4252 μένων
507 4171 643 4231 οὕτω
661 4169 991 4253 πεφυκότων.

382 4283 482 4323 22⁰.
526 4259 872 4338 συμὸαίνουσι
900 4280 916 4319 :
944 4256 1393 4339 συμπράττουσιν.
1435 4271 1486 4320 V.
1523 4272 1648 4321 Vict-

382 4370 480 4409 221.
524 4351 621 4429 Τῷ
647 4345 915 4429 Κοαλέμῳ
941 4369 956 4408 t
979 4345 1128 4405 Ἀντὶ
1153 4351 1247 4404 τοῦ
1270 4347 1439 4428 ἀνοίᾳ.
1470 4350 1793 4410 ἀναπλάττει
1821 4351 1876 4412 δὲ

305 4435 469 4510 αὐτὴν
493 4439 564 4504 ὣς
595 4434 839 4514 δαίμονα.
863 4439 1018 4493 τοῦτο
1039 4432 1096 4492 δὲ
1118 4433 1432 4516 παρῴδησεν
1456 4439 1516 4496 ἐκ
1533 4443 1627 4510 τῆς
1663 4463 1875 4521 τραγῳ-

306 4525 438 4592 δίας.
467 4523 733 4583 ἀνέπλασε
753 4522 809 4583 δέ
831 4546 950 4583 τινα
973 4521 1196 4600 δαίμονα
1223 4523 1329 4583 ἀπὸ
1350 4528 1456 4583 τῶν
1485 4527 1877 4609 προειρημένων

227 4647 283 4689 50
309 4616 574 4691 κωμικῶς.
599 4610 863 4672 τουτέστιν
893 4614 1208 4692 ἄπατητικῷ
1230 4611 1322 4670 καὶ
1350 4613 1558 4695 ἀνοήτῳ
1586 4615 1811 4694 δαίμονι.
1843 4615 1877 4689 ἢ

305 4704 382 4781 τῷ
413 4697 670 4759 κωλύοντι
709 4698 795 4759 τὸν
835 4698 1026 4777 ἄνεμον
1070 4697 1162 4758 καὶ
1188 4697 1410 4758 παύοντι
1453 4701 1682 4780 δαίμονι.
1725 4703 1761 4773 ἢ
1802 4707 1878 4784 τῷ

307 4783 711 4865 ἀλλαντοπώλῃ.

388 4894 487 4935 222.
530 4873 723 4953 χῶπως
761 4894 773 4934 z
814 4872 983 4931 λείπει
1025 4873 1085 4934 τὸ
1120 4874 1404 4944 σκόπησον.
1443 4878 1633 4954 ἀμυνεῖ
1676 4898 1690 4937 :
1721 4901 1881 4936 κατα·

308 4960 501 5040 γωνιεῖ.
546 4969 597 5020 V.

2053 505 2151 544 225.
2198 484 2316 543 ἀλλ’
2348 480 2479 542 εἷσὶν
2505 483 2672 562 ἳππῇς
2695 481 2876 563 ἄνδρες
2905 481 3090 561 ἀγαθοὶ
3112 483 3274 563 χίλιοι
3303 504 3318 544 :
3346 487 3417 545 oi
3447 488 3543 543 ἱπ-

1973 581 2087 639 πεῖς
2109 570 2351 632 ἐπίθοντο
2376 573 2544 651 αὐτῷ,
2587 569 2701 629 ἐπεὶ
2725 570 2812 629 ὅτε
2833 561 2897 643 ἦν
2922 562 2991 639 εἷς
3027 574 3215 645 αὐτῶν,
3244 576 3420 640 κακῶς
3442 574 3546 631 αὔ-

1973 659 2094 728 τοὺς
2117 661 2372 732 διέθηκεν.
2397 659 2573 725 ἱππεῖς
2608 651 2698 717 οὖν
2735 657 2916 737 τάγμα
2946 658 3086 718 ἐστὶν
3121 662 3175 719 ἐν
3210 664 3276 740 τῇ
3305 660 3543 741 Ἀττικῇ,
3566 676 3594 714 5

1974 749 2063 829 ἀφ’
2090 738 2162 806 ὧν
2194 752 2223 807 6
2257 747 2411 829 χορὸς
2444 746 2714 826 σύγκειται
2748 750 2826 828 τῷ
2861 745 3112 828 δράματι.
3160 746 3274 809 ὅθεν
3314 747 3408 810 καὶ
3445 748 3543 823 τὴν

1973 833 2266 919 ἐπιγραφὴν
2287 834 2589 908 πεποίηται.

2053 943 2150 984 22⁶.
2197 928 2468 1003 μισοῦντες
2496 921 2695 983 αὗτὸντ
2728 922 3054 1000 Θεόπομπος
3094 924 3148 982 ἐν
3191 923 3396 1007 δεκάτῳ
3434 928 3542 988 Φι-

1971 1014 2238 1072 λιππικῶν
2272 1012 2429 1093 φησὶν
2458 1011 2540 1070 ὅτι
2569 1014 2618 1070 οἱ
2649 1013 2828 1079 ἱππεῖς
2861 1011 3072 1089 ἐμίσουν
3110 1012 3284 1075 αὐτόν.
3328 1038 3544 1096 προπη-

1972 1094 2234 1167 λακισθεὶς
2265 1095 2366 1181 γὰρ
2402 1101 2490 1159 ὑπ’
2522 1101 2692 1158 αὐτῶν
2732 1097 2825 1158 καὶ
2859 1098 3193 1180 παροξυνθεὶς
3235 1101 3453 1177 ἐπετέθη
3475 1107 3542 1183 τῇ
3573 1126 3626 1167 ιο

1973 1189 2212 1271 πολιτεία
2226 1233 2243 1262 ,
2264 1188 2355 1248 καὶ
2379 1185 2664 1247 διετέλεσεν
2685 1189 2756 1255 εἰς
2778 1185 2961 1255 αὐτοὺς
2979 1187 3122 1247 κακὰ
3140 1189 3540 1270 μηχανώμενος.

1972 1274 2305 1358 κατηγόρησε
2323 1275 2427 1359 γὰρ
2448 1278 2620 1335 αὐτῶν
2638 1279 2707 1343 ὥς
2723 1275 3258 1358 λειποστρατούνπον.
3288 1278 3375 1338 διὰ
3388 1285 3545 1340 τοῦτο

1972 1355 2061 1423 οῦν
2085 1364 2319 1444 ἐμνήσθη
2342 1367 2514 1424 αὐτῶν
2535 1363 2921 1446 Ἀριστοφάνης.

2054 1474 2152 1515 228.
2196 1452 2336 1522 ὅστις
2366 1453 2477 1512 ἐστὶ
2516 1451 2674 1522 δεξιός
2700 1474 2714 1514 :
2744 1452 2983 1533 Ἄγαθὸς,
3020 1452 3193 1523 εὔνους
3217 1460 3367 1536 ἡμῖν,
3405 1459 3539 1516 ἅπε-

1972 1541 2227 1622 χθόμενος
2249 1541 2376 1623 πρὸς
2398 1539 2493 1613 τὴν
2523 1546 2614 1600 τοῦ
2640 1540 2881 1608 Κλέωνος
2907 1542 3181 1623 πονηρίαν.
3571 1564 3623 1602 15

2051 1651 2148 1691 229.
2191 1628 2510 1711 ξυλλήψεται
2541 1649 2556 1689 :
2586 1628 2966 1709 Συμμαχήσει.
3006 1641 3134 1690 Vicc.

2051 1738 2151 1779 2³0.
2197 1715 2557 1794 ἐξεικασμένος
2590 1737 2606 1778 :
2644 1716 3029 1794 Πεπλασμένος
3067 1718 3197 1800 πρὸς
3237 1718 3541 1796 ὁμοιότητα.

1973 1805 2084 1873 ἔθος
2109 1804 2212 1886 γὰρ
2248 1797 2313 1878 ἦν
2341 1808 2448 1872 τοῖς
2475 1808 2729 1883 κωμικοῖς
2757 1803 2913 1883 ὅμοια
2950 1802 3018 1862 τὰ
3041 1807 3348 1886 προσωπεῖα
3373 1814 3542 1868 ποιεῖν

1970 1896 2078 1963 τοῖς
2111 1891 2573 1975 κωμῳδουμένοις,
2600 1892 2687 1951 ἵνα
2720 1890 2928 1973 φανεροὶ
2957 1881 3085 1950 ὦσιν
3117 1895 3208 1951 ὑπ’
3234 1896 3421 1968 αὐτῶν,
3450 1895 3543 1954 καὶ

1972 1980 2290 2063 περιτιθέναι
2316 1982 2422 2048 τοῖς
2448 1985 2767 2061 θποκριταῖς.
2848 1977 3066 2047 Ἄλλως.
3099 1982 3193 2040 οὗκ
3216 1971 3355 2061 εἶχεν
3380 1984 3541 2044 αὐτοῦ
3565 2001 3621 2040 20

1971 2072 2298 2151 προσωπεῖον
2328 2067 2415 2128 διὰ
2441 2067 2502 2127 τὸ
2529 2067 2816 2127 δεδοικέναι
2838 2066 2956 2134 τοὺς
2986 2068 3316 2137 σκευοποιοὺς
3343 2069 3435 2128 καὶ
3465 2071 3540 2149 μὴ

1972 2156 2137 2216 θέλειν
2178 2157 2312 2235 μήτε
2348 2154 2595 2215 πλάττειν
2633 2154 2767 2233 μήτε
2795 2154 3141 2235 σχηματίζειν
3167 2155 3263 2228 τὴν
3303 2156 3423 2238 ὄψιν
3449 2165 3542 2218 τοῦ

1975 2245 2233 2313 Κλέωνος.
2279 2244 2420 2324 λέγει
2469 2234 2556 2303 οῦν
2610 2243 2689 2302 ὅτι
2742 2242 2961 2321 μηδενὸς
3007 2243 3326 2312 ὑποστάντος
3386 2247 3541 2305 αὐτὸν

1972 2332 2367 2413 ὑποκρίνεσθαι,
2398 2329 2552 2398 αὐτὸς
2582 2335 2612 2391 6
2639 2329 3011 2412 Ἀριστοφάνης
3045 2329 3313 2408 μιλτώσας
3353 2334 3541 2394 ἑαυτὸν

1972 2421 2310 2502 ὑπεκρίνατο,
2360 2418 2396 2492 ἢ
2437 2424 2504 2500 τῇ
2545 2419 2730 2499 τρυγίᾳ
2770 2418 2958 2501 χρίσας
2998 2417 3203 2481 ἑαυτόν.
3234 2456 3314 2466 —
3340 2420 3544 2491 ἐξεικα-
3565 2446 3619 2485 25

1972 2508 2157 2587 σμένος
2192 2529 2207 2571 2
2239 2507 2564 2586 Ὁμοιωθείς.
2604 2518 2729 2566 Vict.

2048 2618 2144 2659 235.
2189 2594 2266 2675 μὰ
2300 2596 2419 2663 τοὺς
2452 2595 2654 2654 δώδεκα
2687 2593 2828 2662 θεοὺς
2863 2615 2879 2654 z
2912 2598 3085 2656 Τοῦτο
3111 2600 3140 2654 6
3168 2594 3355 2656 Κλέων
3398 2595 3541 2676 λέγει

1969 2684 2091 2745 ἰδὼν
2143 2687 2481 2763 ὁμιλοῦντας,
2528 2684 2619 2742 καὶ
2662 2683 2736 2761 μὴ
2785 2682 2935 2750 εἰδὼς
2975 2683 3096 2764 περὶ
3136 2689 3225 2743 τοῦ
3269 2687 3538 2761 ὁμιλοῦσι,

1969 2772 2273 2851 συνωμότας
2302 2772 2490 2839 αὐτοὺς
2510 2772 2682 2832 καλεῖ.
2717 2775 2917 2851 πικρῶς
2945 2762 3034 2830 οὖν
3064 2769 3204 2830 κατὰ
3228 2777 3318 2831 τοῦ
3352 2772 3535 2833 Κλέω-

1966 2886 2051 2930 νος
2079 2860 2408 2944 ἐκφέρονται,
2437 2865 2507 2927 ὥς
2529 2866 2748 2921 τοιαῦτα
2776 2863 2934 2920 αὐτοῦ
2961 2866 3402 2940 συκοφαντοῦντος
3424 2860 3533 2921 ἀπὸ
3559 2880 3617 2922 80

1968 2953 2168 3031 μικρῶν
2195 2949 2288 3008 καὶ
2317 2950 2540 3007 εὐτελῶν
2572 2947 2904 3028 προφάσεων.
2931 2944 3268 3029 [χαιρήσετον
3293 2946 3382 3028 δὲ,
3406 2947 3537 3028 χαί-

1968 3061 2139 3119 ροντες
2168 3034 2717 3116 ἀπαλλαχθήσεσθον.]

2046 3146 2143 3186 2³6.
2187 3123 2513 3202 ξυνώμνυτον
2545 3143 2560 3184 :
2606 3121 2957 3201 Ξυνωμοσίαν
2995 3122 3308 3200 ἐποιήσατε,
3355 3122 3537 3182 τουτέ-

1964 3235 2078 3271 στιν
2106 3211 2287 3287 ὅρκους
2322 3209 2414 3270 καὶ
2440 3210 2644 3276 πίστεις
2678 3208 2924 3281 ἀλλήλοις
2958 3207 3249 3282 δεδώκατε,
3283 3207 3371 3269 ἵνα
3400 3212 3533 3288 δμο-

1965 3300 2238 3382 φωνήσητε
2269 3297 2406 3358 κατὰ
2435 3302 2526 3356 τοῦ
2551 3297 2739 3374 δήμου.
3561 3332 3617 3373 ³5

2042 3408 2136 3447 237.
2180 3386 2241 3446 τὸ
2270 3383 2589 3447 Χαλκιδικὸν
2618 3381 2866 3464 ποτήριον
2895 3403 2910 3444 :
2934 3378 3220 3461 Ἔγνωμὲν
3232 3382 3311 3442 ὅτι
3338 3388 3368 3443 6
3386 3384 3535 3467 θερά-

1962 3500 2075 3535 πων
2106 3474 2249 3534 ἔπινε
2275 3475 2366 3533 καὶ
2399 3464 2539 3553 εἶχεν
2568 3470 2658 3531 ἐπὶ
2684 3476 2866 3553 χεῖρας
2889 3471 2951 3530 τὸ
2983 3471 3252 3553 ποτήριον.
3285 3470 3407 3532 ἰδὼν
3444 3464 3534 3533 οὗν

1962 3568 1991 3624 6
2018 3562 2223 3635 Κλέων,
2263 3561 2521 3644 προφάσει
2548 3559 2640 3619 καὶ
2666 3558 2834 3642 τούτῳ
2871 3558 3129 3641 κέχρηται
3152 3564 3246 3632 τῆς
3273 3583 3537 3643 συκοφαν-

1961 3651 2103 3721 τίας,
2126 3650 2216 3709 καὶ
2244 3649 2305 3709 τὸ
2330 3649 2580 3730 ποτήριον
2604 3647 2801 3707 εὐθύνει
2824 3651 2895 3714 ὥς
2918 3646 3259 3709 Χαλκιδικόν.
3286 3649 3535 3729 κωμῳδεῖ

1963 3738 2017 3799 δὲ
2046 3738 2203 3798 αὐτὸν
2225 3741 2296 3805 ὡς
2322 3737 2415 3797 καὶ
2439 3739 2527 3796 ἐπὶ
2550 3740 2658 3804 τοῖς
2690 3741 2908 3815 τυχοῦσι
2937 3737 3143 3814 μεγάλα
3173 3735 3529 3817 μεμφόμενον.
3557 3766 3618 3808 ⁴0

1960 3832 2010 3888 οἱ
2032 3827 2087 3887 δὲ
2115 3826 2401 3892 Χαλκιδεῖς
2422 3825 2524 3885 εἰσὶ
2547 3822 2642 3902 μὲν
2671 3823 2873 3895 lul-172⁸<
2889 3820 3119 3890 Εὗὸοίας
3146 3822 3355 3882 ἄποικοι
3378 3823 3533 3896 Ἀθη-

1961 3915 2141 3990 ναίων,
2169 3914 2269 3973 εἶσὶ
2305 3913 2362 3973 δὲ
2396 3912 2489 3973 καὶ
2519 3912 2605 3972 ἐπὶ
2645 3910 2865 3993 Θρᾴκης
2892 3914 2940 3970 οἱ
2973 3912 3288 3988 Χαλκιδεῖς,
3322 3909 3534 3971 ἄποικοι

1962 4004 2106 4071 ὄντες
2141 4002 2248 4061 ἀπὸ
2286 4006 2380 4075 τῆς
2411 3998 2655 4068 Εὐὸοίας.
2686 3996 2859 4059 πολλὰ
2884 3996 2946 4057 δὲ
2988 3990 3052 4069 ἦν
3080 3998 3199 4057 τότε
3234 3998 3407 4079 χωρία
3438 4003 3537 4071 τῆς

1961 4090 2184 4173 Θρᾴκης
2208 4086 2540 4148 ὓπακούοντα
2561 4095 2670 4155 τοῖς
2694 4085 2995 4158 Ἀθηναίοις.
3021 4084 3143 4167 περὶ
3165 4076 3236 4144 ὧν
3255 4092 3344 4144 νῦν
3371 4084 3531 4166 λέγει.

1962 4178 2054 4237 καὶ
2101 4176 2203 4257 γὰρ
2245 4175 2334 4234 ἐπὶ
2386 4174 2608 4258 Θρᾴκης
2652 4174 2934 4241 Χαλκιδεῖς
2972 4164 3108 4245 ἦσαν
3155 4172 3377 4245 ὑπήκοοι
3423 4178 3530 4233 τῶν
3557 4203 3614 4244 ⁴5

1964 4264 2270 4339 Ἀθηναίων.
2302 4264 2460 4347 φησὶν
2487 4255 2575 4323 οὖν
2603 4260 2684 4322 ὅτι
2712 4261 2773 4321 τὸ
2800 4260 3049 4341 ποτήριον
3087 4266 3239 4321 τοῦτο
3265 4262 3532 4322 Χαλκιδι-

1962 4354 2053 4413 κόν
2093 4356 2225 4413 ἐστι.
2276 4353 2369 4412 καὶ
2403 4351 2561 4411 πόθεν
2599 4355 2745 4428 ὑμεῖς
2781 4347 2910 4407 αὐτὸ
2952 4346 3131 4427 ἔχετε,
3170 4351 3215 4407 εἰ
3250 4347 3325 4428 μὴ
3365 4349 3531 4432 δῶρον

1962 4445 2085 4518 ὑμῖν
2128 4439 2308 4513 ἐδόθη,
2349 4439 2437 4499 ἵνα
2475 4441 2802 4510 ἀποστῶσιν;
2842 4434 3005 4495 ἔλαὸε
3036 4437 3092 4495 δὲ
3133 4435 3227 4508 τὴν
3269 4436 3532 4518 πρόφασιν

1962 4528 2201 4609 εὔκαιρον
2243 4533 2334 4587 τοῦ
2373 4527 2624 4606 ὀνόματος
2664 4529 2769 4585 τῶν
2809 4523 3140 4596 Χαλκιδέων,
3189 4523 3275 4583 διὰ
3309 4523 3370 4583 τὸ
3408 4527 3528 4584 κατ’

1962 4619 2156 4676 ἐκεῖνον
2196 4615 2286 4676 τὸν
2313 4638 2494 4697 καιρον
2532 4616 2825 4684 ἀποστῆναι
2868 4611 3054 4680 αὐτοὺς
3090 4615 3194 4670 τῶν
3223 4611 3528 4683 Ἀθηναίων.
3556 4638 3613 4678 50
3685 4644 3690 4649 ·
3797 4656 3798 4681 γ

1962 4702 2270 4775 ἀπέστησαν
2299 4701 2353 4762 δὲ
2379 4701 2485 4761 ἀπὸ
2509 4699 2793 4772 Ἀθηναίων
2821 4700 3104 4765 Χαλκιδεῖς
3130 4698 3219 4759 ἐπὶ
3243 4697 3530 4759 Εὐκλείδου

1964 4790 2480 4943 ἄρξζιῗοέαλκιδέας
2503 4875 2788 4956 ἀφίστατον
2811 4894 2825 4935 t
2855 4872 3020 4941 Πόλις
3038 4872 3292 4944 Εὖὸοίας,
3318 4873 3528 4933 ἄποικοι

1850 5008 1857 5013 ‚
1963 4963 2263 5035 Ἀθηναίων.
2293 4966 2524 5046 ἐχρῶντο
2552 4964 2608 5023 δὲ
2635 4967 2743 5031 τοῖς
2770 4961 3094 5044 ὀστρακίνοις
3121 4964 3194 5031 εἷς
3219 4958 3289 5022 τὰ
3316 4959 3530 5040 συμπόῖ
