3859 5725
437 262 553 313 560

436 381 473 453 ἢ
507 380 626 440 ἀντὶ
656 384 750 441 τοῦ
784 376 1267 457 καθωπλισμένως,
1299 373 1334 447 ἢ
1374 375 1487 434 ἀντὶ
1525 377 1618 432 τοῦ
1649 374 1850 454 γοργῶς
1886 369 1979 430 καὶ

439 467 576 547 μετὰ
595 465 1031 549 συγκροτήματός
1052 487 1190 531 τινος
1211 469 1396 545 χοροῦ.
1426 463 1487 523 τὸ
1520 460 1576 521 δὲ
1607 463 1666 521 οὗ
1699 460 1979 521 καταὸλα-

436 556 700 635 κευμένως
720 551 1310 634 (καταὸεὸλακευμένως
1327 553 1430 631 G.)
1444 550 1558 610 ἀντὶ
1573 555 1666 609 τοῦ
1682 549 1980 615 σπουδαίως

436 646 526 705 καὶ
560 648 617 704 οὗ
650 644 899 726 βραδέως.
935 641 1065 722 βλὰξ
1113 642 1235 724 γάρ.
1262 676 1333 688 -
1365 662 1436 718 19
1472 639 1561 699 καὶ
1604 653 1736 698 ante
1776 641 1978 719 γοργῶς

438 755 555 793 om.
586 736 659 795 Θ.
682 754 845 792 -20
890 731 1179 791 κατεὸλακ.
1227 736 1296 791 R.
1342 727 1703 789 καταὸεὸλακ.
1741 728 1873 787 Ald.
1897 760 1979 771 —

407 889 410 892 Α
432 841 511 882 02
537 820 628 881 καὶ
658 817 926 899 μαλθακία
950 822 1074 893 ῆΘ.
1110 819 1392 901 ὑπεροψίας
1421 816 1643 896 ἀμέλεια
1659 821 1730 875 R.
1756 813 1979 894 βλακεία

433 914 471 982 ἡ
503 911 673 993 τρυφή
700 915 838 988 Reg.

518 1003 653 1073 327,
684 1002 755 1058 33
783 1019 870 1076 sq.
899 996 1023 1056 ὅταν
1053 998 1142 1057 bis
1164 1002 1233 1055 G.
1255 994 1334 1055 ὅτ’
1360 996 1421 1055 ἄν
1441 1001 1513 1055 V.
1544 995 1719 1053 Posui
1751 1013 1978 1052 comma

436 1104 570 1167 post
594 1089 773 1149 πάλιν.
798 1088 911 1147 Sed
931 1087 1238 1145 scholiasta
1267 1086 1507 1146 sortasse
1525 1085 1834 1161 scripserat
1852 1081 1977 1141 ὅταν

434 1176 490 1236 δὲ
519 1177 670 1258 θέλῃ,
700 1177 862 1237 πάλιν
891 1176 1180 1258 ἄνθρωπον.
1210 1180 1389 1234 Dum.

519 1277 652 1346 328,
685 1277 875 1350 36-39
909 1276 991 1333 sic
1030 1276 1089 1333 in
1128 1278 1216 1346 V.,
1251 1268 1798 1351 δόξεις-πρακτικόν.
1831 1266 1867 1340 ἢ
1907 1270 1979 1334 ὣς

434 1360 983 1441 αὐτὸν-σύμμαχον.
1009 1356 1227 1425 Ἄλλως.
1259 1359 1374 1417 ἀντὶ
1401 1362 1492 1417 τοῦ
1519 1357 1799 1438 θάρσησον.
1818 1355 1974 1434 νομί-

436 1455 536 1519 ζεις
560 1450 664 1533 γὰρ
692 1441 828 1509 εἶναι
859 1448 954 1528 μὲν
978 1451 1105 1527 (scr.
1124 1471 1191 1527 με
1215 1446 1367 1530 Ἄρη)
1397 1448 1471 1513 εἷς
1496 1443 1558 1503 τὸ
1586 1442 1846 1523 βοηθῆσαί
1870 1466 1974 1506 σοι.

434 1540 512 1617 τῷ
540 1535 710 1617 Ἄρει·
738 1536 912 1619 ἄκρως
935 1536 1023 1595 καὶ
1047 1537 1403 1608 ἅπειλητικῶς
1426 1530 1606 1613 βλέψω
1623 1530 1749 1614 πρὸς
1762 1531 1823 1591 τὸ
1849 1535 1975 1611 βια-

434 1623 667 1702 ζόμενον.
692 1625 799 1683 Illa
832 1626 910 1704 τῷ
952 1619 1488 1704 Ἄρει-βιαζόμενον
1536 1641 1653 1679 om.
1693 1626 1763 1679 G.
1792 1661 1872 1673 -
1902 1623 1975 1679 36

435 1710 593 1772 αὐτὸν
620 1717 686 1770 V.
729 1711 912 1771 ἑαυτὸν
943 1714 1013 1773 Θ.
1049 1712 1165 1771 Ald.
1198 1709 1261 1771 ἂν
1296 1718 1462 1771 R.—
1492 1712 1570 1770 38
1620 1711 1716 1769 vix
1767 1709 1976 1768 dubito

434 1802 576 1879 quin
599 1821 633 1858 a
653 1801 956 1860 scholiaste
975 1802 1257 1879 scriptum
1286 1802 1465 1894 fuerit
1502 1799 1688 1881 ἅρείως
1714 1798 1804 1858 καὶ
1827 1800 1981 1858 ἀπει-

434 1887 690 1960 λητικῶς,
719 1889 931 1943 Martis
959 1893 1015 1944 in
1047 1909 1277 1962 morem,
1295 1902 1350 1946 et
1364 1893 1772 1945 comminatorio
1796 1891 1973 1946 vultu.

435 1975 679 2034 Suidas:
717 1971 939 2032 Βλέπειν
985 1972 1089 2053 γὰρ
1137 1973 1187 2033 ἅ.
1235 1975 1283 2032 δ.
1323 1974 1381 2054 μ’
1409 1975 1556 2056 Ἄρη.
1597 1975 1821 2034 ἐπὶτῶν
1862 1980 1977 2033 ὑπι-

436 2059 777 2141 σχνουμένων
806 2060 966 2120 παντὶ
1000 2060 1169 2120 σθένει
1193 2060 1443 2140 πράττειν
1464 2063 1671 2142 (Mich.
1703 2064 1974 2141 Apostol.

435 2148 811 2230 συμπράττειν,
836 2150 979 2208 nihil
1001 2151 1252 2227 amplius
1280 2151 1516 2230 addens)
1537 2151 1627 2210 καὶ
1653 2151 1979 2235 συνάρασθαι

434 2239 563 2321 πρὸς
594 2237 855 2316 βοήθειαν.
888 2237 1051 2306 δόξεις
1094 2261 1192 2316 με,
1224 2238 1405 2320 φησὶν,
1435 2238 1595 2320 Ἄρεα
1624 2245 1751 2321 ὀρᾷν
1776 2264 1976 2323 κατορ-

435 2324 656 2384 θωτικὸν
682 2324 774 2383 καὶ
803 2324 1094 2404 πρακτικόν
1114 2349 1127 2363 ·
1157 2326 1263 2385 ubi
1299 2329 1554 2405 primum
1586 2342 1719 2406 post
1745 2351 1978 2409 πρακτι-

435 2413 526 2473 κὸν
556 2414 700 2472 illud
750 2411 923 2494 ἄκρως
965 2433 1084 2472 non
1117 2416 1678 2494 comparetzdeinde
1722 2416 1838 2476 ἀντὶ
1883 2424 1977 2478 τοῦ

438 2521 755 2580 perperam,
816 2514 880 2560 ut
942 2514 1106 2577 puto,
1150 2502 1309 2562 deest
1340 2526 1353 2560 ε
1384 2517 1508 2562 tum
1565 2504 1832 2564 laciniam
1885 2506 1974 2565 ed.

434 2589 687 2649 Juntinae
706 2588 787 2665 [et
814 2589 1025 2667 RegiiJ,
1056 2590 1213 2666 quod
1242 2611 1376 2650 raro
1402 2594 1485 2665 fit,
1521 2608 1854 2672 excerptam
1884 2596 1978 2652 vi·-

435 2677 557 2734 des.
586 2676 909 2734 Notandum
936 2691 1128 2736 autem
1149 2691 1257 2750 est,
1276 2680 1565 2758 triplicem
1585 2681 1781 2741 afferri
1797 2683 1979 2741 inter-

436 2765 843 2843 pretationem,
868 2785 1038 2824 unam
1072 2768 1429 2846 alteramque
1457 2789 1715 2847 pravam,
1748 2773 1976 2830 tertiam

436 2854 573 2912 satis
597 2854 980 2913 commodam.
1008 2858 1229 2914 Hans-r.

520 2954 652 3029 329.
683 2954 812 3008 Non
841 2952 1133 3011 constabat
1140 2957 1396 3026 judicum
1428 2975 1659 3025 merceS,
1685 2956 1776 3014 vel
1813 2963 1978 3015 sala-

436 3044 578 3097 rium
589 3063 610 3110 ,·
633 3043 735 3098 sed
745 3045 922 3118 idpro
942 3051 1198 3119 temlmn‘s
1225 3050 1437 3101 ratione
1461 3044 1756 3103 mutabant
1775 3069 1793 3102 :
1814 3049 1976 3107 scili-

436 3143 527 3188 cet
563 3142 665 3188 aut
715 3129 843 3207 ipse
893 3132 1146 3208 populus
1194 3132 1579 3205 Atheniensis,
1626 3147 1726 3192 aut
1771 3137 1977 3213 populi

436 3216 828 3275 moderatores
855 3230 913 3275 et
949 3218 1273 3297 demagogi.
1302 3218 1581 3280 Ἵστασθαι
1607 3222 1667 3279 in
1691 3223 1891 3281 eadem
1914 3245 1977 3282 re

436 3305 642 3382 saepius
674 3318 936 3382 usurpat,
972 3307 1045 3363 ad
1089 3306 1244 3367 Nnb.
1270 3327 1327 3365 v.
1358 3310 1504 3378 8603
1529 3309 1602 3367 ad
1640 3316 1747 3369 Av.
1789 3312 1976 3377 1540:

436 3394 535 3472 οὐχ
553 3391 784 3463 εἱστήκει
808 3392 864 3450 δὲ
895 3395 1068 3461 αὐτοῖς
1093 3394 1155 3452 τὸ
1169 3393 1458 3476 τριώὸολον
1473 3420 1486 3432 ·
1508 3400 1758 3474 Hesych.
1790 3400 1848 3456 in
1872 3404 1974 3460 Δι-

437 3479 688 3539 καστικόν
706 3503 719 3538 ι
740 3482 799 3539 οὐ
826 3480 1007 3557 μέντοι
1035 3480 1276 3553 ἕστηκεν,
1308 3483 1427 3541 ἀλλ’
1455 3484 1646 3543 ἄλλοτε
1669 3485 1844 3554 ἄλλως
1869 3487 1977 3545 ἐδί-

437 3572 556 3630 δοτο
569 3594 581 3606 ·
601 3570 755 3646 quod
769 3571 842 3629 ab
862 3571 1171 3629 Aristotele
1190 3584 1442 3630 sumtum
1464 3574 1524 3630 in
1540 3574 1977 3634 Atheniensium

437 3664 583 3737 Rep.
598 3659 934 3717 scholiastes
954 3659 1205 3716 ostendit
1220 3658 1293 3716 ad
1312 3665 1484 3738 Vesp.
1512 3682 1565 3717 v.
1591 3663 1727 3719 682.
1752 3665 1976 3721 Hssus‘r.

436 3747 764 3806 Mercedem
798 3746 1070 3824 judicum
1123 3749 1435 3825 permiscet
1488 3749 1798 3808 scholiasta
1846 3771 1976 3809 cum

437 3836 702 3896 mercede
732 3836 1028 3896 concionis
1058 3838 1285 3914 populi,
1316 3839 1389 3896 de
1421 3857 1537 3915 qua
1558 3839 1820 3915 loquitur
1848 3841 1981 3899 Ari-

436 3926 763 4002 stophanes.
784 3931 963 3983 Dum.
990 3956 1065 3968 —
1098 3933 1169 3996 47
1203 3930 1231 3984 δ
1250 3946 1363 3984 om.
1380 3926 1452 3986 Θ.

519 4025 633 4081 330
683 4028 755 4081 R.
791 4024 888 4081 illa
925 4020 1092 4089 οὐδεὶς
1141 4020 1554 4091 ἐδίκαζεν-οὒκ
1596 4023 1874 4105 εἰσήρχετο
1918 4026 1979 4083 in

438 4112 731 4189 principio
756 4111 959 4170 scholii
986 4111 1170 4187 ponit.
1200 4111 1297 4169 Sic
1325 4112 1493 4171 etiam
1517 4116 1661 4189 Reg.
1688 4113 1899 4190 incipit
1925 4115 1980 4171 ἐν

437 4204 503 4279 τῇ
530 4202 677 4259 ἰκκλ.
704 4197 871 4264 οὐδεὶς
899 4211 1007 4257 etc.
1039 4230 1121 4242 —
1143 4200 1209 4256 51
1247 4199 1452 4258 Suidas
1479 4199 1658 4259 habet
1684 4200 1879 4266 ὠστίας
1917 4202 1980 4259 in

440 4307 496 4345 v.
528 4288 724 4365 [quem
762 4287 951 4343 locum
980 4305 1097 4343 om.
1134 4285 1264 4343 cod.
1300 4287 1475 4345 Paris.
1504 4287 1621 4365 A.],
1656 4287 1755 4345 ubi
1785 4289 1984 4366 priora

439 4375 612 4453 hujus
637 4375 1027 4434 adnotationis
1047 4375 1353 4452 descripsit
1380 4375 1556 4453 paulo
1586 4377 1841 4453 plenius;
1870 4397 1982 4454 po-

438 4465 684 4524 steriora
723 4462 966 4521 totidem
998 4462 1189 4521 verbis
1217 4464 1279 4521 in
1307 4460 1632 4544 Τριώὅολον,
1669 4464 1900 4521 omissis
1925 4465 1981 4521 ἐν

438 4608 505 4685 τῇ
532 4602 790 4686 ἐκκλησίᾳ
819 4600 896 4666 δέ.
928 4608 1152 4663 [Inusr.
1186 4602 1381 4669 ὧστίας
1413 4609 1482 4663 R.
1519 4608 1663 4681 Reg.
1704 4543 1802 4673 {Eg
1843 4602 1984 4674 ὧθὴν

1573 238 2029 302 ADNOTATIO
2070 240 2154 301 IN
2195 239 2462 303 scflot..

2153 372 2290 444 331,
2320 391 2383 428 11
2436 371 2827 452 παραχωρῆσαι
2855 382 3101 446 uterque
3131 369 3350 428 codex.
3383 370 3650 427 Corn-exi

2067 455 2140 517 e'x
2166 463 2237 516 G.
2282 470 2363 535 et,
2408 459 2511 534 qui
2547 455 2941 537 παραχωρῆσαί
2973 479 3044 534 με
3081 456 3281 527 habet,
3315 461 3404 514 V.
3449 460 3648 515 Dm.

2068 547 2286 624 Regius
2339 544 2812 628 παραχωρήσαιμι.
2864 541 3254 626 καταλείψαιμι
3292 563 3431 603 om.
3467 548 3552 602 V.
3577 548 3649 602 G.

2150 645 2286 718 332,
2314 654 2384 713 14
2413 642 2554 702 κατὰ
2582 641 2765 702 τούτου
2791 646 2969 700 Dorv.

2151 741 2286 815 338,
2312 744 2505 809 24-26
2535 743 2617 800 sic
2645 743 2707 800 in
2729 747 2825 815 V.,
2857 738 3133 799 διαὸάλλει
3168 739 3293 805 τοὺς
3311 737 3650 810 Ἀθηναίους

2065 831 2136 894 ὡς
2172 825 2360 910 ἀργοὺς
2392 829 2482 887 καὶ
2522 831 2576 888 ἓν
2607 838 2716 895 τοῖς
2744 828 2989 909 κουρείοις
3020 826 3362 906 καθημένους
3405 828 3512 887 καὶ
3549 830 3650 886 οιάι

2066 918 2121 975 ἐν
2144 925 2253 984 τοῖς
2281 916 2527 999 ἰατρείοις
2567 916 2913 995 ποιουμένους
2951 918 3044 985 τὰς
3074 918 3394 997 συντυχίας.
3439 915 3646 976 τούτου

2066 1002 2238 1065 ἕνεκεν
2264 996 2409 1064 εἶπεν
2438 1008 2491 1064 ἐν
2511 1014 2620 1072 τοῖς
2656 1005 2926 1085 κουρείοις.
2947 1041 3003 1051 —-
3036 1007 3108 1064 25
3148 1006 3239 1064 καὶ
3290 1028 3412 1085 pro
3443 1009 3559 1078 ὥς,
3585 1022 3648 1065 et

2066 1094 2313 1176 κουρείων
2343 1092 2433 1152 καὶ
2463 1092 2652 1175 ἀργούς
2688 1099 2760 1153 R.
2805 1097 2876 1163 ὡς
2921 1094 3112 1178 ἀργοὺς
3150 1093 3310 1163 ὄντας
3344 1095 3453 1153 καὶ
3479 1096 3644 1171 Briga.

2066 1180 2156 1239 ἐπὶ
2183 1206 2232 1240 τ.
2255 1204 2309 1241 κ.
2333 1187 2473 1259 Reg.
2497 1182 2587 1240 καὶ
2618 1184 2671 1240 ἐν
2703 1186 2923 1241 Hemst.
2958 1182 3048 1241 καὶ
3079 1186 3173 1242 οὐκ
3200 1183 3254 1240 ἐν
3286 1188 3362 1242 V.
3397 1185 3481 1244 Θ.
3501 1183 3642 1241 ΑΗ.

2066 1355 2146 1368 -
2176 1324 2252 1380 26
2285 1278 2613 1400 ποιουμένοοῖξ
2638 1324 2709 1384 Θ.
2739 1322 2829 1381 lb.
2859 1322 3181 1404 ἐργαστήρια
3198 1315 3341 1396 ἦσαν
3380 1323 3462 1382 τὰ
3495 1346 3641 1382 κου-

2068 1417 2180 1491 ρεῖα
2207 1413 2384 1470 Paris.
2417 1417 2558 1489 Reg.
2580 1445 2659 1456 —
2676 1416 2748 1470 3ο
2777 1420 3176 1494 μπαρμπερεῑα,
3199 1414 3262 1472 id
3286 1427 3382 1473 est
3417 1412 3642 1493 βαρὸε·

2067 1506 2180 1580 ρεῖα
2207 1523 2219 1557 :
2247 1499 2318 1558 de
2346 1520 2464 1578 quo
2491 1521 2546 1557 v.
2574 1498 2711 1559 vide
2741 1505 3002 1578 Ducang.

2150 1601 2286 1672 342,
2309 1599 2385 1657 35
2419 1596 2624 1658 Σκόπει
2655 1604 2754 1670 V.‚
2786 1617 2903 1657 non
2929 1604 2999 1660 G.
3038 1635 3116 1645 —
3145 1603 3220 1661 36
3253 1600 3500 1671 Ἄλλως.
3534 1604 3642 1661 αι’»κ

2064 1686 2332 1759 ἄκολ.,,37
2359 1689 2542 1766 ἀγωγῇ
2578 1692 2646 1746 V.
2682 1685 3048 1766 ἐπὶ-βλέπος
3076 1711 3190 1748 om.
3221 1696 3295 1748 G.
3322 1731 3398 1742 -
3429 1701 3515 1759 42
3541 1690 3640 1772 φί-

2063 1777 2174 1840 λοις
2211 1779 2318 1835 τῶν
2340 1773 2546 1834 οἰκείων
2575 1779 2826 1856 χρηστῶν
2861 1783 3003 1856 Reg.

2147 1864 2284 1939 345,
2316 1866 2390 1934 46
2418 1867 2513 1933 τῆς
2542 1863 2829 1944 εὐπραγίας
2857 1866 2929 1925 Θ.

2148 1952 2258 2024 347
2291 1956 2365 2014 R.
2395 1951 2572 2011 habet
2600 1949 2740 2018 θεόςτ
2764 1950 2800 2023 ἢ
2827 1955 2856 2009 ὃ
2881 1953 3118 2018 Πλοῦτος
3145 1950 3179 2022 ἢ
3206 1949 3371 2019 ἄλλος
3405 1977 3500 2019 τις
3522 1956 3635 2012 τῶν

2064 2040 2213 2098 θεῶν.

2150 2130 2264 2203 349
2295 2129 2356 2185 in
2383 2134 2570 2190 Dorv.
2603 2127 2936 2207 λέγοντες-
2970 2127 3032 2186 τὸ
3061 2126 3117 2186 δὲ
3160 2125 3313 2195 λέξας
3353 2129 3484 2187 ἀντὶ
3533 2135 3634 2189 τοῦ

2064 2214 2189 2293 λέγε
2236 2216 2465 2299 ψυχρόν·
2487 2220 2601 2299 ἔχει
2642 2219 2699 2276 δὲ
2742 2214 2882 2275 οὕτω
2899 2238 2914 2252 ·
2964 2214 3087 2295 λε’γε
3129 2215 3209 2275 ὅτι
3264 2220 3369 2297 φῆς
3417 2215 3636 2285 ἀνύσας

2064 2308 2221 2363 τοῦτο
2247 2303 2376 2363 ποτὲ
2403 2351 2420 2379 ,
2448 2304 2721 2366 τουτέστιν
2748 2307 2819 2372 εἰς
2844 2303 3164 2385 διασοίφησιν
3187 2302 3279 2363 καὶ
3305 2302 3460 2371 τέλος
3481 2309 3630 2382 ἀγα-

2065 2389 2173 2471 γὼν
2203 2391 2291 2452 τὸν
2317 2393 2408 2453 σὸν
2437 2394 2611 2471 λόγον.
2634 2437 2714 2447 -
2739 2404 2769 2463 4
2801 2391 2916 2451 ἀντὶ
2949 2398 3043 2451 τοῦ
3075 2392 3241 2471 μέγας
3283 2399 3354 2451 V.
3387 2392 3628 2462 ἀνύσαςε

2068 2482 2317 2552 Σπεύσας
2348 2506 2462 2544 om.
2498 2487 2590 2556 9.,
2610 2486 2711 2562 qui
2744 2485 2778 2542 5
2806 2486 2877 2550 εἰς
2906 2482 2966 2542 τὸ
2993 2485 3074 2543 ἄν.

2154 2573 2290 2644 35ι,
2327 2594 2398 2632 ιο
2427 2572 2676 2656 ἐπιτρίψῃ
2703 2578 2844 2651 Reg.
2872 2606 2955 2617 —
2986 2592 3049 2629 ιι
3090 2572 3230 2650 λέγω
3273 2592 3390 2630 om.
3437 2574 3622 2632 Paris.

2069 2682 2225 2720 —12
2259 2666 2548 2730 παντελῶς.
2566 2663 2793 2729 Ἄλλως.
2824 2660 3001 2720 πάντα
3029 2664 3265 2721 V.—-13
3289 2662 3533 2722 Ἀττικὸν
3565 2664 3624 2723 δὲ

2065 2746 2128 2808 τὸ
2158 2749 2251 2807 καί
2266 2751 2323 2828 μ’
2348 2752 2445 2810 οὐκ
2472 2750 2704 2834 ἀρέσκει,
2725 2752 2794 2816 ὣς
2819 2748 3137 2830 προείρηται
3157 2751 3249 2826 (ad
3267 2771 3320 2809 V.
3353 2754 3454 2830 69)
3483 2754 3618 2813 ΑΜ.

2150 2838 2284 2912 355,
2316 2840 2508 2916 25-29
2527 2839 2670 2898 nihil
2699 2849 2910 2916 praeter
2934 2836 3051 2895 ἀντὶ
3078 2842 3174 2910 τῆς
3197 2839 3302 2899 ὑπό
3325 2840 3504 2900 habet
3521 2848 3619 2913 V..

2067 2927 2224 3003 quod
2249 2948 2362 2986 om.
2394 2933 2464 2986 G.
2482 2927 2709 3010 περισσὴ
2733 2931 2769 2999 ἡ
2791 2923 2935 3006 πρός.
2962 2924 2996 2998 ἢ
3028 2926 3143 2984 ἀντὶ
3176 2930 3273 2998 τῆς
3300 2927 3422 2987 ὑπό.
3445 2930 3616 3011 ὀρθόν.

2067 3013 2197 3073 ἴδιον
2228 3013 2412 3096 ἀνδρὸς
2453 3013 2800 3096 εἰργασμένου
2832 3014 2905 3073 Θ.
2947 3018 3013 3071 In
3055 3020 3126 3073 R.
3161 3016 3432 3075 scholion
3470 3017 3614 3075 adeo

2066 3104 2302 3162 evanuit
2327 3116 2392 3162 ut
2424 3105 2548 3162 haec
2577 3115 2798 3161 tantum
2825 3100 2937 3177 legi
2967 3103 3221 3179 possint.
3247 3146 3262 3160 .
3287 3147 3302 3161 .
3332 3147 3346 3159 .
3383 3104 3617 3183 πρὸςάν-

2068 3189 2201 3272 δρός.
2226 3190 2508 3272 περισσὸν.
2535 3233 2550 3249 .
2575 3235 2588 3248 .
2615 3214 2735 3249 .αν.
2763 3191 2884 3259 ,τῆς
2906 3190 3035 3248 ὑπο.
3063 3231 3078 3246 .
3103 3232 3117 3247 .
3144 3236 3158 3249 .

2152 3279 2287 3349 358,
2322 3281 2396 3338 33
2446 3278 2563 3337 ἀντὶ
2605 3282 2696 3336 τοῦ
2727 3273 3006 3354 μεταμέλῃ
3045 3276 3332 3358 φροντίζεις
3358 3284 3456 3354 V„
3485 3300 3614 3358 quae

2067 3386 2186 3424 om.
2216 3372 2284 3424 G.

2150 3456 2288 3532 359,
2326 3457 2399 3513 36
2435 3455 2618 3537 εἴληφε
2638 3460 2793 3515 τοῦτο
2813 3456 2910 3530 τὴν
2930 3463 3002 3516 V.
3031 3459 3102 3518 Θ.
3125 3461 3193 3516 In
3225 3458 3291 3516 R.
3321 3457 3473 3516 nihil
3505 3458 3616 3536 legi

2067 3556 2262 3626 potest
2290 3556 2499 3622 praeter
2524 3543 2710 3605 λείπει.

2150 3634 2286 3704 361,
2316 3641 2384 3699 4ι
2417 3629 2550 3691 Ἀπὸ
2580 3631 2887 3701 δυσπετείας
2904 3638 2994 3707 V.,
3015 3633 3118 3711 qui
3147 3642 3245 3706 42,
3261 3631 3491 3700 Ἄλλως.
3522 3638 3614 3692 οὐ·

2068 3719 2171 3786 δεὶς
2191 3733 2302 3779 etc.
2325 3761 2406 3771 --
2438 3721 2511 3782 43
2541 3717 2570 3777 ὃ
2596 3719 2735 3778 δοκεῖ
2759 3726 2826 3779 V.
2851 3722 2925 3780 Θ.
2950 3756 3034 3767 —-
3059 3722 3133 3791 46
3172 3719 3313 3800 ὑγιὲς
3351 3723 3616 3782 Dindor-

2069 3813 2175 3869 iius
2206 3808 2431 3866 addidit
2455 3829 2530 3866 ex
2556 3810 2813 3868 Platone.

2150 3900 2287 3969 363,
2323 3899 2389 3954 51
2427 3895 2625 3978 φράσαι
2659 3899 2732 3957 Θ.

2151 3987 2265 4044 365
2292 3988 2472 4042 Dorv.
2503 3983 2772 4042 versibus
2793 3985 3200 4064 interpositum
3225 3983 3398 4043 habet
3427 3984 3616 4065 πρώην

2069 4072 2125 4134 δὲ
2149 4070 2381 4153 χρηστὸς
2407 4069 2481 4129 ὢν
2507 4070 2600 4130 καὶ
2640 4075 2731 4129 νῦν
2761 4077 3053 4155 πανοῦργος
3090 4072 3224 4132 ἐστί.
3262 4075 3370 4132 Vel
3398 4063 3484 4148 ἦν,
3522 4076 3614 4133 vel

2069 4159 2451 4221 omittendum
2478 4171 2601 4217 erat
2624 4157 2733 4217 καί.
2761 4164 2978 4218 Hans-r.

2154 4252 2267 4308 368
2299 4250 2360 4306 in
2387 4252 2454 4305 V.
2488 4246 2667 4314 δεδιὼς
2685 4245 3127 4324 (ἄλλως.,δεδιὼς
3145 4250 3242 4328 G.)
3265 4248 3403 4308 θέλει
3423 4251 3612 4324 εἰπεῖν,

2068 4334 2248 4414 ὅμοιος
2272 4327 2322 4394 εἶ
2341 4333 2872 4417 πεπανουργευμένῳ.

2156 4427 2294 4504 369,
2350 4427 2418 4483 16
2465 4423 2521 4484 δέ
2567 4427 2709 4485 ἐστιν
2770 4427 2859 4487 ἐπὶ
2913 4431 2978 4485 V.
3015 4426 3188 4503 μάτην
3235 4426 3496 4485 additum
3544 4448 3614 4486 ex

2071 4514 2248 4575 Suida
2278 4533 2322 4572 s.
2366 4511 2575 4594 Κρώζει
2602 4525 2660 4571 et
2690 4515 2809 4573 Οὔκ
2845 4504 2942 4575 οἶδ’
2977 4513 3008 4573 ὃ
3041 4512 3275 4594 κρώζεις.
3311 4519 3424 4574 Pro
3451 4534 3524 4573 eo
3551 4514 3617 4574 τὰ

2072 4602 2183 4661 ἄνω
2210 4601 2385 4661 habet
2412 4607 2475 4661 V.
2497 4599 2819 4683 θρυλούντων
2844 4608 2919 4661 V.
2962 4603 3033 4663 Θ.
3072 4608 3217 4681 Reg.
3254 4600 3612 4685 θρυλλούντων

439 4693 535 4766 τὴν
567 4692 856 4774 ἐρχομένην
901 4699 991 4765 R„
1029 4694 1192 4771 quasi
1249 4691 1432 4761 ἔξωθεν
1479 4694 1633 4751 ὠθεῖν
1686 4694 1983 4751 voluisset.
2074 4696 2140 4749 R.
2171 4689 2300 4750 Ald.
2325 4688 2503 4771 ὥσπερ
2528 4692 2585 4748 αἱ
2620 4695 2684 4746 V.
2727 4689 2834 4749 ἀπὸ
2867 4692 2973 4748 τῶν
3007 4693 3203 4770 θυρῶν·
3232 4688 3294 4748 σὺ
3337 4688 3438 4773 γὰρ
3472 4695 3609 4770 Reg.

442 4782 555 4841 Sed
586 4779 792 4850 ἐξωθεῖν
821 4783 1048 4842 SuidaS.
1077 4816 1153 4826 —-
1178 4781 1251 4839 52
1284 4782 1338 4839 ἐν
1376 4783 1443 4860 τῇ
1474 4779 1734 4862 ἐκκλησία
1772 4779 1828 4839 δὲ
1867 4802 1984 4841 om.
2072 4801 2187 4861 κορ.
2220 4777 2339 4837 ἀντὶ
2365 4783 2457 4839 τοῦ
2477 4776 2646 4857 λέγεις
2675 4789 2747 4842 R.
2781 4813 2857 4826 -
2885 4802 2948 4853 ¹7
2974 4780 3098 4861 περὶ
3115 4778 3180 4840 τὸ
3207 4783 3420 4861 κικλοφ.
3459 4803 3527 4858 με
3547 4786 3607 4841 V.

444 4874 519 4929 R.
541 4901 619 4914 --·
647 4871 721 4927 53
748 4869 918 4941 sta-{Gn
945 4872 1051 4929 τῶν
1097 4867 1165 4938 ξε’
1196 4870 1354 4928 ἐτῶν.
1397 4864 1510 4928 ὅσοι
1552 4860 1643 4927 οὖν
1689 4870 1799 4928 τελ.
1844 4875 1986 4947 Reg.
2074 4868 2145 4928 Θ.
2170 4874 2314 4947 Reg.
2353 4865 2582 4945 διαλέγει
2607 4872 2753 4948 Reg.

444 4956 664 5039 φανερόν
706 4982 788 5031 τι,
818 4973 1022 5017 certum
1059 4962 1210 5036 quid.
1237 4961 1471 5042 φανερῶς
1506 4964 1649 5037 Reg.
1679 4992 1758 5005 —-
1791 4961 1828 5019 6
1858 4955 1990 5018 ποίν-

445 5066 562 5104 τοτε
582 5065 695 5103 om.
727 5045 801 5106 Θ.

2156 4960 2292 5031 370,
2324 4958 2399 5015 26
2433 4955 3064 5039 κοινωνῆσαι-εἴρηται,
3107 4967 3167 5014 et
3216 4958 3292 5015 30
3333 4954 3514 5027 ἄθλιος
3567 4949 3611 5016 εἶ

2075 5045 2169 5106 καὶ
2198 5070 2248 5107 κ.
2283 5045 2461 5106 habet
2481 5047 2553 5106 Θ.
