3859 5725
499 260 611 314 430
1668 237 2117 303 ADNOTATIO
2160 233 2241 298 IN
2282 239 2552 301 scfloL.

580 380 713 448 348,
752 398 813 450 17
849 374 1023 433 1101101
1050 372 1254 431 Suidas
1287 391 1331 428 s.
1368 369 1602 435 Κλεῖτος.
1624 406 1687 419 -
1734 369 1804 425 18
1838 367 2027 426 κολλο-
2116 367 2327 440 luerat,
2375 368 2708 447 responderi
2749 367 2824 426 ab
2859 369 3039 428 altero
3081 370 3338 448 potuerit
3377 370 3643 450 ineptum

497 463 790 531 ποδιώκτας
817 462 944 521 Ald.
971 461 1112 520 Vide
1141 458 1402 519 Eustath.
1432 477 1491 536 p.
1525 456 1705 534 1915,
1739 457 1827 514 16.
1859 490 1922 505 -
1957 473 2027 530 ¹9
2108 473 2229 512 esse
2257 456 2359 533 qui
2390 456 2733 515 Clisthenem
2755 502 2772 532 ,
2800 459 3038 517 florente
3064 471 3232 516 aetate
3265 459 3495 532 virum,
3534 471 3645 517 tes-

496 550 812 634 Ἱερώνυμον
840 564 901 609 01
929 548 1228 628 sequentia
1253 567 1368 605 om.
1395 548 1464 603 V.
1489 581 1554 595 -
1572 564 1645 603 00
1668 535 1733 615 ἦν
1762 542 1868 608 υἱὸς
1893 542 2026 600 Sui·
2107 562 2363 601 serarum
2400 543 2534 602 ludo
2562 565 2767 604 vacare
2796 548 2955 605 velit.
2983 552 3161 605 Recte
3190 566 3330 605 vero
3366 546 3645 625 procedet

498 640 616 700 das.
640 661 700 700 π.
727 637 781 698 δὲ
806 639 1000 704 παῖδας
1025 643 1095 696 R.
2109 632 2391 689 sententia
2443 632 2638 692 verbis
2681 633 2839 717 γράφ’
2885 632 3038 693 αὐτὸν
3075 637 3128 693 ἰν
3151 679 3166 693 .
3190 680 3205 694 .
3231 678 3247 693 .
3307 647 3445 712 post
3494 635 3643 712 ἀκμῇ

584 730 722 801 351,
749 729 821 795 34
859 746 943 804 sq.
967 729 1110 802 Reg.
1128 722 1272 780 0301
1302 725 1330 781 ὁ
1353 721 1536 799 Σίμων
1561 713 1823 788 οἶτοςτῶν
1842 722 2028 780 κοινῶν
2109 721 2466 796 transpositis
2500 742 2514 777 :
2566 742 2639 779 ex
2676 743 2795 800 quo
2841 723 3102 799 sequitur
3140 741 3329 800 neque
3367 721 3644 801 ἕπεισοδίῳ

497 815 828 899 πραγμάτων
868 809 1190 891 ἐπιμελητὴς
1231 809 1324 883 ὢν,
1359 807 1532 868 πολλὰ
1568 809 1935 892 ἕσφετερίζετο.
1968 847 2034 859 -
2108 826 2299 884 neque
2337 807 2550 889 ἕπεισίῳ
2590 811 2885 889 scripsisse
2922 811 3218 870 Cratinum
3238 854 3255 883 ,
3292 810 3392 868 sed
3437 829 3646 866 recon-

502 907 576 964 36
609 902 860 986 χρήματα
885 906 986 974 V.,
1016 901 1118 978 qui
1144 898 1441 976 sequentia
1464 897 1696 955 omittit.
2110 892 2322 953 ditiore
2346 897 2593 974 quodam
2624 919 2789 956 usum
2817 898 3133 971 vocabule,
3167 899 3361 977 qualia
3390 898 3646 976 plurima

583 993 696 1052 353
728 996 794 1050 V.
825 988 1000 1049 habet
1045 991 1074 1046 ὃ
1101 983 1417 1064 Κλεώνυμος
1444 988 1512 1050 ὥς
1542 983 1705 1050 δειλὸς
1735 985 1789 1042 ἐν
1822 986 2034 1050 πολλοῖς
2111 983 2170 1039 111
2197 984 2414 1041 Cratini
2447 984 2654 1043 sabulis
2677 986 2852 1044 fuisse
2878 998 3133 1056 constat,
3160 998 3218 1044 et
3243 986 3316 1043 ad
3345 1005 3467 1042 rem
3500 1004 3649 1061 prae-

499 1079 851 1161 κωμῳδεῖται.
873 1085 1035 1144 -44
1057 1073 1198 1133 stae.
1219 1072 1409 1139 πάντες
1426 1072 1553 1132 Ald.
1576 1069 1727 1138 αὐτός
1746 1074 2029 1130 Herman-
2111 1082 2329 1128 sentem
2363 1073 2957 1132 accommodatissime
3005 1072 3140 1132 ficto
3188 1073 3404 1131 dixisse
3422 1116 3439 1142 ,
3485 1068 3647 1150 γράφ’

500 1188 628 1225 nus.
658 1170 687 1226 ὁ
731 1162 882 1232 αὐτός
908 1163 1040 1223 Δ111.
1076 1198 1141 1212 --
1174 1162 1250 1232 48
1280 1157 1485 1239 ὑπόγυα
1521 1165 1592 1219 lt.
1639 1171 1698 1218 et
1742 1160 1945 1218 Suidas
1985 1182 2030 1220 s.
2110 1157 2264 1217 αὐτὸν
2308 1160 2362 1217 ἐν
2402 1160 2701 1242 σποδείῳ.
2747 1162 2984 1219 Dixerat
3036 1162 3242 1238 aliquis
3288 1159 3645 1218 Clisthenem

501 1252 829 1330 Κλεώνυμος.
2110 1245 2305 1328 κυὸείῳ
2344 1247 2591 1307 adscribi
2619 1263 2909 1326 oportere.
2941 1249 3094 1310 Huic
3129 1250 3272 1307 alter
3307 1245 3645 1325 respondet,

583 1341 716 1411 355,
737 1361 758 1397 1
778 1335 1068 1408 Κλεισθένη
1093 1336 1223 1396 Ald.
1255 1368 1325 1381 —
1360 1331 1415 1409 5,
1442 1334 1478 1392 6
1508 1332 1631 1392 Ald.
1653 1343 1711 1391 et
1731 1329 1959 1388 codices
1978 1328 2031 1385 λ·
2109 1340 2343 1414 Ineptus
2381 1357 2440 1395 es
2480 1340 2580 1415 qui
2625 1338 2974 1397 Clisthenem
3019 1350 3361 1395 tesserarum
3405 1333 3545 1392 ludo
3588 1334 3645 1389 in

501 1426 658 1506 &kam
698 1424 856 1508 γράφ’
889 1423 1041 1490 αὐτὸς
1080 1421 1327 1505 (γράφων
1352 1419 1506 1480 αὐτὸν
1531 1418 1622 1477 vel
1646 1420 1789 1499 αὐτῷ
1809 1418 1897 1475 vel
1916 1414 2032 1474 αὔτ’
2110 1422 2255 1481 flore
2276 1425 2454 1482 aetatis
2474 1423 2751 1483 oblectari
2778 1425 2892 1498 vis;
2913 1423 3176 1501 lupanari
3201 1441 3332 1480 011111
3357 1418 3645 1478 adscribe.

501 1517 693 1574 Suidae
709 1514 953 1591 codices)
976 1514 1028 1571 ἰν
1048 1508 1339 1592 ἱπεισοδίῳ,
1359 1510 1555 1586 γελοῖος
1577 1506 1726 1565 ἔσται
1746 1503 2032 1574 Κλεισθένη
2111 1513 2235 1568 Hoc
2256 1512 2409 1569 enim
2437 1512 2705 1570 convenit
2725 1512 2854 1570 viro
2866 1513 3086 1589 juveni,
3112 1523 3456 1570 tesserarum
3475 1508 3646 1566 ludus

500 1601 843 1681 (Κλεισθένης
861 1600 1083 1672 suidas)
1104 1597 1333 1657 κυόεύων
1351 1596 1465 1673 (hic
1490 1595 1698 1653 desinit
1721 1592 2032 1669 Suidas).3v
2111 1598 2230 1655 seni
2261 1598 2549 1657 imbecillo
2570 1643 2588 1676 ‚
2616 1599 2688 1658 ad
2727 1598 3148 1658 oblectamenta
3178 1616 3421 1655 venerea
3453 1595 3645 1654 inerti,

499 1694 566 1771 τῇ
598 1695 689 1749 τοῦ
710 1690 932 1757 κάλλους
958 1691 1122 1770 ἀκμῇ.
1142 1688 1446 1745 Piersonus
1478 1683 1552 1742 ad
1580 1682 1789 1742 Moerin
1810 1702 1866 1759 p.
1894 1685 2000 1757 391
2015 1723 2031 1752 ,
2111 1685 2353 1766 Σποδιίῳ
2375 1707 2554 1765 quum
2573 1686 2776 1770 σποδίῳ
2795 1688 3075 1765 scriptum
3101 1696 3280 1757 esset,
3296 1683 3568 1742 facillime
3589 1683 3645 1739 in

502 1776 789 1856 probante
815 1780 1166 1848 Hermanno,
1188 1774 1368 1833 verba
1394 1775 1446 1831 ἐν
1473 1769 1750 1850 ἐπεισοδίῳ
1776 1781 1908 1847 post
1936 1767 2029 1825 λε’-
2110 1773 2385 1856 ἔπεισοδίῳ
2417 1776 2710 1854 corrumpi
2745 1776 2956 1855 potuit.
2983 1771 3175 1831 Verba
3200 1785 3392 1830 autem
3422 1771 3480 1829 ἐν
3496 1792 3642 1840 ,σπο-

499 1887 611 1943 γων
639 1861 799 1929 οὕτως
826 1863 1038 1943 posuit·
1074 1867 1162 1921 De
1194 1858 1468 1941 ἕπεισοδίῳ
1489 1860 1548 1918 111
1579 1857 1855 1917 comoedia
1882 1857 2032 1914 Mei-
2111 1858 2233 1940 δείῳ
2259 1862 2413 1920 haud
2465 1862 2641 1921 dubie
2668 1864 2795 1940 ipsa
2825 1860 3242 1919 terminationis
3269 1859 3647 1917 similitudine

500 1953 701 2010 nekius
730 1957 890 2010 Com.
930 1955 992 2022 1,
1021 1969 1078 2028 p.
1111 1950 1219 2022 757
1253 1970 1337 2028 sq.
1374 1960 1583 2027 praeter
1609 1946 1720 2004 alia
1754 1956 2035 2003 memorat

502 2040 938 2117 grammaticum
955 2039 1194 2097 Bekkeri
1215 2037 1431 2096 Anecd.
1454 2057 1507 2114 p.
1533 2035 1667 2106 053,
1690 2055 1790 2109 ¹9³
1812 2032 2035 2091 Ἐπειο-

502 2127 639 2186 όδιον
668 2126 857 2209 κυρίως
880 2123 976 2205 μὲν
1004 2124 1066 2184 τὸ
1094 2128 1147 2184 ἐν
1175 2129 1242 2204 τῇ
1266 2123 1521 2205 κωμῳδίᾳ
1553 2121 1925 2203 ἐπιφερόμενον
1956 2122 2033 2199 τῷ

503 2214 731 2293 δράματι
766 2213 991 2294 γέλωτος
1032 2212 1188 2294 χάριν
1230 2211 1327 2281 ἔξω
1362 2216 1455 2283 τῆς
1493 2209 1810 2282 ὑποθέσεως,
1853 2228 2034 2287 παρα-

499 2304 799 2385 χρηστικῶς
842 2301 897 2359 δὲ
939 2301 1121 2367 ἁπλῶς
1160 2298 1221 2357 τὸ
1266 2298 1541 2376 ἐξαγώνιον
1571 2305 1814 2378 πρᾶγμα.
1839 2295 2034 2353 Verba

504 2403 685 2468 poetae
729 2391 1120 2471 ληρεῖς-ἀκμῇ
1166 2388 1466 2446 constituit
1508 2386 1814 2446 Bentleius.
1863 2411 1887 2437 a
1923 2385 2034 2443 Sed

502 2477 794 2553 quaeritur,
821 2475 1013 2552 inquit
1040 2474 1415 2545 Dindorfius‚
1445 2473 1582 2551 quid
1613 2473 1722 2530 illis
1746 2471 1903 2553 γράφ’
1932 2472 2029 2529 αὗ-

502 2563 591 2622 τὸν
621 2565 675 2621 ἐν
701 2561 974 2642 ἐπεισοδίῳ
1011 2562 1332 2620 faciendum
1364 2561 1466 2629 sit,
1495 2559 1568 2618 de
1599 2559 1809 2638 quibus
1845 2579 2035 2637 operae

505 2652 759 2729 pretium
795 2662 883 2708 est
907 2651 1133 2728 Bergkii
1165 2648 1607 2707 commemorari
1643 2650 2033 2725 conjecturam

505 2741 563 2797 in
610 2738 1204 2797 commentationibus
1231 2738 1301 2798 de
1332 2736 1614 2796 comoedia
1641 2742 1759 2795 Att.
1799 2737 2037 2814 exposi-

511 2839 623 2886 tam
657 2846 715 2906 p.
744 2828 857 2884 006
884 2849 897 2885 :
935 2853 959 2880 ι
978 2827 1290 2904 Scripsisse
1316 2825 1541 2884 videtur
1567 2824 1836 2885 Cratinus
1861 2847 1874 2883 ε

2112 1949 2186 2007 ad
2211 1952 2263 2008 ἕν
2293 1949 2484 2032 κυὸείῳ
2506 1953 2683 2010 relata
2713 1952 2974 2026 suerunt,
3009 1948 3222 2027 quibus
3248 1947 3487 2004 alterius
3513 1966 3648 2023 perb

2111 2057 2270 2096 sonae
2298 2040 2575 2097 sententia
2608 2040 2763 2096 11111111
2800 2039 2908 2096 fuit
2929 2086 2944 2112 ,
2978 2038 3133 2094 velut
3169 2035 3280 2093 hoc
3312 2034 3522 2104 mod0,
3560 2033 3646 2092 τὸν

2112 2125 2398 2197 Κλεισθένη
2422 2126 2466 2183 δ’
2491 2125 2594 2205 ἐγὼ
2613 2125 2799 2207 γράφω
2821 2125 2907 2184 τὸν
2935 2127 3071 2182 λεῖον
3096 2125 3150 2182 lv
3180 2120 3392 2201 κυὸείῳ.
3415 2120 3645 2181 Κυὸείου

2112 2233 2320 2271 nomen
2339 2235 2412 2273 ex
2435 2235 2555 2273 11110
2570 2215 2760 2273 01111110
2781 2214 3077 2291 cognitum
3093 2211 3199 2269 fuit
3217 2213 3346 2269 loco
3362 2210 3648 2268 AEschinis

2112 2313 2169 2357 et
2190 2299 2376 2377 glossa
2406 2302 2716 2379 Hesychii:
2754 2300 2997 2374 Κυὸεῑον,
3035 2298 3193 2364 τόπος
3219 2299 3292 2365 εἷς
3321 2295 3378 2355 ὃν
3414 2301 3648 2376 συνῇσαν

2111 2386 2464 2455 κυὸεύσοντις.
2493 2390 2703 2449 Confer
2725 2392 2974 2471 ἐταιρεῖον
3005 2401 3061 2446 01
3084 2385 3505 2469 πορνοὸοσκεῖον.
3532 2391 3647 2444 Ce-

2114 2488 2299 2535 terum
2318 2475 2523 2536 xu6ei'ov
2543 2490 2600 2535 et
2621 2479 2859 2537 σποδεῖον
2879 2476 3035 2555 apud
3056 2475 3351 2535 Cratinum
3375 2473 3452 2534 de
3469 2475 3651 2559 Σκίρῳ

2111 2564 2204 2622 vel
2235 2565 2520 2647 σκιραφείῳ
2554 2565 2926 2643 intelligenda
2954 2565 3242 2637 videntur,
3271 2564 3346 2621 de
3370 2583 3491 2641 quo
3521 2568 3648 2623 1000

2112 2653 2305 2730 steph.
2350 2659 2484 2729 Byz.
2515 2674 2558 2712 s.
2593 2675 2647 2712 v,
2691 2654 2914 2736 Σκίρος,
2942 2651 3012 2714 Ὅ
3038 2652 3197 2719 τόπος
3224 2651 3279 2711 δὲ
3314 2652 3422 2711 ἀπὸ
3454 2655 3650 2735 Σκίρου

2111 2737 2279 2820 ἥρωος
2298 2761 2312 2775 ·
2351 2742 2405 2798 ἐν
2436 2738 2491 2797 δὲ
2518 2744 2595 2821 τῷ
2628 2737 2773 2823 τόπῳ
2800 2740 2968 2821 τούτῳ
2999 2742 3054 2798 αἱ
3085 2740 3277 2821 πόρναι
3302 2739 3614 2808 ἐκαθέζοντο
3635 2765 3649 2779 ·

2111 2824 2236 2892 ἴσως
2267 2825 2357 2886 καὶ
2389 2826 2447 2887 τὸ
2477 2837 2794 2911 σκιραφεῖον,
2823 2827 2949 2909 ὅπερ
2978 2829 3128 2900 δηλοῖ
3163 2827 3248 2887 τὸν
3278 2827 3440 2888 τόπον
3482 2833 3559 2899 εἷς
3596 2830 3650 2891 ὃν

2111 2915 2157 2971 οἱ
2180 2912 2430 2973 κυὸευταὶ
2449 2915 2683 2975 συνίασιν
2699 2940 2713 2953 ·
2739 2938 2987 2995 quocum
3009 2917 3384 2995 comparandi
3401 2919 3649 2977 aliorum

2111 3004 2459 3082 scriptorum
2509 3005 2623 3064 loci
2675 3006 2750 3065 ab
2807 3007 3239 3065 Hemstcrhusio
3293 3008 3525 3065 collecti
3576 3009 3650 3066 ad

2114 3091 2331 3149 Polluc.
2365 3115 2430 3169 9,
2459 3095 2534 3169 96
2572 3107 2629 3152 et
2670 3096 2848 3154 Gaisf.
2879 3095 2951 3172 ad
2980 3095 3214 3153 Suidam
3251 3114 3293 3151 s.
3331 3095 3648 3174 Σκραφεῖον.

2112 3179 2409 3260 Σκιραφία,
2448 3179 2514 3238 τὰ
2562 3181 2720 3240 κυὸία
2781 3183 2938 3260 apud
2978 3184 3245 3241 Photium
3289 3202 3345 3258 p.
3386 3185 3532 3255 500,
3575 3202 3648 3240 00

2111 3268 2390 3343 scriptum
2433 3288 2541 3345 pro
2577 3270 2897 3351 Σκιραφεῖα,
2937 3269 3003 3328 τὰ
3037 3269 3222 3329 κυδεῑα
3245 3297 3268 3320 ι»
3312 3274 3460 3341 Quae
3498 3291 3650 3346 prae-

2112 3354 2262 3411 clare
2291 3353 2582 3432 disputata
2606 3371 2757 3414 sunt.
2786 3358 2922 3414 81110
2946 3356 3398 3434 transpositione
3425 3358 3651 3413 11101110-

2111 3441 2238 3499 kius
2265 3441 2335 3499 ad
2359 3444 2679 3519 Metagenis
2710 3444 3023 3521 fragmenta
3047 3464 3105 3521 p.
3131 3445 3242 3515 758
3270 3444 3350 3501 ita
3376 3444 3646 3522 scripsit:

908 2973 933 2997 «ι
954 2958 1011 3004 A.
1036 2955 1185 3019 ληρεῖς
1208 2955 1347 3018 ἔχων.
1371 2954 1502 3019 γράφ·
1524 2954 1664 3003 αὐτὸν

633 3044 657 3069 κ
676 3025 723 3074 ἐν
745 3024 952 3088 ἱπεισίῳ.
978 3027 1033 3074 Β.
1059 3028 1233 3087 γελοῖος
1256 3025 1386 3074 ἔσται
1408 3026 1680 3083 Κλεισθένης
1704 3023 1910 3074 κυόεὑων

634 3115 658 3138 n
678 3096 725 3144 ἐν
744 3096 854 3158 τῇδε
870 3100 953 3144 τοῦ
969 3094 1164 3152 κάλλους
1186 3095 1330 3159 ἀκμῇ.

507 3229 530 3254 α
562 3207 649 3261 lta
724 3202 878 3259 enim
966 3214 1241 3278 tanquam
1312 3200 1489 3260 homo
1559 3201 1924 3261 effeminatus
1975 3211 2035 3257 et

508 3316 533 3341 «ι
563 3290 903 3367 profligatus
965 3289 1254 3347 irridetur.
1320 3291 1451 3366 lpse
1511 3302 1682 3366 poeta
1741 3289 2033 3366 explicans

510 3405 531 3425 ι
562 3376 734 3434 verba
763 3395 1070 3453 praegressa
1094 3378 1145 3433 ἐν
1172 3376 1383 3456 ἱπεισίῳ
1404 3376 1549 3434 dixit
1571 3378 1625 3434 ἐν
1645 3376 1768 3455 τῇδε
1794 3380 1886 3435 τοῦ
1906 3374 2034 3433 κάλ-

510 3489 533 3513 α
560 3466 680 3529 λους
713 3465 858 3541 ἀκμῇ
888 3484 901 3519 :
934 3461 1005 3520 110
1035 3462 1136 3519 illa
1161 3483 1303 3521 voce
1330 3484 1383 3519 v.
1414 3464 1619 3520 Pollux
1655 3484 1710 3534 0,
1751 3483 1885 3535 170,
1924 3472 2029 3535 174

509 3577 533 3602 «ι
560 3558 784 3617 01004,
813 3555 997 3624 Etym.
1028 3553 1102 3606 M.
1135 3570 1189 3627 p.
1226 3552 1369 3624 363,
1401 3551 1491 3608 56.
1523 3547 1789 3609 Ἐπείσιον
1819 3562 2031 3623 autem,

510 3662 535 3687 a
564 3658 678 3693 non
732 3635 956 3693 ἐπίσειον
989 3637 1077 3693 vel
1127 3637 1324 3697 ἐπίσιον
1377 3636 1739 3695 scribendum
1796 3658 1917 3695 esse
1975 3651 2033 3697 et

507 3752 530 3775 α
562 3724 766 3802 optimi
794 3723 1019 3780 codices
1050 3724 1299 3801 probant
1332 3737 1389 3781 et
1417 3725 1808 3801 Lycophronis
1837 3745 2033 3783 versus

507 3838 531 3864 a
570 3811 716 3868 1385
752 3811 959 3886 arguit.
988 3811 1126 3868 Tale
1154 3823 1341 3869 autem
1375 3812 1514 3888 quid
1554 3812 1798 3889 requiri,
1832 3814 2033 3872 suadet

506 3926 530 3952 a
564 3901 649 3957 vel
679 3897 994 3956 similitudo
1027 3900 1170 3956 alius
1200 3918 1395 3959 versus
1423 3920 1493 3955 ex
1521 3900 1624 3956 hac
1655 3900 1775 3976 ipsa
1810 3900 2029 3967 sabula,

504 4013 526 4035 α
560 3985 660 4043 ubi
684 3983 1081 4063 Hyperbolum
1105 4027 1120 4052 ,
1142 3987 1413 4062 quoniam
1439 3986 1698 4044 lucernas
1726 3986 2029 4058 vendebat,

505 4101 529 4124 α
555 4076 768 4152 pariter
811 4088 1010 4147 vexat3
1066 4076 1275 4151 legitur
1320 4087 1512 4133 autem
1559 4076 1651 4133 hic
1689 4095 1889 4133 versus
1934 4096 2028 4153 ap.

504 4187 527 4207 a
559 4161 737 4218 schol.
781 4161 1079 4239 Aristoph.
1128 4167 1250 4218 Pac.
1294 4162 1403 4239 691
1449 4184 1462 4218 :
1503 4159 1585 4220 ὅτι
1623 4162 1968 4240 λυχνοπώλης
2004 4166 2032 4221 ὁ
2107 4209 2282 4276 hm&
2308 4209 2602 4292 πρεσόύτας
2627 4211 2734 4269 A'd

506 4274 530 4299 α
558 4245 1052 4328 Ὗπέρὸολος-’χαὶ
1082 4251 1337 4328 Κρατῖνος
1368 4245 1421 4307 δὲ
1450 4250 1501 4306 ἐν
1532 4249 1735 4330 Πυτίνῃ
1760 4274 1773 4287 ’
2191 4300 2324 4372 361,
2351 4302 2535 4376 06-49
2563 4301 2675 4359 hoc
2706 4299 2911 4358 ordine
2935 4299 3108 4356 habet
3141 4303 3213 4357 V.
3257 4299 3346 4356 ἐπὶ
3390 4299 3646 4380 καθαιρέ-

630 4369 931 4433 “Ὗπῑ’06ολ0”
953 4369 994 4417 δ’
1016 4368 1280 4427 &W
1303 4372 1350 4419 ‘V
1371 4374 1465 4428 τοῖς
1487 4371 1694 4435 mitam
1713 4371 1903 4436 γράψον·
2110 4388 2648 4467 σει-μετεωρολόγος
2672 4386 2801 4452 Κίος
2835 4386 2895 4445 τὸ
2927 4384 3089 4463 γένος.
3121 4386 3336 4464 ἤκμασε
3348 4386 3643 4456 -ἠδονῶν,

505 4496 529 4522 ι
553 4471 705 4529 Hinc
762 4472 902 4529 satis
964 4490 1254 4548 superque
1300 4473 1649 4551 perspicitur
1677 4495 1848 4552 supra
1874 4495 2025 4552 quo-
2106 4519 2166 4531 ...
2190 4494 2259 4547 07
2297 4477 2449 4540 Κεῖος
2473 4476 2690 4533 Suidas.
2722 4473 2849 4540 Κίος
2880 4479 2947 4531 V.
2973 4475 3100 4540 Χῖος
3135 4473 3264 4531 Ald.
3296 4510 3363 4524 -
3404 4476 3481 4531 08
3509 4496 3645 4532 πεν-

503 4584 527 4611 «
547 4578 661 4635 que
679 4571 832 4616 recte
851 4560 1178 4617 restitutum
1199 4578 1322 4618 esse
1339 4559 1497 4641 γράφ’
1518 4560 1670 4619 αὐτὸν
1692 4562 1744 4618 ἐν
1762 4562 2021 4642 ἐπεισίῳ.»
2105 4562 2569 4642 τηκοντάδραχμον
2632 4561 2793 4621 Suid.
2851 4597 2914 4610 -
2963 4563 3036 4619 33
3118 4580 3228 4639 pro
3281 4557 3428 4618 τόνδ’
3476 4563 3644 4640 lege-

504 4647 807 4724 Ingeniosa
841 4646 995 4719 haec,
1038 4645 1137 4704 sed
1170 4648 1309 4706 salsa
1348 4661 1536 4706 tamen
1569 4650 1794 4727 Bergkii
1828 4650 2025 4726 conje-
2106 4648 2278 4707 batur
2312 4656 2510 4708 τοῦτον.
2550 4652 2914 4707 Hei-mannus
2950 4662 3009 4706 et
3043 4648 3317 4725 Bergkius
3340 4652 3527 4708 τοῦτον
3555 4650 3645 4706 τὸν

503 4748 684 4795 ctura.
726 4737 880 4794 Miro
921 4736 1074 4794 enim
1118 4749 1176 4793 01
1214 4737 1543 4797 incredibili
1594 4737 1768 4795 modo
1810 4737 2025 4797 dictum
2105 4734 2250 4816 ἄνδρ’
2290 4735 2325 4807 ἢ
2353 4740 2403 4815 β.
2451 4735 2731 4817 διέφθειρεν
2781 4742 2852 4793 G.
2906 4736 3034 4794 Ald.
3080 4748 3139 4792 et
3180 4736 3404 4795 Suidas.
3453 4774 3517 4785 —
3565 4738 3643 4794 36

500 4823 659 4905 γράφ’
680 4823 832 4883 αὐτὸν
859 4826 910 4882 ἰν
935 4825 1146 4908 ἐπεισῖῳ
1163 4869 1178 4896 ,
1207 4846 1589 4904 perversaque
1612 4828 2024 4885 sententiarum
2104 4824 2282 4884 κλάειν
2310 4826 2528 4884 Suidas.
2578 4824 2776 4883 κλαίειν
2816 4824 2946 4882 Α111.
2990 4822 3157 4882 κλέων
3179 4826 3250 4882 V.
3278 4857 3356 4869 -
3386 4825 3464 4901 39
3490 4815 3646 4890 οὗτος

502 4913 833 4971 consecutio
861 4925 979 4984 est,
1001 4933 1179 4990 quum
1208 4934 1325 4972 non
1353 4925 1627 4992 appareat
1654 4914 1948 4990 quomodo
1972 4917 2024 4973 ei
2102 4933 2217 4973 om.
2244 4916 2469 4989 Suidas,
2493 4913 2619 4972 Ald.
2644 4951 2707 4961 —
2730 4923 2803 4982 40
2821 4912 2912 4971 καὶ
2929 4910 3234 4993 γὰρ-ποσί
3254 4932 3366 4970 om.
3393 4911 3559 4970 Suid.
3580 4948 3647 4961 --

502 5001 600 5076 qui
632 4999 976 5058 Clisthenem
1014 5001 1282 5078 pudendo
1317 5001 1583 5059 muliebri
1622 5001 1870 5060 adscribi
1911 5023 2022 5061 vo·
2118 5012 2187 5071 44
2242 5001 2498 5067 καλούσας
2553 5000 2774 5060 Suidas.
2804 5035 2883 5046 -
2912 5009 2985 5072 47
3014 4998 3153 5071 πλὴν
3180 4998 3343 5078 μόνου
3373 4999 3646 5079 Προδίκου

2575 3549 2740 3612 Ληρεῖς
2762 3548 2884 3610 ἔχων
2902 3563 2914 3575 ·
2939 3547 3072 3612 γράφ’
3100 3548 3239 3597 αὐτὸν

2264 3633 2311 3668 εν
2338 3618 2599 3683 ἑπεισοδὶῳ·
2628 3621 2804 3683 γελοῖος
2831 3621 2959 3669 ἔσται
2985 3622 3257 3679 Κλεισθένης
3279 3621 3495 3671 κυᾶεὺων

2266 3689 2314 3736 ἐν
2344 3689 2456 3750 τῇδε
2480 3694 2538 3751 τῇ
2566 3689 2761 3746 κάλλους
2786 3689 2932 3752 δαμῇ.

2111 3774 2341 3830 Moneri
2406 3774 2731 3847 Cratinum,
2767 3786 2829 3831 ut
2883 3774 3231 3833 Clisthenem
3282 3774 3344 3832 111
3378 3776 3647 3853 episodio

2111 3858 2398 3917 describat
2436 3873 2494 3918 et
2529 3874 2920 3939 spectatorum
2948 3863 3089 3919 risui
3119 3875 3397 3938 exponat.
3429 3863 3648 3921 Probat

2110 3950 2263 4006 enim
2293 3949 2590 4006 Fritzschii
2619 3951 2955 4008 sententiam
2986 3951 3100 4007 haec
3130 3950 3440 4009 Comoediae
3466 3951 3646 4009 verba

2109 4054 2232 4093 esse
2252 4035 2628 4112 conjicientis.

2193 4125 2339 4197 358,
2374 4146 2434 4182 11
2467 4145 2551 4202 sq.
2581 4124 2699 4191 τοὺς
2721 4122 3065 4206 γὰρ-ἔλεγον
3094 4145 3208 4184 0111.
3234 4130 3302 4187 V.
3331 4162 3396 4175 -
3428 4146 3498 4184 10
3529 4151 3646 4185 πα-

2063 1143 2082 4327 ἫᾞΜ
