3859 5725
360 302 472 355 850

1994 7 2055 44 *x

1485 282 1872 344 scflomA
1919 282 2012 343 IN
2063 280 2446 343 PLUTUM.

355 421 485 502 σμὸς
511 420 598 481 ἐπὶ
625 423 727 480 τῶν
753 419 1037 499 τιμωριῶν.
1077 415 1380 497 Ἀρχίλοχος
1407 413 1463 474 δὲ
1490 413 1606 472 ἀντὶ
1635 417 1727 472 τοῦ
1755 412 1915 479 κακὸς
2008 410 2192 484 ίζησις.
2227 424 2323 471 Dv.
2351 410 2718 492 ἀποχρήσουσι
2741 431 2756 471 :
2782 411 3104 494 Ἀρκέσουσι.
3132 417 3203 477 Θ.
3226 427 3324 477 Do.
3358 417 3585 498 ἀρκετοὶ

353 511 446 571 καὶ
487 509 729 590 ὀλέθριος.
774 504 977 587 εἴρηται
1022 502 1079 564 δὲ
1111 503 1289 586 κύφων
1328 500 1478 583 παρὰ
1517 500 1580 560 τὸ
1606 499 1916 578 ἀναγκάζειν
2001 498 2329 578 γενήσονται.
2357 510 2422 559 Ρ.

352 596 472 665 τοὺς
500 595 739 674 δεσμίους
765 591 965 675 κύφειν,
995 593 1221 670 (διπλῶς
1261 590 1376 668 ἅμα
1414 587 1818 666 κολαζομένους,
1849 590 1917 667 τῆ

2081 606 2182 646 488.
2223 592 2381 645 τοῦτο
2411 585 2727 667 πρέποντες
2760 607 2776 648 :
2811 586 2949 647 Ἀντὶ
2970 593 3064 647 τοῦ
3099 589 3460 659 ἀποθανόντες.
3483 594 3595 652 οὐκ

351 709 412 745 τε
432 690 523 744 τοῦ
551 681 822 764 τραχήλου
851 679 1022 740 πιέσει
1047 679 1140 739 καὶ
1159 682 1235 759 τῷ
1260 679 1520 757 μηδαμῶς
1542 674 1808 734 ἀνανεύειν
1831 672 1920 733 δύ-
2005 673 2089 748 ἂν,
2112 675 2289 756 φησὶν,
2312 675 2662 735 ἀναὸάλοισθε
2694 677 3064 746 ἀποθανόντες·
3100 678 3233 756 (ἀντὶ
3256 685 3348 738 τοῦ
3371 678 3596 760 ταχέως

303 795 329 834 5
354 775 588 850 νασθαι).
709 765 930 835 Ἄλλως.
976 766 1106 836 ξύλα
1153 767 1281 825 εἰσὶν
1314 765 1646 840 ἐπιτιθέμενα
1687 765 1759 830 εἷς
1801 760 1920 828 τοὺς

352 860 591 927 τένοντας
615 862 721 917 τῶν
761 853 1078 927 καταδίκων,
1117 851 1203 912 ἵνα
1245 851 1321 930 μὴ
1364 852 1583 932 εὕρωσιν
1629 849 1917 932 ἀνακύψαι·

358 948 466 1024 (καὶ
488 946 590 1028 γὰρ
612 945 701 1004 τὸν
723 943 1025 1026 κρινόμενον
1049 946 1256 1000 ποιοῦσι
1282 940 1517 1021 κύφειν.)
1541 977 1603 986 -
1624 939 1812 998 ταύτὸν
1841 940 1920 996 εἷ-

355 1043 473 1094 πεῖν
499 1032 614 1092 ἀντὶ
640 1037 732 1091 τοῦ
761 1031 960 1113 ὄργανα
987 1028 1335 1110 τιμωρητικά.
1367 1028 1672 1108 βοηθήσετε.
1704 1040 1765 1086 P.
1795 1026 1920 1103 ἀρή-

357 1120 475 1190 ξατε
503 1141 518 1180 :
562 1119 891 1193 Βοηθήσατε.
934 1131 1033 1179 Dv.
1066 1115 1390 1197 κολαστήρια
1418 1116 1616 1198 ὄργανα
1646 1115 1918 1196 ἀμφότερα

280 1230 331 1270 10
354 1208 422 1274 τὰ
445 1208 693 1288 τύμπανα
716 1206 808 1266 καὶ
830 1210 877 1266 οἱ
898 1206 1147 1288 κύφωνες·
1171 1211 1323 1264 τοῦτο
1345 1203 1402 1263 δὲ
1423 1204 1591 1282 λέγει,
1614 1203 1694 1263 ὅτι
1724 1200 1919 1261 τούτων

358 1296 476 1366 ἀξία
502 1301 536 1369 ἡ
562 1295 749 1356 Πενία.
788 1307 886 1356 DV.
919 1292 1247 1374 κολαστήρια
1271 1292 1470 1373 ὄργανα
1497 1292 1565 1351 τά
1588 1315 1645 1351 τε
1667 1289 1920 1369 τύμπανα

357 1386 447 1444 καὶ
469 1390 516 1444 οἱ
540 1383 786 1465 κύφωνες.
815 1388 970 1441 τοῦτο
998 1380 1055 1441 δὲ
1081 1379 1225 1460 λέγει
1254 1378 1482 1453 δεικνὺς,
1511 1379 1592 1438 ὅτι
1615 1382 1718 1438 τῶν
1745 1377 1918 1437 τοιού-

355 1498 460 1533 των
483 1473 601 1541 ἀξία
626 1469 759 1541 αὐτή
785 1472 945 1531 ἐστιν.
971 1468 1039 1528 τὰ
1063 1468 1118 1528 δὲ
1141 1467 1420 1545 τύμπανα,
1448 1472 1519 1535 ὣς
1542 1466 1640 1545 μέν
1659 1489 1793 1533 τινες
1818 1488 1922 1547 φα-

358 1561 461 1635 σὶν,
501 1560 658 1633 ξύλα,
696 1559 760 1618 δι’
792 1550 865 1619 ὧν
901 1556 1019 1625 τοὺς
1049 1556 1360 1623 καταδίκους
1388 1555 1623 1616 ἔτυπτον.
1658 1553 1837 1636 κύφων
1866 1553 1922 1612 δέ

282 1665 331 1703 15
355 1652 467 1708 ἐστι
496 1648 644 1718 ξύλον
671 1645 851 1724 ὅμοιον
885 1650 1050 1727 ζυγῷ,
1079 1643 1138 1704 ὃν
1164 1644 1390 1703 τιθέασιν
1417 1643 1557 1703 κατὰ
1584 1646 1689 1702 τῶν
1710 1641 1919 1722 τραχή-

355 1741 463 1798 λων
497 1741 599 1796 τῶν
630 1732 1007 1811 δικαζομένων,
1030 1732 1247 1792 κύπτειν
1270 1730 1457 1799 αὐτοὺς
1482 1730 1919 1812 παρασκευάζων,

353 1824 442 1885 ἵνα
471 1825 665 1891 διπλῶς
700 1820 890 1888 αὐτοὺς
915 1820 1142 1900 κολάζῃ,
1172 1818 1264 1879 καὶ
1305 1818 1382 1899 μὴ
1424 1822 1522 1878 ἐῶν
1564 1817 1752 1886 αὐτοὺς
1786 1819 1922 1876 ἀνα-

356 1912 520 1973 νεύειν
549 1912 656 1972 οὐδ’
683 1910 837 1977 ὅλως.
865 1921 926 1969 Ρ.

435 2030 532 2070 477.
575 2010 633 2067 οὐ
663 2004 852 2088 πρέπει
879 2005 1201 2064 δεινοπαθεῖν
1230 2002 1321 2063 καὶ
1347 2003 1680 2086 κραυγάζειν,
1706 2000 1831 2083 πρὶν
1856 1999 1921 2059 ἂν

277 2116 331 2156 90
356 2096 630 2177 γνωρίσῃς.
656 2107 721 2155 P.

434 2219 534 2259 478.
582 2202 707 2279 βοᾷν
733 2216 749 2257 z
775 2195 1020 2277 Κράζειν.
1047 2193 1154 2268 ἰοὺ,
1179 2192 1259 2254 ἰοὺ
1285 2214 1300 2255 :
1331 2193 1642 2276 Ἐπίρρημα
1671 2200 1923 2277 θρηνητι-

356 2286 466 2346 κόν.
494 2299 556 2345 Ρ.

434 2401 533 2442 480.
575 2380 628 2439 τί
664 2377 799 2451 δῆτά
838 2400 919 2436 σοι
949 2376 1203 2455 τίμημαε
1248 2375 1582 2440 Ἐπέὸαλλον
1617 2376 1718 2457 γὰρ
1761 2377 1922 2437 ἐνίοτε

357 2469 550 2547 ζημίαν
569 2469 676 2534 τοῖς
694 2467 907 2525 ἁλοῦσιν
926 2462 1231 2544 ἢχρήματα
1254 2464 1599 2537 καταθέσθαι,
1618 2466 1654 2538 ἤ
1679 2489 1729 2523 τι
1750 2472 1920 2525 τοιοῦ-

279 2574 333 2613 25
355 2581 464 2618 τον.
499 2559 594 2636 (τῇ
622 2553 739 2634 δίκῃ
765 2549 848 2623 δὲ,
871 2556 938 2631 τῇ
973 2550 1258 2632 τιμωρία.)
1284 2581 1347 2591 -
1374 2551 1563 2629 τίμημ’
1598 2572 1613 2612 2
1661 2543 1814 2620 Εἶδος
1842 2576 1922 2611 τι-

359 2643 579 2725 μωρίας.
608 2642 681 2701 Θ.
711 2653 809 2700 Dv.
840 2649 909 2699 P.
934 2638 1123 2716 τίμημ’
1149 2639 1424 2720 ἐπιγράψω
1454 2658 1470 2697 t
1503 2639 1781 2720 Πρόστιμα
1806 2642 1924 2698 ἐπι-

357 2734 433 2790 θῶ
455 2735 521 2809 τῇ
543 2727 733 2810 κρίσει.
756 2738 820 2786 Ρ.
841 2730 910 2806 τῇ
936 2725 1056 2805 δίκῃ
1085 2745 1100 2786 :
1126 2729 1212 2807 Τῇ
1236 2724 1546 2808 ὀφειλομένη
1571 2726 1654 2785 σοὶ
1670 2727 1919 2809 τιμωρίᾳ.

356 2821 429 2881 Θ.
457 2830 554 2878 Dv.

438 2914 534 2997 [τῇ
573 2911 690 2990 δίκῃ
731 2933 746 2972 :
778 2907 983 2989 Ἦγουν
1008 2914 1075 2989 τῇ
1103 2909 1271 2988 κρίσει
1314 2908 1445 2990 ἢτῇ
1487 2909 1796 2991 ὀφειλομένη
1839 2935 1923 2971 σοι

278 3028 334 3068 80
356 3001 586 3084 τιμωρία
606 3025 619 3039 ·
650 3000 830 3079 ἤγουν,
868 2997 1052 3069 ἐπειδὴ
1077 2998 1409 3080 ὀφειλόμενόν
1435 3000 1545 3057 ἐστι
1570 2999 1721 3071 δίκην
1744 3000 1923 3060 δοῦναί

357 3113 450 3165 σε,
493 3087 585 3147 ἐὰν
624 3090 883 3165 ἡττηθῇς,
918 3084 1036 3143 τίνα
1068 3083 1286 3144 κόλασιν
1322 3083 1576 3165 ὑπόσχῃς.
1617 3086 1727 3154 ἔθος
1759 3086 1815 3146 δὲ
1858 3082 1922 3160 ἦν
1959 3071 1968 3177 Ι

355 3179 523 3237 πάλαι
552 3183 657 3241 τοῖς
692 3172 1043 3250 δικαζομένοις
1076 3170 1292 3254 γράφειν
1320 3172 1425 3253 πρὸ
1458 3179 1551 3245 τῆς
1573 3173 1818 3254 κρίσεως,
1853 3179 1924 3244 ὡς

355 3264 612 3343 τιμωρίαν
634 3261 875 3333 ἡττηθεὶς
896 3260 1009 3333 δοίη
1023 3306 1038 3333 ,
1063 3253 1178 3319 εἶτα
1203 3259 1258 3319 δὲ
1278 3260 1607 3342 ἐπιγράφειν,
1631 3262 1917 3341 τουτέστιν,

359 3353 449 3414 ἐπὶ
487 3355 554 3431 τῇ
603 3349 833 3430 προτέρα
877 3353 1053 3429 γραφῇ
1098 3348 1192 3407 καὶ
1239 3355 1394 3408 τοῦτο
1440 3348 1677 3431 γράφειν,
1718 3355 1788 3417 ὣς
1830 3351 1922 3410 καὶ

278 3464 333 3503 ³5
359 3437 562 3500 τοιάνδε
584 3436 861 3517 τιμωρίαν,
890 3435 926 3507 ἢ
958 3435 1073 3515 βίου
1095 3435 1253 3515 τυχὸν
1284 3433 1578 3516 ἀφαίρεσιν,
1606 3435 1641 3507 ἢ
1666 3441 1916 3519 κεφαλῆς.

358 3537 497 3586 sunt.

438 3524 537 3672 ⁴83.
579 3612 721 3691 ἁλῷς
744 3630 766 3670 .·
794 3612 1096 3690 Κρατηθῇς.
1129 3621 1223 3670 Dv.

437 3729 534 3769 489.
575 3706 636 3767 τὸ
674 3704 777 3789 γὰρ
816 3705 975 3783 αὐτὸ,
1013 3705 1105 3764 ἐὰν
1139 3710 1367 3776 ἡττᾶσθε
1412 3727 1427 3768 :
1474 3706 1633 3786 (Ἀντὶ
1671 3714 1791 3782 τοῦ,
1826 3710 1923 3783 τὴν

360 3796 523 3868 αὐτὴν
547 3794 787 3872 ζημίαν)
818 3799 971 3852 τοῦτο
995 3792 1050 3853 δὲ
1083 3792 1219 3852 θέλει
1251 3797 1431 3866 εἰπεῖν,
1465 3794 1544 3854 ὅτι
1564 3796 1691 3876 ὅπερ
1715 3796 1924 3877 δρίσητε

280 3904 334 3944 40
360 3884 667 3966 πρόστιμον,
699 3880 788 3940 ἐὰν
825 3884 1063 3954 ἡττηθῶ,
1089 3886 1244 3940 τοῦτο
1269 3882 1499 3962 ὁριστέον
1523 3886 1669 3961 ὑμῶν
1691 3885 1925 3963 ἡττημέ-

361 3972 549 4051 μένων.
670 3965 889 4035 Ἄλλως.
928 3966 1210 4048 τιμωρίαν·
1242 3969 1433 4028 εἴθιστο
1462 3967 1565 4050 γὰρ
1606 3969 1667 4030 τὸ
1705 3976 1798 4043 τῆς
1827 3973 1923 4045 ἥτ-

358 4084 452 4133 της
484 4059 589 4132 ἤδη
620 4056 711 4116 καὶ
737 4054 1026 4138 πρόστιμον
1070 4054 1366 4136 ὁριζόμενον
1399 4055 1502 4115 ὑπὸ
1534 4060 1639 4116 τῶν
1677 4061 1923 4138 κρινομέ-

359 4172 480 4207 νων.
506 4187 573 4195 -
599 4145 659 4205 τὸ
690 4143 792 4225 γὰρ
828 4143 955 4203 αὑτὸ
995 4162 1010 4203 :
1053 4143 1302 4223 Τίμημα.
1341 4148 1568 4216 ἡττᾶσθε
1610 4165 1626 4206 :
1671 4148 1922 4208 Νικᾶσθε.

361 4233 477 4318 σφῲ
503 4256 518 4296 :
547 4233 741 4310 Ὓμᾶς.
770 4243 835 4291 Ρ.

282 4352 338 4391 45
438 4350 537 4390 483.
582 4326 789 4398 ἱκανοὺς
814 4325 1039 4406 νομίζεις
1070 4348 1084 4388 :
1116 4325 1251 4387 Ἀντὶ
1281 4332 1369 4387 τοῦ
1402 4329 1712 4408 ἀρκοῦντας·
1745 4334 1800 4406 (ὁ
1821 4329 1921 4413 γὰρ

360 4416 574 4489 ίκάνων,
597 4415 630 4475 ὅ
660 4419 771 4475 ἐστι
792 4415 1207 4496 παραγινόμενος
1222 4460 1239 4492 ,
1263 4415 1457 4498 ἤρκεσε
1477 4415 1606 4497 πρὸς
1635 4416 1729 4489 τὴν
1755 4418 1918 4497 ὁδόν.)

360 4538 443 4550 -
466 4502 674 4571 ἱκανοὺς
717 4522 733 4563 z
771 4500 1058 4584 Ἀρκετούς.
1100 4515 1201 4562 Dv.
1232 4503 1456 4581 νομίζεις
1494 4523 1509 4564 :
1548 4495 1623 4566 Ὦ
1657 4506 1922 4585 Χρεμύλε.

366 4603 460 4651 Dv.
496 4601 559 4649 P.

441 4715 540 4756 484.
583 4693 945 4777 ἀποχρήσουσι
969 4712 983 4753 :
1019 4692 1249 4775 Ἀπόχρη
1276 4694 1366 4754 ἐπὶ
1395 4697 1672 4762 ἐνεστῶτος
1695 4693 1812 4754 ἀντὶ
1834 4701 1924 4754 τοῦ

284 4815 337 4855 ω
367 4783 585 4864 ἀρκετόν
617 4785 753 4855 ἐστι,
785 4782 876 4842 καὶ
907 4784 1198 4862 ἀποχρῶσα
1236 4779 1354 4853 δίκη
1385 4782 1481 4840 ’ἐπὶ
1511 4783 1770 4860 θηλυκοῦ,
1810 4783 1926 4841 ἀντὶ

364 4876 460 4930 τοῦ
496 4868 691 4951 ἀρκετὴ
729 4867 987 4951 ὑπάρχει,
1023 4869 1116 4927 καὶ
1159 4868 1248 4928 ἐπὶ
1285 4867 1564 4946 μέλλοντος
1603 4869 1925 4949 ἀποχρήσει,

367 4957 486 5017 ἀντὶ
509 4963 595 5017 τοῦ
635 4956 852 5037 ἀρκετὸν
885 4956 1180 5036 γενήσεται.
1210 4967 1343 5014 Junt.
1366 4956 1533 5037 ταύτῃ
1565 4980 1626 5036 γε
1655 4978 1670 5019 z
1706 4957 1835 5038 Ἤγ.
1860 4964 1926 5041 τῇ

367 5042 529 5107 Πενία
550 5045 718 5120 νομίζ.
735 5043 945 5111 ἱκανοὺς
960 5050 1073 5105 θαν.
1096 5045 1280 5107 εἴκοσι.
1309 5057 1374 5106 Ρ.
1397 5049 1519 5105 νῶῖν
1541 5068 1556 5108 :
1583 5047 1770 5125 Ἡμῖν·
1797 5070 1924 5108 συν-

2006 762 2316 831 ἀπελθόντες
2351 764 2717 836 τελευτήσατε.
2759 767 2804 824 εἷ
2839 763 2941 847 γὰρ
2981 765 3250 840 νικήσετε,
3286 766 3466 826 οὐκέτι
3500 769 3593 827 δί-
3626 786 3657 825 8

2002 848 2153 909 καιόν
2188 852 2349 911 ἐστιν.
2472 849 2693 919 Ἄλλως.
2729 853 2825 911 οὐκ
2863 850 2928 910 ἂν
2966 854 3060 930 μὲ,
3107 854 3265 935 φησὶ,
3308 855 3589 927 νικήσετε·

2005 936 2095 997 ἐὰν
2129 936 2187 997 δέ
2210 960 2272 1016 γε
2311 936 2590 1012 νικήσητε,
2623 940 2724 1019 οὐχ
2754 938 2982 1018 ὑπάρχει
3022 939 3262 1019 δίκαιον.)
3287 975 3356 982 -
3380 946 3478 1002 οὐκ
3517 943 3591 1003 ἂν

2005 1031 2088 1107 φθ.
2112 1045 2127 1086 :
2151 1024 2291 1085 Ἀντὶ
2309 1031 2400 1084 τοῦ
2422 1026 2628 1106 ταχέως
2647 1033 2802 1088 τοῦτο
2819 1027 3057 1089 πάθοιτε.
3079 1041 3143 1089 Ρ.
3166 1035 3321 1089 τοῦτο
3342 1032 3586 1090 διπλοῦν.

2004 1112 2039 1185 ἢ
2089 1112 2295 1194 ταχέως
2356 1114 2600 1174 πείσεσθε
2665 1121 2817 1175 τοῦτο
2829 1148 2850 1189 ,·
2901 1116 3237 1189 ἡττηθέντες·
3290 1115 3326 1188 ἢ
3371 1118 3589 1199 ταχέως

2003 1202 2251 1273 ποιήσετε
2272 1208 2426 1261 τοῦτο
2449 1202 2576 1284 πρός
2615 1227 2683 1281 με
2715 1205 3053 1276 ἡττηθεῖσαν.
3091 1204 3309 1287 πράττω
3340 1205 3444 1288 γὰρ
3482 1207 3583 1266 καὶ
3619 1224 3673 1264 ιο

2004 1287 2065 1347 τὸ
2088 1293 2225 1348 ποιῶ
2242 1288 2414 1349 καὶτὸ
2436 1288 2652 1369 πάσχω.
2678 1304 2806 1364 Dv.‚
2830 1303 2928 1352 ΒΥ.

2084 1395 2183 1436 488.
2228 1378 2491 1435 ἀντειπεῖν
2520 1397 2535 1437 :
2567 1377 3014 1457 Ἐναντιωθῆναι,
3039 1379 3194 1452 ἡνίκα
3222 1386 3445 1462 ἡττηθῇ.
3474 1400 3541 1448 Ρ.

2084 1484 2181 1525 487.
2224 1464 2342 1523 ἀλλ’
2369 1465 2470 1536 ἤδη
2496 1469 2634 1546 χρῆν
2657 1488 2710 1523 τι
2735 1464 2904 1544 λέγειν
2934 1488 2948 1527 :
2975 1466 3308 1545 (Κομμάτιόν
3337 1471 3450 1527 ἐστι
3487 1466 3588 1528 δύο

2007 1549 2203 1630 στίχων
2230 1549 2266 1620 ἢ
2288 1553 2463 1631 τριῶν·
2489 1551 2736 1611 οὐδέποτε
2766 1552 2821 1611 δὲ
2850 1554 3168 1635 ὑπερὸάλλει
3194 1555 3285 1613 τὸν
3309 1557 3584 1635 τέταρτον.

2004 1636 2066 1696 τὸ
2101 1636 2156 1695 δὲ
2202 1637 2350 1714 ἑξῆς,
2380 1636 2483 1719 χρὴ
2512 1638 2681 1717 λέγειν
2710 1642 2849 1717 ὑμᾶς
2879 1642 3285 1721 ἀντιλέγοντας.)
3310 1678 3389 1688 -
3436 1642 3579 1703 Ἀλ-
3613 1660 3666 1699 1⁵

2005 1727 2126 1793 λως.
2151 1725 2470 1807 παράὸασις·
2490 1730 2520 1785 δ
2536 1726 2638 1807 γὰρ
2660 1726 2879 1799 ποιητὴς
2899 1730 3039 1788 δοκεῖ
3060 1729 3120 1789 τὸ
3142 1729 3355 1807 σκέμμα
3371 1731 3585 1809 γυμνά-

2006 1816 2129 1882 ζειν.
2161 1823 2222 1873 V.
2252 1812 2313 1871 τὸ
2344 1812 2439 1891 (δὲ)
2468 1811 2657 1894 μέτρον
2678 1815 3056 1875 ἀναπαιστικὸν
3084 1817 3433 1902 τετράμετρον
3469 1821 3587 1895 (κα·

2006 1901 2321 1972 ταληκτικὸν
2369 1904 2442 1968 εἰς
2490 1901 2807 1983 συλλαὸήν).
2862 1902 3073 1983 δέχεται
3114 1902 3170 1963 δὲ
3226 1906 3583 1980 ἀνάπαιστον,

2007 1990 2279 2047 σπονδεῖον
2321 1988 2415 2048 καὶ
2461 1989 2715 2049 δάκτυλον
2768 1990 2943 2073 [παρὰ
2991 2000 3099 2059 τοῖς
3154 1993 3585 2071 δραματοποιοῖς·

2009 2073 2240 2144 σπανίως
2260 2075 2315 2135 δὲ
2338 2076 2429 2136 καὶ
2452 2078 2982 2158 προκελευσματικόν.
3102 2075 3319 2147 Ἄλλως.
3336 2081 3454 2140 ἀλλ’
3471 2082 3581 2154 ἤδη
3617 2095 3676 2135 ²⁰

2006 2165 2144 2243 χρῆν
2169 2186 2222 2222 τι
2245 2162 2414 2242 λέγειν
2450 2185 2465 2224 t
2502 2163 2741 2232 Είσθεσις
2763 2168 2952 2236 διπλῆς
2986 2166 3273 2244 ἀμοιὸαίας
3301 2170 3360 2227 ἐκ
3382 2168 3588 2249 στίχων

2010 2251 2404 2310 ἀναπαιστικῶν
2440 2251 2807 2334 τετραμέτρων
2845 2256 3268 2330 καταληκτικῶν,
3294 2246 3367 2315 ὧν
3394 2258 3587 2316 τελευ-

2007 2360 2154 2405 ταιος

2109 2468 2218 2526 τοὺς
2235 2469 2285 2518 δὲ
2302 2470 2503 2528 πένητας
2520 2475 2615 2520 τῶν
2634 2470 2821 2535 ἄνθρωπ’
2822 2489 2889 2521 ων
2912 2471 3145 2539 ἁρπάζειν,
3162 2474 3269 2537 πρὶν
3290 2475 3582 2525 καταθεῖναι.

2008 2591 2249 2649 καλεῖται
2277 2591 2332 2650 δὲ
2366 2597 2519 2651 τοῦτο
2542 2591 2603 2651 τὸ
2631 2591 2821 2673 μέτρον
2850 2592 3264 2676 Ἀριστοφάνειον
3294 2595 3381 2655 διὰ
3407 2596 3586 2658 τὸκα-
3613 2619 3670 2658 ²⁵

2008 2678 2243 2757 τακόρως
2288 2680 2444 2739 αὐτὸν
2481 2679 2653 2762 τούτῳ
2687 2680 3023 2762 χρήσασθαι,
3066 2685 3125 2741 οὐ
3160 2681 3266 2761 μὴν
3305 2686 3584 2766 εὑρηκέναι

2007 2769 2230 2846 πρῶτον·
2251 2767 2366 2826 ἐπεὶ
2389 2766 2482 2826 καὶ
2515 2766 2663 2848 παρὰ
2704 2768 2956 2848 Κρατίνῳ
2989 2770 3082 2828 καὶ
3106 2771 3209 2852 πρὸ
3241 2771 3426 2831 τούτου
3453 2775 3583 2856 παρ’

2010 2853 2335 2937 Ἐπιχάρμῳ
2355 2855 2444 2914 καὶ
2468 2855 2800 2937 Ἀριστοξένῳ
2826 2860 2905 2938 τῷ
2934 2858 3279 2940 Σελινουντίῳ
3308 2859 3585 2943 Ἐπιχάρ-

2010 2965 2111 3020 μου
2137 2943 2479 3025 πρεσὸυτέρῳ
2493 2989 2510 3015 ,
2530 2948 2600 3012 ὣς
2622 2943 2948 3026 Ἡφαιστίων
2970 2946 3134 3027 φησὶ,
3163 2948 3334 3030 τούτῳ
3355 2930 3477 3009 τινά
3503 2954 3584 3033 τῷ

2010 3029 2188 3111 μέτρῳ
2218 3031 2601 3109 μνημονεύεται
2629 3032 2989 3114 γεγραμμένα.
3030 3034 3120 3093 ἐπὶ
3158 3037 3272 3103 ταῖς
3300 3036 3583 3098 ἀποθέσεσι
3611 3063 3671 3105 ³⁰

2008 3121 2111 3177 τῶν
2153 3118 2505 3197 συστημάτων
2547 3119 2916 3201 παράγραφος,
2963 3121 3051 3180 ἐπὶ
3098 3122 3153 3182 δὲ
3190 3127 3266 3204 τῷ
3299 3123 3439 3184 τέλει
3476 3131 3584 3187 τῶν

2008 3203 2205 3286 στίχων
2235 3208 2393 3278 διπλῆ
2419 3205 2518 3274 ἔξω
2541 3206 2859 3288 νενευκυῖα]
2887 3243 2967 3252 -
2993 3200 3038 3289 ᾧ
3064 3229 3079 3269 t
3110 3210 3192 3270 Δι’
3222 3204 3297 3270 οὗ.
3331 3224 3392 3271 Ρ.

2085 3312 2185 3355 488.
2236 3293 2474 3372 μαλακὸν
2525 3295 2572 3353 δ’
2626 3292 2873 3354 ἐνδώσετε
2921 3295 3086 3373 μηδέν
3117 3317 3131 3358 t
3189 3297 3468 3380 Ἡρόδοτος
3528 3304 3584 3361 ἰν

2006 3380 2216 3462 Θαλείᾳ
2246 3382 2434 3461 [8,108]
2466 3409 2489 3433 α
2517 3380 2612 3449 τὰς
2639 3382 2695 3440 δὲ
2720 3382 2910 3454 θηλέας
2941 3386 3482 3464 ἀναμιμνησκομένας
3508 3380 3582 3448 ὧν

2009 3464 2188 3527 ἔλιπον
2217 3468 2408 3528 τέκνων
2440 3468 2695 3528 ἰνδιδόναι
2718 3469 2960 3547 μαλακὸν
2987 3472 3156 3532 οὐδέν.
3187 3499 3213 3524 υ
3243 3485 3383 3536 Junt.
3406 3476 3582 3537 τοῖσιτ
3610 3504 3670 3546 ²5

2008 3553 2337 3636 ‘Hy-edpotc.
2366 3556 2715 3635 ἀντιλέγοντες
2746 3577 2760 3617 :
2798 3557 3247 3637 Ἐναντιούμενοι.
3282 3563 3522 3639 μαλακὸν
3566 3586 3583 3626 :

2010 3644 2234 3703 Χαῦνον.
2261 3642 2511 3704 ἐνδώσετε
2530 3664 2544 3704 :
2563 3643 2992 3725 Ὑποχαλάσατε.
3011 3648 3084 3708 Θ.
3109 3658 3172 3705 Ρ.
3197 3651 3585 3728 ὑποχαλάσετε.

2010 3744 2109 3791 Dv.
2143 3728 2259 3788 ἀντὶ
2294 3736 2387 3789 τοῦ
2415 3729 2490 3808 μὴ
2517 3732 2877 3809 μαλακισθῆτε
2901 3737 2970 3813 τῇ
3004 3733 3191 3815 Πενίᾳ.
3215 3735 3287 3794 Θ.

2088 3837 2189 3877 489.
2238 3817 2461 3899 φανερὸν
2493 3838 2508 3879 z
2552 3817 2934 3897 Ἔγνωσμένον.
2965 3831 3029 3879 Ρ.
3068 3820 3259 3899 ὁμοίως
3285 3842 3302 3882 t
3328 3820 3583 3891 Ἐπίσως.

2020 3906 2144 3954 Vict-

2089 3994 2185 4033 490.
2232 3964 2290 4032 εὗ
2317 3973 2568 4053 πράττειν
2596 3995 2611 4035 :
2643 3977 2924 4053 Εὖτυχεῖν.
2953 3988 3017 4037 Ρ.
3049 3979 3285 4057 εὐτυχεῖν
3321 3978 3434 4037 ἐστι
3464 3978 3586 4046 τοὺς

2010 4060 2256 4128 δικαίους·
2286 4061 2605 4141 δυστυχοῦσι
2630 4059 2706 4121 δέ.
2736 4072 2798 4119 V.

2089 4168 2187 4209 491.
2231 4146 2487 4228 πονηροὺς
2511 4168 2525 4208 t
2547 4145 2764 4215 Κακοὺς
2791 4148 2884 4207 καὶ
2914 4150 3142 4218 ἀσεὸεῖς.
3172 4150 3369 4211 τούτων
3410 4173 3425 4213 :
3458 4155 3586 4213 Τῶν

2008 4238 2278 4318 χρηστῶν.
2313 4234 2482 4306 δήπου
2506 4254 2520 4295 :
2548 4233 2702 4295 Ἐστὶ
2726 4234 2924 4296 δίκαιον
2965 4238 3236 4317 πράττειν,
3259 4239 3417 4317 ἤγουν
3453 4239 3587 4298 δυσ-

2008 4330 2246 4405 πραγεῖν.
2290 4334 2352 4381 Ρ.
2393 4322 2515 4402 περὶ
2547 4324 2742 4402 σχολῆς
2778 4323 2871 4383 καὶ
2913 4325 3116 4406 ἀργίας·
3153 4325 3289 4386 ὥστε
3330 4331 3365 4398 ἡ
3409 4327 3582 4407 σχολὴ
3614 4363 3671 4405 ⁴5

2009 4410 2209 4491 μόχθου
2233 4409 2520 4481 δηλωτική.
2549 4422 2614 4469 V.

2088 4516 2188 4556 ⁴92.
2231 4501 2370 4557 τοῦτ’
2395 4491 2484 4556 οῦν
2518 4518 2532 4557 t
2566 4499 2617 4557 Τ
2619 4495 2648 4555 ὸ
2688 4498 2932 4557 πλουτεῖν
2977 4496 3073 4576 μὲν
3123 4499 3242 4567 τοὺς
3289 4499 3587 4582 χρηστοὺς,

2009 4586 2283 4664 δυστυχεῖν
2308 4583 2362 4644 δὲ
2388 4583 2507 4652 τοὺς
2535 4581 2747 4652 κακούς.
2779 4596 2844 4645 P.
2879 4588 3250 4665 ἐπιθυμοῦντες
3292 4609 3306 4648 2
3346 4590 3588 4661 Ποιῆσαι

2010 4673 2267 4745 δηλονότι.
2316 4685 2443 4734 νισι.

2091 4780 2185 4821 493.
2233 4758 2478 4840 βούλημα
2500 4758 2662 4820 καλὸν
2688 4779 2705 4821 2
2748 4760 3029 4839 Βούλευμα
3048 4762 3154 4840 μὲν
3189 4761 3250 4822 τὸ
3278 4763 3425 4835 ἴδιον,
3458 4762 3589 4843 βού-
3617 4811 3672 4851 a,

2011 4851 2159 4926 λημα
2187 4848 2241 4908 δὲ
2268 4854 2359 4908 τοῦ
2393 4847 2645 4927 δημοσίου
2683 4852 2717 4920 ἡ
2745 4848 2951 4927 γνώμη.
2988 4850 3190 4933 [καίτοι
3227 4854 3282 4910 ἐν
3327 4855 3436 4918 τοῖς
3471 4874 3591 4911 πα·-

2010 4937 2171 5005 λοιοῖς
2185 4939 2292 4996 τῶν
2321 4935 2653 5019 Σοφοκλείων
2678 4938 2777 5016 [Aj.
2798 4938 2876 5016 44]
2893 4937 3226 5020 ἀντιγράφων

3612 3923 3668 3963 40

2201 5067 2234 5129 ἦ
2251 5069 2332 5117 καὶ
2349 5069 2405 5119 τὸ
2424 5069 2618 5133 βούλημ’
2638 5074 2701 5129 ὡς
2720 5073 2792 5122 ἐπ’
2813 5070 3024 5135 Ἀργείοις
3039 5070 3135 5121 τόδ’
3154 5070 3229 5133 ἦν,
