3859 5725
1710 242 1946 304 PAGIS.

1541 369 1639 448 μία
1677 372 1782 430 τῶν
1886 391 2042 450 ροντι.
2062 407 2123 421 -
2152 392 2174 428 1
2192 391 2215 427 1
2241 370 2558 429 Scholiasta
2584 371 2720 448 legit
2737 367 2861 449 θέλῃ
2880 393 2938 429 τε
2960 373 3033 450 χή
3060 346 3290 451 τῦχη.-
3321 396 3386 433 12

351 375 487 451 890,
518 371 592 434 35
620 371 934 434 Ἐππελεῖν.
966 369 1081 432 ἔστι
1121 370 1177 430 δὲ
1218 370 1495 454 ἀνάρρυσις

277 459 645 539 Ἀπατουρίων.
674 460 822 542 παρὰ
851 458 906 517 δὲ
934 459 995 518 τὸ
1029 458 1192 540 αἴρειν
1224 457 1292 517 τὰ
1318 457 1481 530 σκέλη
1507 456 1702 526 ἔπαιξε.
1725 455 1787 515 τὸ

278 545 466 605 αἰδοῖον
496 546 550 605 δὲ
581 541 837 605 δείκνυσιν
870 548 1045 617 αὐτῆς.
1077 543 1264 610 ἄλλως.
1285 544 1564 624 ἀνάρρυσις
1592 544 1690 622 μία
1714 549 1784 602 V.

280 633 574 715 Ἀνοίρρυσις
600 633 753 715 κυρία
777 633 905 692 Ald.
935 646 994 690 et
1012 631 1220 690 Suidas
1252 652 1296 689 s.
1323 628 1610 712 Ἀναρρῦει.
1627 675 1691 689 .-
1711 631 1782 700 37

279 717 549 802 ἀναρρύειν
606 719 829 779 suidas,
890 718 1216 795 Legebatm·
1263 717 1589 798 ἀναρρύσειν.
1613 754 1676 766 -
1714 726 1787 785 42

279 807 639 867 scribebatur
658 804 896 871 Ξάνθιος.
912 839 974 854 -
994 814 1066 872 44
1100 803 1366 871 Μέλανθος
1395 805 1572 863 schol.
1594 804 1786 881 Equit.

228 905 235 914 “
280 932 336 947 ·-
362 894 435 964 45
464 893 536 953 ὢν
571 892 662 952 καὶ
687 914 803 953 om.
829 898 894 951 V.
920 893 1075 964 -47
1104 891 1295 972 χωρίον
1324 891 1413 950 ἐπὶ
1438 895 1513 974 τῷ
1542 915 1684 968 μον.,
1716 906 1789 966 49
1850 943 1855 948 .

280 981 447 1063 φήσας
496 980 878 1060 διαμάχεσθαι,
930 979 1003 1037 5ο
1049 977 1363 1056 θεασάμενος
1395 983 1466 1034 V.
1508 976 1791 1035 θεάσασθαι

280 1076 479 1141 G.-7
503 1073 532 1127 ὁ
558 1065 661 1149 γὰρ
690 1074 835 1125 V.-
859 1069 893 1125 8
919 1065 1005 1126 τὸν
1034 1086 1147 1125 om.
1177 1070 1244 1123 V.
1268 1102 1325 1115 —
1357 1086 1424 1122 ιο
1460 1062 1549 1123 καί
1578 1084 1691 1121 om.
1719 1067 1787 1120 R.

281 1157 392 1231 Qui
435 1170 567 1234 post
612 1158 855 1214 Βοιωτῶν
901 1154 1079 1213 habet
1119 1149 1265 1235 παρὰ
1312 1150 1368 1210 δὲ
1406 1149 1467 1210 τὸ
1521 1151 1685 1231 αἴρειν
1726 1148 1790 1209 τὰ

281 1239 444 1316 σκέλη
480 1239 684 1310 ἔπαιξεν
721 1240 784 1300 τὸ
825 1240 1018 1299 αἰδοῖον
1047 1238 1244 1307 δεικνὺς
1270 1241 1447 1308 αὐτῆς.
1480 1239 1529 1317 γ’
1560 1235 1618 1297 δὲ
1653 1230 1788 1309 ἦσαν

279 1327 476 1410 ἡμέραι
514 1330 619 1386 τῶν
660 1325 1029 1408 Ἀπατουρίων,
1065 1324 1279 1407 δόρπεια
1317 1328 1593 1407 κουρεῶτις
1630 1325 1792 1404 ἀνάρ-

313 1438 437 1482 υσις.

281 1439 310 1496 ρ
358 1504 497 1579 893,
529 1504 600 1559 23
642 1504 913 1561 ὀπτανεῖον
946 1505 1008 1558 V.
1048 1499 1180 1558 Διά.
1224 1499 1463 1558 λοίσσανα
1505 1501 1571 1559 V.
1606 1529 1671 1550 -ι
1714 1506 1788 1566 24

282 1593 449 1649 αὐτῶν
473 1578 561 1649 R.²

358 1698 475 1759 90⁰
502 1674 644 1759 Πρὸς
664 1673 759 1746 τὴν
793 1681 865 1734 V.

356 1789 495 1844 901,
525 1771 600 1843 39
621 1758 846 1838 σώματα
875 1756 1213 1842 περικείμενα
1247 1757 1488 1831 ἀλλήλων
1527 1759 1676 1840 cipp„
1717 1768 1793 1828 4ο

279 1855 459 1938 ἄγεται
486 1856 613 1912 Ald.

358 1963 494 2019 907,
524 1962 556 1998 2
580 1940 822 1998 alterum
844 1931 901 1992 δὲ
931 1954 1046 1991 om.
1078 1937 1224 1994 V.-
1247 1933 1280 1990 5
1310 1935 1470 2013 βουλῇ
1495 1932 1583 1991 καὶ
1609 1932 1685 2011 μὴ
1713 1935 1789 1992 82-

280 2030 520 2090 δωκότων
552 2031 725 2095 αὐτοῖς
744 2036 852 2093 τοῖς
879 2018 1157 2098 δεομένοις,
1184 2023 1220 2078 6
1249 2018 1340 2087 τὰς
1356 2030 1534 2101 χεῖρας
1557 2023 1681 2086 ΔΜ.
1705 2020 1791 2087 ἐπὶ

278 2117 339 2176 τὸ
366 2124 432 2176 R.
450 2155 513 2166 —
534 2118 569 2174 8
598 2113 653 2173 δὲ
679 2136 792 2173 om.
817 2120 887 2173 V.
913 2109 1291 2172 scribendum
1321 2107 1449 2189 πρὸς
1472 2105 1532 2166 τὸ
1551 2114 1694 2193 ἔχειν
1720 2134 1792 2173 ex

280 2205 499 2264 scholio
528 2223 582 2260 v,
613 2205 746 2278 908.
775 2207 952 2260 Dum.

359 2291 496 2367 908,
529 2310 549 2346 ι
567 2309 590 2344 1
626 2283 842 2355 Ἄλλως.
869 2283 1003 2345 ἀλλὰ
1031 2292 1164 2345 Β.-
1196 2307 1262 2343 12
1284 2290 1372 2346 ὑπ.
1406 2287 1617 2363 ἑτοίμην
1640 2295 1793 2368 χεῖρα

278 2383 346 2437 V.
381 2376 512 2436 Ald.
545 2380 680 2435 Post
715 2377 907 2453 λῆμμα
947 2375 1138 2452 pergit
1163 2380 1231 2433 R.
1271 2372 1502 2433 σκώπτει
1528 2373 1583 2433 δὲ
1609 2373 1794 2443 αὐτοὺς

278 2468 350 2531 ὥς
377 2461 596 2534 ἥττονας
622 2460 994 2540 λήμματος.-
1022 2462 1092 2518 18
1120 2461 1240 2542 περὶ
1264 2464 1369 2520 τῶν
1407 2460 1664 2539 δεομένων
1687 2467 1792 2536 V.‚

280 2574 395 2613 om.
419 2550 551 2609 Ald.

358 2660 495 2717 909,
521 2641 597 2696 28
621 2636 919 2716 legebatur
939 2637 1237 2714 ἐμπολῖται.

360 2729 494 2804 923,
528 2736 602 2796 42
629 2725 844 2807 ὄσπριον
872 2729 967 2796 V.‚
988 2745 1106 2783 non
1133 2730 1281 2783 G...
1303 2726 1375 2794 43
1399 2723 1547 2806 ἥψων
1568 2730 1637 2783 V.
1664 2723 1793 2782 Ald.

278 2815 485 2876 ὤπτουν
510 2821 579 2874 G.
606 2811 1039 2893 πολυτελέστερον
1062 2811 1266 2871 Ald.-
1287 2815 1362 2882 45
1390 2811 1452 2871 ἂν
1479 2812 1581 2886 εἴη,
1608 2822 1678 2886 47
1706 2810 1796 2872 καὶ

278 2902 409 2984 ὑπὲρ
435 2907 507 2960 V.
522 2937 586 2948 —
611 2900 681 2959 5ο
706 2901 1005 2978 legebatur
1027 2899 1331 2976 ἀγάλματα.
1356 2902 1618 2960 Correxit
1644 2902 1794 2959 Din-

280 2991 432 3049 dors.
462 3009 534 3047 ex
557 2988 734 3046 schol.
762 2988 914 3045 Pluti
952 3008 973 3042 1
992 3006 1122 3061 ¹99·
1146 3024 1211 3036 -
1233 2986 1306 3043 53
1330 2985 1501 3065 ἑρκίου
1524 2990 1616 3058 V.‚
1636 2986 1736 3063 qui
1768 3007 1791 3042 1

277 3075 371 3136 καὶ
404 3095 594 3134 om.-
621 3094 654 3130 2
686 3071 893 3132 εἵλαντο
913 3078 983 3131 V.
1007 3110 1068 3121 —-
1090 3074 1126 3130 6
1151 3071 1500 3150 ἰδρυσόμεσθα
1532 3077 1600 3129 Β.

361 3169 502 3238 924,
541 3181 578 3235 9
615 3158 795 3234 ὥσπερ
838 3164 909 3216 V.
956 3158 1085 3216 Ald.
1109 3194 1171 3208 -
1202 3158 1269 3215 15
1305 3158 1442 3217 Ἀντὶ
1475 3163 1568 3216 τοῦ
1602 3155 1802 3224 εὔτελὶς

283 3270 399 3307 om.
433 3253 503 3306 Β.
533 3252 603 3305 V.
624 3244 660 3316 ἢ
684 3248 755 3310 ὥς
776 3251 845 3303 Β.
864 3283 929 3296 -
958 3247 1027 3302 16
1047 3247 1119 3312 ὥς
1140 3244 1232 3303 καὶ
1252 3243 1549 3324 μέμφεσθαι
1569 3250 1638 3303 Β.
1655 3251 1720 3304 V.

363 3334 500 3410 925,
527 3353 595 3391 2ι
631 3335 881 3414 Λαρινοῦ,
905 3352 975 3388 22
1007 3329 1164 3390 αὐτὸν
1196 3331 1324 3391 Ald.
1359 3331 1706 3410 ἀνεσχηκέναι
1727 3337 1801 3391 V.

287 3460 346 3473 -
367 3421 442 3478 25
469 3417 708 3502 λαρινοὺς
729 3418 933 3478 Suidas
962 3439 1005 3476 s,
1037 3417 1273 3500 Λαρινοί.
1308 3419 1681 3477 Scribebatur
1704 3421 1801 3477 λα-

286 3507 470 3590 ρινούς.
490 3546 554 3557 -
573 3510 647 3566 26
680 3505 990 3588 Κεστρινοὺς
1023 3506 1244 3564 SuidaS.
1267 3507 1420 3563 -28
1445 3505 1804 3565 scribebatur

286 3600 611 3676 Λαρινοῦ.-
636 3616 711 3670 29
733 3591 852 3658 τοὺς
876 3598 947 3651 V.
973 3593 1105 3654 Ald.

363 3684 501 3760 928,
535 3683 608 3741 35
632 3680 831 3759 ἀμαθία
862 3700 975 3738 om.
1006 3686 1074 3740 Β.
1108 3716 1171 3729 -
1192 3680 1268 3740 36
1298 3678 1600 3740 διεὸἄλλετο
1630 3678 1685 3738 δὲ
1711 3679 1801 3738 καὶ

284 3772 356 3836 εἷς
385 3769 648 3846 μαλακίαν
687 3768 756 3834 ὥς
783 3772 855 3825 Β.
877 3768 1040 3844 [dele
1069 3765 1160 3826 καὶ
1189 3767 1250 3825 in
1274 3768 1448 3846 text.]
1471 3769 1542 3833 εἷς
1567 3770 1693 3843 μαλ.
1713 3767 1802 3826 καὶ

286 3859 430 3933 (haec
458 3856 566 3912 tria
590 3854 767 3912 verba
795 3874 908 3912 om.
946 3853 1037 3932 V.)
1078 3856 1149 3920 ὥς
1185 3853 1358 3935 μωρὸς
1394 3853 1485 3913 καὶ
1525 3853 1709 3926 ὖὼδης.
1739 3846 1802 3927 ἦν

284 3951 354 4001 V.
385 3943 513 4000 Ald.
534 3978 598 3990 -
617 3942 690 4000 38
733 3943 786 3998 ἐν
815 3941 905 3997 πλ.
934 3945 1003 3997 V.
1025 3979 1089 3989 —
1111 3942 1189 4016 39
1214 3941 1475 4022 χοιρώδης
1513 3942 1717 4000 Suidas
1757 3963 1803 3999 s·

287 4026 525 4100 Ὗηνεία.
571 4025 894 4103 Legebatur
935 4024 1181 4105 λοίδορος.
1214 4029 1404 4104 Pergit
1440 4028 1644 4086 suidas
1675 4027 1806 4092 τινὲς

288 4116 347 4175 δὲ
372 4113 579 4187 ὓηνείαν
609 4112 705 4185 τὴν
748 4112 1005 4170 δυσωδίαν
1035 4110 1131 4184 τὴν
1171 4115 1231 4170 ἐκ
1262 4116 1365 4171 τῶν
1401 4114 1592 4195 χοίρων
1619 4115 1806 4195 φασὶν,

287 4200 438 4281 οἵπερ
463 4202 575 4260 8.-
595 4198 671 4257 40
691 4201 816 4256 υἱῶν
832 4204 902 4257 V.
932 4198 1065 4277 ἅπερ
1091 4199 1220 4258 Ald.
1248 4200 1807 4280 χρώμενοι-ἀποπα-

286 4295 437 4350 τοῧσι
461 4288 683 4346 SuidaS.
713 4286 1286 4368 χρώμενα-ἀποπατεῑ
1301 4292 1371 4343 V.
1398 4286 1604 4345 Am.-
1621 4297 1650 4356 4
1666 4308 1688 4344 ι
1718 4287 1808 4345 καὶ

290 4400 407 4439 om.
432 4382 501 4437 V.
533 4378 604 4443 εἰς
632 4374 879 4458 βόρὸορον
896 4375 1212 4453 ,διαλύονται
1238 4376 1462 4437 Suidas.
1489 4378 1811 4456 Legebatur

290 4466 550 4527 κυλίεται.

373 4556 512 4630 930,
545 4552 615 4621 45
650 4571 736 4628 sq.
766 4549 856 4608 καὶ
894 4548 1067 4608 πολλὰ
1093 4548 1504 4627 μονοσυλλοίὸως
1524 4556 1594 4611 Β.
1622 4554 1670 4611 οἱ
1696 4573 1809 4613 om.

288 4647 358 4700 V.
379 4678 443 4692 -
463 4648 533 4711 47
568 4635 860 4718 διῃρημένα
887 4642 958 4696 Β.

377 4728 515 4805 935,
551 4726 623 4784 52
652 4724 792 4785 Ἀντὶ
816 4726 908 4782 τοῦ
946 4732 1129 4804 πραεῖς
1156 4722 1191 4795 ἢ
1232 4722 1427 4796 εὐήθεις
1462 4724 1619 4783 ἆπλοὶ
1647 4727 1717 4792 ὡς
1743 4731 1831 4785 R:

293 4852 359 4864 --
389 4835 408 4871 1
444 4816 514 4879 ὥς
534 4811 657 4871 ὅταν
680 4818 824 4870 V.-
841 4832 874 4868 2
902 4810 1034 4891 ἄρνα
1046 4810 1255 4889 λέγουσι
1278 4817 1342 4867 R.
1366 4812 1489 4870 sine
1512 4810 1690 4890 ἀμνόν.

379 4910 516 4985 939,
544 4908 579 4965 6
601 4905 656 4965 δὲ
684 4926 796 4965 om.
816 4912 883 4965 R.
914 4904 1200 4976 θελήσωσιν
1228 4911 1299 4964 Β.
1321 4905 1446 4965 Ald.
1468 4929 1579 4984 -9
1603 4906 1812 4987 φέρεται

290 4993 624 5054 Schneider.
652 4997 741 5053 De
763 4992 967 5053 scholl.
988 5000 1085 5052 Ar.
1116 5014 1172 5071 p.
1205 5012 1335 5056 121.
1363 4992 1688 5073 Legebatur
1708 4995 1809 5076 φέ-

3270 249 3387 306 475

2207 464 2236 495 τ

1873 507 2026 576 ὄντας
2054 513 2125 567 G.
2151 507 2209 568 ὄν
2236 514 2307 570 V.
2334 509 2573 586 Legitur
2598 529 2753 568 nunc
2774 530 2827 568 v,
2868 510 3014 567 ιο23
3037 509 3141 591 χρὴ
3170 515 3391 589 μένοντα

1873 594 2043 654 τοίνυν
2081 617 2094 652 :
2137 594 2209 653 de
2254 615 2372 672 quo
2416 594 2550 654 vide
2577 616 2705 673 quae
2734 596 2797 654 in
2841 599 3208 658 annotatione
3249 600 3389 659 dixi.

1875 682 2056 742 Dum.
2097 718 2158 730 -
2204 681 2273 738 15
2318 683 2422 739 τῶν
2470 701 2581 740 om.
2630 685 2693 739 V.
2739 681 2890 740 Ibid.
2941 688 3031 740 τοῦ
3078 685 3390 765 ὑποκριτοῦ,

1878 794 1903 820 ιι
1933 768 2112 826 immo
2159 771 2253 826 τοῦ
2304 771 2481 848 χοροῦ.
2517 793 2541 820 ν
2587 771 2762 825 Dum.
2820 765 3007 844 ἴαμὸοι
3049 771 3393 853 τετράμετροι

1874 853 2253 926 καταληκτικοὶ
2282 853 2372 912 καὶ
2391 851 2744 913 ἀναπαιστικὰ
2771 851 2881 929 δύο,
2909 876 2977 927 17
3008 859 3195 916 καταλ.
3220 881 3280 917 τε
3302 860 3392 919 καὶ

1879 943 2057 1018 dxcv„
2085 945 2155 1000 18
2178 941 2350 1020 στίχοι
2376 940 2613 1019 ίαμὸικοὶ
2632 940 2976 1023 τετράμετροι
2993 947 3059 1001 V.
3078 980 3141 992 -
3165 965 3238 1002 2ο
3270 969 3392 1028 τρι-

1877 1029 1995 1088 ποδ.
2029 1033 2096 1086 V.
2139 1033 2405 1088 Fortasse
2438 1028 2792 1101 ἀναπαιστικὴ
2823 1029 3081 1110 τριποδία.
3122 1036 3304 1094 Dum.
3331 1071 3395 1086 .-

1880 1188 1948 1226 2ι
1990 1167 2037 1225 δ’
2057 1123 2184 1237 συζίι
2210 1173 2273 1228 V.
3294 1243 3302 1251 ,

1958 1265 2096 1332 942,
2131 1256 2204 1313 32
2229 1254 2335 1335 γὰρ
2358 1276 2473 1315 om.
2499 1260 2571 1315 V.
2591 1291 2655 1305 -—
2671 1257 2745 1314 33
2769 1254 3143 1336 τεκμαίρεσθαι
3160 1261 3232 1317 V.
3267 1260 3393 1320 Ald.

1878 1379 1943 1392 —
1963 1346 2034 1412 34
2061 1343 2423 1402 scribebatur
2445 1341 2700 1424 θύραισιν.
2726 1341 2790 1402 τὸ
2830 1341 2885 1401 δὲ
2921 1343 3155 1423 θύραισιν
3184 1366 3298 1405 om.
3325 1353 3394 1408 R.

1960 1432 2096 1504 943,
2127 1452 2150 1487 1
2182 1428 2385 1509 σοὸαρὰ
2404 1429 2459 1488 δὲ
2484 1451 2598 1488 om.
2623 1435 2716 1499 R„
2737 1430 3064 1510 μετάτροπος
3085 1431 3138 1490 δὲ
3164 1453 3278 1490 om.
3296 1441 3396 1508 V.‚

1878 1518 2080 1574 eadem
2105 1532 2164 1575 ot
2194 1517 2586 1594 μοι-αὸληθεῖσα
2621 1518 2714 1576 hic
2746 1539 2859 1576 om.
2894 1523 2983 1588 R..
3021 1521 3123 1577 sed
3158 1521 3396 1581 inferius

1879 1603 2053 1661 habet
2085 1603 2412 1686 μετάτροπος
2439 1604 2494 1663 δὲ
2519 1603 2634 1663 ἀντὶ
2661 1610 2755 1663 τοῦ
2783 1604 3193 1682 μεταόληθεῖσα.
3238 1608 3396 1667 Idem

1878 1690 2211 1771 εὖκροίτητος.

1960 1778 2186 1835 Scholia
2215 1797 2270 1834 v,
2301 1777 2609 1853 948-1005
2642 1797 2760 1836 non
2796 1790 3022 1836 exstant
3058 1780 3120 1836 in
3146 1781 3401 1842 editione

1880 1864 2119 1936 Aldina,
2153 1866 2209 1924 in
2235 1885 2349 1941 qua
2386 1877 2518 1942 post
2555 1864 2940 1941 μεταὸληθεῖσα
2975 1866 3185 1943 legimr
3209 1869 3398 1932 λείπει.

1881 1953 2107 2009 Primus
2142 1951 2321 2010 edidit
2365 1953 2647 2010 Antonius
2687 1953 3019 2010 Francinius
3050 1956 3112 2011 in
3145 1954 3401 2015 editione

1880 2039 2117 2101 Iuntina
2152 2059 2205 2102 a.
2252 2038 2423 2109 1525,
2461 2053 2631 2114 quom
2678 2039 3038 2097 manifestum
3082 2053 3168 2098 est
3204 2043 3401 2101 codice

1884 2151 2048 2188 usum
2070 2151 2193 2188 esse
2219 2132 2570 2188 Ravennam.

1961 2219 2106 2292 948,
2142 2217 2175 2273 5
2210 2216 2352 2276 Ἀντὶ
2381 2218 2573 2296 κριθάς.
2601 2209 2684 2273 ὅτι
2707 2217 2865 2274 Junt.
2886 2253 2949 2265 --
2976 2234 3008 2288 7
3037 2213 3229 2276 καίνειν
3253 2222 3320 2277 V.
3343 2232 3403 2278 et

1881 2305 2127 2378 Etymol.
2170 2309 2251 2362 M.
2284 2313 2422 2363 κνεῐν
2463 2306 2523 2363 Β.
2562 2309 2716 2361 Juut.
2757 2316 2817 2361 et
2852 2303 3057 2363 suidas
3094 2325 3139 2362 s.
3177 2307 3401 2368 Κανόῦν.

1882 2387 2026 2469 Φέρε
2061 2393 2216 2448 τοῦτο
2252 2389 2316 2460 δὴ
2350 2390 2645 2450 Dobraeus.
2682 2425 2746 2438 —
2781 2392 2818 2447 8
2855 2411 2945 2465 μοι
2974 2410 3088 2448 om.
3113 2396 3181 2451 V.
3219 2394 3397 2475 δεῦρο·

1884 2474 1958 2552 μὴ
1983 2475 2279 2533 DobraeuS.
2299 2474 2462 2534 Libri
2486 2476 2633 2555 δεῦρο
2646 2479 2744 2545 πῆ.
2770 2476 2934 2535 Conf.
2962 2478 3202 2535 Meinek.
3233 2484 3396 2537 Com.

1882 2567 1945 2633 Ι,
1984 2582 2038 2639 p.
2063 2562 2201 2634 647,
2226 2562 2325 2638 qui
2353 2562 2483 2620 del.
2509 2564 2544 2621 6
2566 2586 2580 2620 x
2610 2589 2634 2615 ιι
2655 2569 2799 2620 Ante
2820 2561 2912 2621 καὶ
2932 2566 3160 2622 ἐντεῦθεν
3184 2566 3404 2643 aliquid

1882 2650 2096 2710 excidit
2111 2693 2128 2721 ,
2168 2650 2326 2726 quod
2354 2652 2507 2709 sacili
2531 2669 2706 2728 opera
2731 2651 2995 2728 supplens
3017 2671 3089 2709 cx
3113 2656 3301 2729 Etym.
3323 2660 3402 2714 Μ.

1928 2779 1942 2794 .
1969 2738 2044 2803 48
2089 2780 2106 2808 ,
2172 2779 2187 2793 .
2208 2764 2235 2790 ι.

1883 2756 1924 2815 p
1964 2757 2101 2900 9551),
2130 2753 2211 2880 32
2243 2819 2441 2882 Λοιπὸν
2465 2821 2727 2881 σπεύσατε
2754 2821 2843 2881 καὶ
2868 2821 3142 2902 ἐπείχθητε
3166 2824 3290 2907 πρὶν
3320 2825 3405 2906 ἴδῃ

1884 2913 2070 3058 δΧὶαῖρις
2091 2916 2250 2989 ἡμᾶς·
2273 2914 2303 2970 ὃ
2324 2908 2381 2971 δὲ
2407 2913 2593 2993 Χαῖρις
2614 2912 2842 2984 αὐλητὴς
2859 2910 2949 2971 ἐπὶ
2970 2920 3085 2979 ταῖς
3105 2914 3320 2980 θυσίαις.
3340 2906 3406 2987 ἦν

1960 3007 2030 3059 V.

1966 3086 2117 3164 959,
2150 3106 2226 3144 2ο
2251 3084 2348 3157 τὴν
2373 3083 2654 3164 κωμῳδίαν
2675 3083 2881 3164 γράψας
2898 3091 2971 3144 G.
2997 3130 3063 3143 ...
3093 3105 3168 3143 22
3204 3086 3411 3145 lemma

1888 3174 2062 3256 δᾳδίον
2083 3173 2336 3232 correxit
2360 3171 2619 3231 Dindors.
2639 3171 2702 3230 τὸ
2723 3169 2860 3253 ὕδωρ
2882 3170 2938 3229 δὲ
2961 3176 3054 3241 Β.,
3075 3172 3136 3230 in
3155 3192 3273 3250 quo
3295 3173 3414 3231 hoc

1888 3261 2146 3320 scholion
2173 3259 2323 3317 infra
2358 3258 2589 3335 legitur,
2631 3271 2758 3335 post
2799 3258 3000 3338 ἱερείοις
3036 3259 3197 3337 δοκῇ,
3232 3260 3270 3319 l.
3308 3262 3404 3317 3ο.

1888 3347 2099 3406 ἐδόκουν
2125 3343 2517 3409 ἀποὸάπτοντες
2543 3348 2634 3401 τοῦ
2656 3342 2817 3424 πυρός
2837 3350 2908 3403 Β.
2932 3351 3091 3404 Junt.
3115 3381 3180 3394 -
3211 3348 3281 3403 26
3310 3367 3399 3425 sq.

1888 3436 2000 3493 hoc
2036 3445 2256 3491 tautum
2295 3433 2358 3489 in
2403 3437 2495 3497 R..
2535 3429 2792 3512 γράφεται
2832 3430 2889 3491 δὲ
2928 3432 3019 3492 καὶ
3055 3431 3231 3494 δόλιον
3267 3434 3408 3512 (scr.

1892 3521 2106 3604 δαδίον).
2130 3527 2198 3578 V.
2218 3516 2353 3584 τινὲς
2378 3517 2513 3577 δαδί.
2538 3556 2600 3567 -
2631 3520 2698 3576 31
2735 3518 2856 3595 lege
2882 3520 3035 3577 ὀλῶν.

1970 3609 2110 3687 965,
2145 3606 2219 3664 34
2259 3604 2450 3684 βύσσον
2487 3604 2791 3664 Gelenius:
2821 3625 3072 3682 quocum
3095 3608 3416 3683 comparari

1893 3710 2083 3775 potest
2107 3696 2296 3772 glossa
2319 3693 2609 3770 Hesychii,
2628 3693 2730 3769 qui
2751 3690 2931 3769 βύττος
2953 3693 3203 3769 explicat
3227 3716 3414 3770 γυναι-

1891 3784 1979 3851 κὸς
2001 3783 2209 3842 αἰδοῖον.
2234 3781 2346 3840 Sed
2370 3800 2568 3838 verum
2594 3778 2826 3837 videtur
2846 3776 3064 3860 μύρτον,
3088 3779 3243 3856 quod
3267 3800 3415 3858 prae-

1891 3873 1994 3931 bet
2020 3871 2221 3930 Suidas
2248 3889 2295 3927 s.
2334 3867 2525 3946 Κριθή.
2550 3871 2728 3925 Dum.

1973 3961 2109 4036 968,
2145 3958 2218 4015 36
2247 3958 2316 4016 Οῖ
2346 3953 2654 4021 σπένδοντες
2673 3958 2743 4010 V.
2771 3988 2833 4001 -
2861 3955 2936 4028 39
2958 3954 3237 4034 ἑκχωροῖεν
3259 3958 3327 4012 Β.
3358 3968 3417 4013 et

1893 4047 2100 4107 suidas
2143 4064 2188 4101 S.
2232 4041 2329 4108 Τίς
2370 4042 2514 4119 τῇδε.
2563 4041 2837 4119 ἐκχωρῶσι
2875 4046 2945 4100 V.
2979 4077 3046 4091 -
3081 4049 3151 4108 4¹
3197 4040 3417 4120 ἐπιλέγῃ

1896 4132 2160 4195 ἀπιθανῶς
2185 4134 2254 4190 V.

1976 4220 2120 4296 969,
2147 4225 2219 4287 44
2246 4214 2359 4293 γέλ.
2389 4214 2516 4295 πρὸς
2543 4213 2656 4271 οὗδ.
2686 4220 2752 4269 R.
2784 4217 2941 4271 Junt.
2974 4211 3160 4291 ἑτέρως
3184 4218 3255 4275 R.

1977 4308 2113 4384 983,
2149 4305 2213 4361 51
2247 4302 2330 4374 ἠδ’
2358 4303 2608 4360 ἐπιθεῖναι
2636 4300 2891 4358 additum
2919 4320 2992 4357 ex
3019 4306 3089 4358 V.
3120 4302 3237 4375 Qui
3259 4301 3334 4359 ad
3358 4323 3418 4365 v.

1898 4396 2047 4471 98²²
2076 4391 2166 4449 καὶ
2193 4387 2396 4454 αὐλείας
2431 4387 2606 4465 ἔλεγον
2646 4388 2702 4444 οὐ
2743 4385 2900 4461 μόνον
2939 4384 3115 4461 ἔλεας,
3150 4388 3307 4465 quod
3339 4393 3416 4468 gl.

1899 4480 2114 4538 omittit
2138 4483 2208 4535 G.

1978 4559 2093 4634 986
2110 4602 2127 4629 ‚
2159 4557 2235 4613 52
2263 4551 2400 4612 κατὰ
2423 4551 2648 4623 ταύτας,
2675 4550 2747 4621 54
2770 4548 2992 4622 σεαυτὴν
3009 4557 3082 4608 V.

1980 4667 2126 4722 990,
2162 4665 2195 4701 2
2230 4646 2288 4702 in
2318 4641 2759 4699 Acharnensium
2785 4641 2913 4697 loco
2940 4651 3026 4697 est
3053 4649 3333 4720 προσεῖπον
3367 4641 3419 4707 ἐς

1899 4733 1986 4793 τὸν
2007 4734 2171 4811 δῆμον
2197 4729 2359 4791 ἐλθὼν
2391 4726 2631 4806 ἄσμενος.
2661 4761 2736 4771 -
2762 4728 2795 4785 5
2820 4724 3087 4806 Εἰσάρχου
3104 4734 3193 4801 V.‚
3215 4749 3330 4786 non
3354 4741 3426 4805 G.

1900 4860 1978 4873 .-.
2013 4841 2078 4895 9,
2122 4839 2192 4876 10
2240 4816 2490 4875 correxit
2535 4812 2798 4872 Dindorf.
2841 4813 3156 4892 Legebamr
3200 4821 3369 4883 τοίνυν
3396 4830 3425 4889 ὁ

1900 4905 2197 4972 αὐτὸς-τὸν
2219 4905 2323 4962 ἐνδ.
2362 4933 2443 4947 ——
2484 4904 2552 4960 18
2583 4905 2735 4960 τοῦτο
2771 4906 2840 4959 G.
2878 4898 3111 4960 τουτέστι
3140 4915 3203 4969 V.
3246 4947 3318 4965 ...
3352 4933 3426 4972 αα

1898 4990 2231 5074 τριακαίδεκα
2256 4990 2437 5049 codex
2469 4988 2681 5049 omisso
2709 4986 2824 5060 ἔτη.
