3859 5725
285 310 433 363 >om

1585 266 2164 340 PROLEGOMENA

212 429 264 469 :rs
292 422 524 502 γόνασιν,
557 419 809 496 ζπίσημος
827 415 882 476 δὲ
903 420 932 475 ὁ
953 412 1270 494 Μένανδρος,
1289 409 1344 476 ὃς
1375 409 1560 488 ἄστρον
1584 403 1696 464 ἐστὶ
1723 404 1814 471 τῆς
1908 398 2158 469 minum,
2194 402 2409 456 Graecae
2449 396 2587 453 artis
2614 394 2876 473 poeticos
2915 391 3092 452 libros
3138 396 3197 452 in
3250 413 3429 452 unum

290 509 408 575 νέας
433 505 729 588 κωμῳδίας,
755 509 828 572 ὥς
855 500 1256 581 μεμαθήκαμεν.
1294 496 1518 577 Εἴρηται
1547 490 1601 551 δὲ
1625 512 1815 570 κωμῳ-

293 606 379 665 δία
404 605 555 665 οἱονεὶ
585 604 670 662 ἐπὶ
692 605 768 683 τῷ
788 600 996 679 κώματι
1015 596 1145 681 ᾠδὴ,
1167 592 1374 674 καὶγὰρ
1392 589 1509 672 περὶ
1529 589 1617 648 τὸν
1636 588 1814 667 καιρὸν

277 698 383 752 ,τοῦ
431 691 594 751 ὕπνου
633 688 913 772 ἐφευρίθη·
956 690 1113 764 κῶμα
1140 683 1243 765 γὰρ
1278 686 1308 741 ὃ
1342 679 1528 745 ὕπνος·
1569 675 1604 747 ἢ
1642 680 1677 746 ἡ
1713 677 1817 733 τῶν

293 786 555 860 κωμητῶν
575 780 685 862 ᾠδή
700 803 713 816 ·
733 782 912 855 κῶμαι
938 774 1040 871 yffi-p
1064 772 1306 852 λέγονται
1333 772 1381 828 οἱ
1402 767 1628 846 μείζονες
1650 762 1816 845 ἀγροί.

1015 942 1105 1018 Χ.

339 1066 830 1127 ΑΝΔΡΟΝΙΚΟΥ
855 1063 1036 1123 ΠΕΡΙ
1077 1058 1389 1120 ΤΑΞΕΩΣ
1423 1051 1781 1116 ΠΟΙΗἹῺΝ.

302 1174 418 1252 (Ex
436 1174 615 1227 codice
629 1171 812 1226 Paris.
830 1187 984 1244 ²9²9
1004 1173 1059 1222 in
1078 1166 1312 1221 Bekken’
1325 1163 1532 1220 Anecd.
1555 1180 1613 1237 p.
1635 1178 1655 1214 ι
1669 1156 1743 1225 46
1755 1176 1773 1213 t
1789 1156 1822 1231 .)

381 1277 645 1352 Κωμικῶν
674 1271 729 1331 δὲ
757 1276 785 1330 ὁ
810 1268 975 1352 γέλως
999 1266 1133 1347 μετὰ
1159 1272 1251 1326 τοῦ
1283 1265 1374 1324 καὶ
1397 1260 1646 1347 χορευτὰς
1677 1258 1826 1320 εἰσά-

300 1386 408 1441 γειν
442 1362 531 1421 καὶ
565 1360 825 1440 πρόσωπα
855 1361 1098 1427 τοιαῦτα,
1136 1348 1239 1420 οἶός
1282 1356 1421 1413 ἐστιν
1441 1348 1827 1431 Ἀριστοφάνης,

304 1450 557 1526 Εὔπολις,
577 1446 932 1530 Φερεκράτης.
956 1444 1076 1504 ἀλλ’
1099 1448 1134 1515 ἡ
1161 1440 1256 1521 μὲν
1285 1440 1539 1522 κωμῳδία
1561 1446 1700 1518 τρεῖς
1718 1434 1828 1516 ἔχει

265 1594 272 1600 .
301 1538 392 1604 τὰς
430 1536 705 1620 διαφορὰς,
743 1534 834 1594 καὶ
871 1539 903 1608 ἡ
944 1531 1039 1611 μὶν
1075 1533 1314 1592 καλεῖται
1344 1527 1539 1609 ἀρχαία
1575 1525 1630 1593 ἐξ
1665 1528 1830 1605 ἀρχῆς

249 1653 275 1689 ι
304 1629 536 1709 φανερῶς
554 1626 871 1704 ἐλέγχουσα,
899 1614 962 1694 ἧς
986 1621 1237 1698 ἐπίσημοι
1267 1616 1650 1702 Ἀριστοφάνης,
1679 1617 1831 1695 Κρα-

304 1725 458 1792 τῖνος,
490 1712 739 1781 Εὔπολις·
769 1716 805 1782 ἡ
830 1712 885 1770 δὲ
914 1711 1052 1789 μέση
1077 1733 1155 1776 τις
1184 1708 1274 1767 καὶ
1313 1703 1728 1784 αἰνιγματώδης,
1771 1695 1833 1773 ἧς

304 1801 561 1878 ἐπίσημος
586 1800 809 1860 ΙΙλάτων
831 1803 859 1859 ὁ
884 1799 972 1858 τὸν
993 1799 1308 1878 χαρακτῆρα
1328 1789 1714 1874 λαμπρότατος,
1734 1792 1836 1936 οσίἕ

306 1894 335 1949 ὁ
367 1888 641 1971 φιλόσοφος
658 1931 673 1958 ,
701 1887 816 1947 ἀλλ’
845 1884 1014 1966 ἕτερός
1045 1907 1122 1951 τις
1147 1884 1236 1943 καὶ
1265 1879 1417 1948 αὐτὸς
1437 1881 1729 1953 Ἀθηναῖος,

305 1999 442 2041 τινος
479 1975 547 2034 τὰ
589 1975 831 2056 δράματα
862 1974 986 2032 τάδε
1025 1971 1299 2051 λέγονται,
1337 1972 1541 2050 Γρῢπες
1582 1967 1834 2047 Κλεοφῶν

233 2083 281 2123 ιο
309 2061 564 2143 Πρέσὸεις
583 2062 803 2123 Παιδίον
825 2060 1080 2143 Σοφισταὶ
1102 2057 1392 2138 Συμμαχία
1413 2054 1607 2116 Σκευαὶ
1622 2052 1836 2117 Ἄδωνις

311 2149 559 2232 Ἁφιέρων
593 2150 727 2232 (Ἀφ’
753 2153 928 2231 ἱερῶν)
962 2147 1221 2213 Δαίδαλος
1249 2142 1443 2210 Ἑλλὰς
1470 2142 1687 2221 Ἑορταὶ
1723 2143 1832 2200 Εὗ-

312 2236 462 2319 ρώπη
485 2234 613 2305 Ζεὺς
634 2236 951 2314 κακούμενος
976 2233 1064 2295 ’Ῑὼ
1089 2234 1249 2300 Λάϊος
1282 2231 1527 2298 Λάκωνες
1550 2228 1839 2313 Μύρμηκες

311 2322 564 2386 Μέτοικοι
611 2323 881 2391 Μενέλεως
925 2321 1320 2401 Μαμμάκουθος
1374 2320 1630 2401 Ξάντριαι
1678 2321 1839 2378 Νῖκαι

311 2411 421 2479 Νὺξ
460 2409 638 2492 μακρὰ
671 2410 988 2492 Πείσανδρος
1029 2407 1326 2490 Περιαλγὴς
1353 2405 1590 2478 Ποιητὴς
1626 2403 1839 2487 Σύρφαξ

237 2517 285 2554 ts
311 2498 650 2581 Ὑπέρῦολος.
694 2505 729 2572 ἡ
754 2499 808 2558 δὲ
831 2496 922 2556 νέα
952 2498 1077 2575 μηδ’
1101 2493 1235 2562 ὅλως
1253 2491 1639 2573 αἶνιγματώδης
1656 2539 1673 2571 ,
1700 2491 1838 2562 πλὴν

314 2587 401 2646 ἐπὶ
445 2586 641 2645 δούλων
670 2585 759 2645 καὶ
789 2584 946 2655 ξένων
964 2631 980 2658 ,
1024 2576 1088 2656 ἧς
1126 2582 1382 2659 ἐπίσημος
1419 2580 1717 2662 Μένανδρος
1751 2579 1840 2639 καὶ

315 2674 463 2754 παρὰ
497 2672 782 2752 Ῥωμαίοις
812 2671 1083 2754 Τερέντιος
1122 2670 1211 2728 καὶ
1255 2673 1513 2735 Πλαῧτος.
1558 2673 1754 2750 χρῆται
1788 2666 1843 2726 δὲ

317 2762 570 2844 προτάσει
606 2762 697 2823 καὶ
739 2761 976 2820 ἐπιτάσει
1018 2758 1110 2818 καὶ
1160 2761 1461 2840 ἀναστροφῇ
1504 2761 1532 2815 6
1572 2756 1845 2838 Τερέντιος

317 2849 408 2909 καὶ
435 2851 507 2916 εἷς
538 2846 693 2908 πέντε
721 2846 914 2921 σκηνὰς
942 2848 1128 2926 διαιρεῖ
1160 2844 1221 2905 τὸ
1249 2847 1442 2927 δρᾶμα.
1473 2847 1715 2911 Πλαῦτος
1744 2868 1854 2903 ‘tre-

239 2959 293 2998 20
321 2938 500 3023 ριοχὴν
529 2947 666 2998 ποιεῖ
686 2943 780 3010 τῆς
807 2941 966 2997 αὑτοῦ
992 2934 1289 3017 κωμῳδίας,
1317 2936 1591 3011 Τερέντιος
1618 2935 1663 2993 δ’
1687 2933 1765 2994 οὔ.

994 3113 1178 3190 Xa.

640 3237 1013 3296 scflomoN
1069 3234 1531 3296 PLAUTINUM.

324 3343 544 3418 (Edidit
557 3361 632 3396 ex
650 3342 830 3397 codice
844 3342 1043 3396 Plauti
1058 3343 1304 3396 Romano
1331 3342 1423 3397 Fr.
1445 3340 1767 3396 Rima-helius
1794 3346 1850 3395 in

409 3428 546 3486 libro
582 3431 653 3486 dc
694 3428 1022 3485 bibIIotliecae's
1068 3430 1488 3485 Alexandrinis.
1538 3432 1595 3482 V
1589 3434 1768 3486 ratisl.

890 3515 1061 3591 1838,
1087 3537 1146 3591 p.
1177 3517 1256 3592 3.)

330 3641 405 3678 EX
428 3639 609 3677 efficto
638 3639 704 3677 11(
723 3639 1044 3677 COUUBN'I’O
1070 3638 1484 3677 conmutatum
1517 3641 1856 3680 anlsworfla-

411 3728 503 3766 ms
532 3729 595 3765 ΙΝ
617 3727 824 3778 PLUTO,
846 3727 1004 3775 Qun!
1026 3727 1305 3766 POSSUUUS
1324 3727 1694 3767 oromuvrtnt
1715 3730 1858 3769 nm!-

412 3817 653 3854 cunnu-

414 3898 739 3960 Alexander
768 3891 995 3957 AEtolus
1038 3912 1093 3956 et
1132 3900 1480 3977 Lycophron
1522 3901 1861 3962 Chalciden-

282 4012 308 4051 ο
338 3988 413 4047 sis
442 4001 497 4046 et
542 3986 873 4045 Zenodotus
907 3987 1193 4063 Ephesius
1225 3988 1479 4066 impulsu
1530 3992 1678 4069 regis
1717 3998 1862 4051 Pto-

338 4076 523 4134 lem-‘ei
550 4073 905 4153 Philadelphi
947 4089 1368 4151 cognomento,
1414 4079 1514 4153 qui
1558 4079 1767 4138 mirum
1808 4083 1864 4138 in

341 4163 576 4221 modum
605 4163 840 4221 favebat
866 4164 1111 4239 ingeniis
1133 4176 1190 4221 et
1225 4165 1387 4221 sarnae
1425 4166 1730 4226 doctorum
1758 4169 1867 4226 ho-

413 4415 468 4457 1⁴1
488 4407 784 4469 καλούμενος,
811 4410 868 4456 13
884 4405 1135 4526 Εάνται,Χ14
1161 4407 1588 4472 περίαλγοςοοάοῐ.

1131 4488 1179 4525 a.

415 4555 432 4598 i
460 4554 635 4609 cmo,
657 4546 707 4595 h.
723 4560 768 4597 e.
788 4547 983 4608 Tzetza,
1005 4549 1063 4595 ut
1084 4545 1270 4610 primus
1292 4550 1482 4599 monuit
1499 4556 1554 4600 G.
1577 4549 1870 4601 Dindorfius.

350 4619 546 4669 Frustra
563 4653 578 4679 ,
611 4619 666 4666 ut
697 4615 814 4666 mihi
847 4616 1042 4679 quidem
1071 4615 1296 4679 videtur,
1334 4622 1566 4681 repugnat
1601 4626 1870 4670 Cramerus.

352 4696 448 4741 Nec
470 4693 633 4740 tamen
656 4687 765 4737 ideo
787 4689 948 4737 totum
967 4687 1103 4737 illum
1118 4722 1132 4748 ‚
1150 4700 1208 4736 ex
1229 4701 1327 4749 quo
1350 4689 1455 4739 haec
1479 4690 1628 4740 latine
1643 4703 1878 4740 conversa

354 4763 491 4820 sunt,
508 4759 570 4809 de
589 4758 826 4808 oomoedia
848 4760 1112 4808 tractatum
1133 4758 1290 4808 eidem
1310 4761 1499 4810 auctori
1517 4761 1875 4824 adscripserim,

355 4841 650 4897 quamquam
678 4827 838 4891 negari
859 4842 954 4878 non
980 4832 1140 4891 potest
1161 4829 1317 4879 multa
1343 4831 1392 4879 in
1427 4845 1484 4880 eo
1511 4831 1670 4880 inesse
1694 4834 1878 4880 'rzetzae

356 4906 557 4965 stupore
575 4897 873 4962 dignissima.
897 4905 1099 4949 Μεικει.
1119 4928 1181 4943 -
1204 4907 1230 4950 5
1253 4899 1402 4950 codex
1423 4902 1716 4964 Ephesum.
1739 4928 1800 4941 —-
1824 4907 1878 4950 12

358 4972 732 5035 affectis-rimus
754 4967 1046 5020 Dindorilus.
1073 4968 1236 5019 Codex
1254 4969 1647 5031 asserti-§simus
1668 4998 1731 5010 —
1758 4975 1811 5018 16
1831 4972 1882 5019 et

369 5043 510 5093 LXX
527 5037 863 5101 neruimrdyus
884 5037 936 5088 in
959 5040 1128 5089 Annal.
1158 5040 1265 5089 crit.
1288 5040 1440 5090 Berol.
1471 5045 1585 5091 1838
1600 5076 1614 5102 ,
1635 5039 1731 5088 vol.
1751 5046 1806 5100 2,
1829 5053 1876 5103 p-

363 5117 472 5166 828.
513 5108 677 5162 codex
709 5108 928 5158 obocartn
955 5109 1200 5160 literarum
1235 5110 1464 5161 ductibus
1495 5103 1680 5174 ᾖΙιεΙεα.
1721 5138 1784 5150 -
1820 5114 1879 5160 3ο

1903 483 2254 560 collegerunt
2273 494 2333 541 et
2355 483 2416 540 in
2436 482 2699 540 ordinem
2721 481 3085 558 redegerunt,
3112 480 3432 540 Alexander

1907 570 2206 648 tragoedias
2237 616 2256 647 ,
2294 570 2645 647 Lycophron
2690 568 2999 627 comoedias
3031 611 3047 639 ,
3101 568 3427 627 Zenodotus
3466 578 3514 616 ¹0

1908 678 2048 716 vero
2077 660 2311 717 Homeri
2343 671 2609 736 poemata
2653 669 2710 716 et
2744 657 3097 733 reliquorum
3126 657 3430 714 illustrium

1910 759 2231 823 poetarum.
2266 752 2412 804 Nam
2450 765 2550 805 rex
2578 745 2673 803 ille
2715 743 3078 823 philosophis
3128 744 3432 803 allectissi-

1908 855 2035 891 mus
2073 847 2131 891 et
2160 836 2381 892 caeteris
2428 832 2699 891 omnibus
2731 832 3029 889 autoribus
3069 833 3236 891 claris
3260 877 3275 904 ,
3315 833 3433 891 dis-

1911 922 2137 999 quisitis
2207 923 2471 1000 impensa
2525 921 2696 997 regiae
2760 920 3160 978 munificentiae
3223 919 3436 997 ubique

1914 1022 2195 1068 terrarum
2219 1022 2498 1086 quantum
2519 1009 2698 1066 valuit
2719 1006 3109 1068 voluminibus
3130 1028 3310 1086 opera
3332 1014 3437 1067 De·
3470 1023 3521 1063 ts

1914 1098 2104 1156 metrii
2129 1095 2354 1155 Phaleri
2383 1107 2440 1152 et
2469 1099 2626 1152 LXX
2653 1093 2780 1172 †-1-)
2809 1114 3007 1151 senum
3040 1094 3182 1153 duas
3219 1095 3440 1155 biblio-

1915 1187 2112 1244 thecas
2141 1184 2274 1241 fecit
2291 1228 2307 1255 ,
2334 1184 2567 1241 alteram
2594 1195 2756 1239 extra
2779 1182 3014 1259 Regiam
3032 1226 3049 1254 ,
3080 1182 3315 1241 alteram
3337 1203 3442 1241 au-

1916 1284 2029 1331 tem
2058 1272 2117 1330 in
2138 1271 2336 1349 Regia.
2367 1276 2433 1328 In
2465 1271 2751 1328 exteriore
2787 1281 2979 1327 autem
3010 1269 3236 1329 suerunt
3266 1271 3445 1329 millia

1917 1360 2277 1419 voluminum
2323 1357 2706 1437 quadraginta
2749 1356 2870 1414 duo
2903 1370 2962 1414 et
2998 1360 3346 1436 octingenta.
3378 1361 3443 1418 ln

1916 1450 2109 1526 Regiae
2159 1461 2349 1506 autem
2397 1445 2751 1505 bibliotheca
2799 1445 3156 1503 voluminum
3214 1448 3443 1524 quidem
3473 1457 3533 1499 ao

1918 1537 2362 1595 commixtorum
2386 1535 2682 1592 volumina
2709 1533 3087 1612 quadraginta
3117 1535 3292 1607 milia,
3315 1537 3451 1593 sim—

1920 1626 2157 1704 plicium
2198 1636 2391 1682 autem
2428 1634 2485 1680 et
2515 1622 2872 1700 digestorum
2908 1624 3063 1681 milia
3098 1625 3408 1700 nonaginta
3432 1667 3449 1697 ,

1919 1715 2088 1771 sicuti
2135 1712 2313 1770 refert
2360 1710 2696 1769 Callimacus
2721 1710 2940 1769 aulicus
2978 1712 3194 1788 Regius
3230 1711 3451 1770 biblio-

1923 1801 2233 1870 thecarius,
2254 1799 2353 1876 qui
2378 1800 2553 1856 etiam
2578 1798 2817 1874 singulis
2837 1798 3228 1857 voluminibus
3255 1801 3452 1857 titulos

1921 1887 2233 1966 inscripsit.
2286 1885 2421 1944 Fuit
2473 1898 2750 1962 praeterea
2803 1886 2902 1961 qui
2954 1885 3106 1943 idem
3168 1900 3452 1945 asseveret
3480 1898 3537 1938 2⁵

1926 1975 2334 2035 Eratosthenes
2359 1993 2474 2031 non
2508 1974 2589 2030 ita
2618 1973 2799 2031 multo
2827 1985 2957 2051 post
2977 1974 3234 2050 ejusdem
3259 1989 3455 2034 custos

1923 2062 2302 2123 bibliothecae.
2320 2064 2453 2119 Haec
2465 2073 2651 2118 autem
2673 2061 2905 2118 fuerunt
2918 2063 3176 2119 omnium
3197 2064 3456 2138 gentium

1930 2174 1997 2211 ac
2018 2152 2339 2227 linguarum
2357 2168 2484 2224 quae
2505 2146 2719 2205 habere
2742 2149 2933 2226 potuit
2950 2149 3121 2207 docta
3138 2149 3455 2223 volumina,

1929 2264 2056 2322 quae
2090 2260 2313 2299 summa
2337 2239 2631 2317 diligentia
2659 2243 2777 2297 Rex
2799 2239 2894 2298 ille
2923 2241 2980 2297 in
3012 2260 3172 2299 suam
3202 2241 3455 2319 linguam

1933 2329 2067 2387 fecit
2088 2326 2160 2385 ab
2182 2327 2417 2406 optimis
2439 2324 2856 2402 interpretibus
2878 2327 3156 2385 converti.
3189 2331 3453 2386 Ceterum
3489 2345 3549 2385 so

1929 2417 2257 2474 Pisistratus
2294 2432 2552 2490 sparsam
2601 2412 2762 2489 prius
2799 2415 3035 2473 Homeri
3077 2416 3297 2492 poesim
3326 2429 3461 2474 ante

1928 2504 2301 2561 Ptolemaeum
2334 2499 2775 2578 Philadelphum
2818 2503 2983 2561 annis
3010 2502 3274 2563 ducentis
3298 2518 3356 2564 et
3389 2527 3461 2564 eo

1929 2591 2100 2649 etiam
2126 2589 2375 2667 amplius
2400 2587 2618 2646 sollerti
2655 2606 2792 2646 cura
2819 2589 2877 2647 in
2907 2610 2974 2649 ea
3005 2611 3134 2668 quae
3168 2612 3321 2650 nunc
3356 2614 3463 2651 ex-

1933 2691 2054 2738 tant
2077 2678 2295 2754 redegit
2317 2676 2632 2748 volumina,
2654 2697 2791 2735 usus
2811 2677 2883 2736 ad
2898 2677 3008 2736 hoc
3032 2700 3181 2756 opus
3204 2681 3465 2739 divinum

1932 2765 2219 2824 industria
2271 2764 2785 2823 celeberrimorum
2829 2778 2887 2824 et
2941 2766 3471 2827 eruditissimorum
3494 2784 3557 2824 εὖ

1933 2855 2233 2913 homiuum
2253 2897 2270 2925 ,
2300 2851 2568 2911 videlicet
2598 2852 2838 2929 Concyli
2862 2896 2879 2926 ‚
2909 2856 3267 2915 Onomacriti
3301 2856 3470 2915 Athe-

1935 2943 2185 3013 niensiS‚
2237 2942 2452 3020 Zopyri
2499 2941 2854 2999 Heracleotae
2899 2955 2957 3000 et
2994 2944 3212 3022 Orphei
3259 2946 3469 3004 Croto-

1937 3033 2118 3090 niatae.
2166 3035 2313 3089 Nam
2337 3031 2581 3106 carptim
2610 3029 2772 3107 prius
2799 3034 3086 3089 Homerus
3123 3044 3181 3088 et
3217 3050 3333 3088 non
3357 3033 3464 3090 nisi

1938 3117 2274 3176 difficillime
2300 3116 2616 3194 legebatur.
2649 3118 2808 3187 Quin
2831 3117 3007 3176 etiam
3032 3130 3164 3195 post
3189 3118 3466 3177 Pisistrati

1939 3227 2008 3265 cu
2017 3226 2137 3264 ram
2153 3217 2211 3263 et
2225 3205 2514 3262 Ptolemaei
2533 3204 2889 3280 diligentiam
2900 3206 3265 3265 Aristarchus
3280 3207 3349 3265 ad
3359 3209 3468 3266 huc
3497 3223 3562 3264 ⁴0

1940 3295 2193 3354 exactius
2218 3294 2277 3351 in
2305 3293 2541 3351 Homeri
2580 3292 2926 3351 elimandam
2966 3294 3362 3355 collectionem
3389 3298 3471 3355 vi·

1941 3382 2161 3459 gilavit.
2208 3379 2552 3440 Heliodorus
2595 3380 2774 3438 multa
2815 3381 2981 3440 aliter
3019 3397 3304 3461 nugatur,
3345 3405 3473 3462 quae

1942 3473 2115 3547 longo
2166 3470 2431 3528 convicio
2477 3471 2680 3529 Cecius
2736 3471 3123 3546 reprehendit.
3198 3477 3339 3532 Nam
3396 3472 3471 3532 ab

1945 3562 2169 3617 LXXII
2215 3557 2400 3614 doctis
2446 3557 2587 3614 viris
2634 3576 2669 3615 a
2710 3557 3009 3615 Pisistrato
3051 3559 3187 3617 huic
3235 3561 3472 3638 negotio

1946 3646 2270 3724 praepositis
2311 3644 2454 3703 dicit
2485 3647 2803 3703 Homerum
2841 3646 2922 3704 ita
2963 3646 3138 3705 fuisse
3181 3650 3470 3727 composi·
3512 3669 3569 3708 οε

1956 3746 2110 3805 tum,
2145 3734 2245 3811 qui
2281 3731 2516 3810 quidem
2542 3731 2823 3791 Zenodoti
2857 3745 2913 3791 et
2948 3736 3267 3795 Aristarchi
3308 3735 3483 3794 indu-

1954 3820 2148 3878 striam
2187 3818 2456 3878 omnibus
2487 3820 2773 3900 praelatam
2803 3821 3276 3897 comprobarunt,
3325 3823 3485 3900 quod

1955 3920 2180 3965 constat
2224 3907 2397 3965 fuisse
2441 3905 2841 3980 salsissimum,
2896 3909 3119 3986 quippe
3163 3930 3341 3986 quum
3392 3912 3485 3967 in-

1958 4010 2043 4054 ter
2065 3996 2426 4056 Pisistratum
2448 4008 2505 4053 et
2526 3996 2883 4054 Zenodotum
2908 3997 3120 4055 suerint
3147 4000 3283 4056 anni
3308 4019 3485 4077 supra

1955 4083 2270 4152 ducentos),
2312 4083 2679 4141 Aristarchus
2722 4097 2914 4141 autem
2938 4087 3091 4142 CXL
3111 4087 3272 4143 annis
3294 4089 3483 4145 minor
3526 4109 3588 4148 so

1958 4172 2135 4229 fuerit
2163 4172 2293 4249 ipso
2321 4182 2378 4227 et
2405 4169 2704 4228 Zeuodoto
2737 4183 2910 4248 atque
2948 4172 3275 4232 Ptolemaeo,

1966 4336 2173 4398 concylt
2191 4348 2249 4384 ex
2270 4335 2498 4396 corrupto
2514 4346 2673 4394 graeoo
2689 4348 2837 4398 supra
2856 4341 2935 4396 lx,
2954 4349 3003 4398 a,
3021 4349 3070 4398 p.
3092 4339 3216 4398 m,
3242 4342 3320 4389 45.
3341 4359 3365 4382 ιι
3381 4344 3491 4391 Bet·

1962 4404 2208 4466 nhardyus
2219 4419 2266 4467 p.
2287 4408 2376 4454 835
2388 4404 2541 4454 Euclt
2552 4405 2618 4465 (v.
2639 4403 2842 4454 Lobeck.
2861 4405 3092 4468 Aglaoph.
3113 4411 3296 4468 p.300),
3316 4408 3377 4458 da
3391 4422 3494 4471 quo

1962 4489 2060 4524 non
2083 4474 2275 4524 videtur
2302 4475 2501 4538 cogitari
2530 4488 2687 4537 posse.
2722 4480 2864 4525 Dino.
2885 4504 2947 4517 -
2971 4479 3030 4527 42
3054 4477 3380 4529 Heliodorus.
3421 4485 3495 4531 De

1963 4546 2055 4595 hoc
2076 4545 2274 4595 nomine
2299 4546 2407 4607 iure
2442 4544 2631 4595 dubitat
2665 4546 2925 4596 bernhard.
2950 4559 2997 4610 p.
3025 4552 3134 4598 833.
3159 4554 3297 4598 Dmn.
3314 4550 3489 4600 licinii.

1964 4616 2075 4665 alia
2106 4619 2357 4680 nuqatur.
2401 4621 2455 4665 ln
2489 4618 2659 4678 graecis
2693 4618 2846 4668 fuisse
2880 4619 3075 4668 videtur
3104 4621 3252 4677 ἄλλως
3283 4624 3490 4687 φλυαρεῖ.

1965 4692 2175 4735 Meinas.
2207 4715 2250 4728 -
2305 4691 2364 4736 44
2401 4686 2467 4736 ab
2496 4689 2699 4738 LXXII
2729 4687 2891 4738 doctis
2922 4689 3260 4753 Bernhardyus
3293 4706 3341 4756 p.
3379 4698 3492 4755 831,

1965 4754 2095 4819 quod
2115 4768 2244 4804 nunc
2266 4755 2581 4806 confirmatur
2612 4757 2782 4818 graecis
2813 4758 2974 4808 editis.
3008 4759 3173 4808 codex
3200 4764 3266 4812 σι’
3286 4765 3501 4814 LXXII

1968 4826 2181 4876 duobus.
2203 4855 2264 4867 —
2299 4830 2359 4877 48
2379 4827 2747 4889 salsissimum.
2787 4834 2945 4891 Quam
2974 4831 3253 4892 opinionem
3283 4835 3496 4896 graviter

1968 4898 2059 4947 hoc
2077 4898 2183 4945 loco
2204 4897 2511 4960 reprehendit
2527 4904 2716 4960 Tzetza,
2736 4912 2843 4949 eam
2867 4901 2971 4963 ipsa
2986 4903 3208 4963 sequitur
3224 4904 3277 4953 in
3296 4907 3495 4965 exegesi

1968 4965 2016 5016 in
2043 4965 2264 5020 Iliadem,
2296 4969 2454 5031 prius,
2477 4970 2533 5015 ut
2551 4966 2773 5032 videtur,
2802 4969 3010 5033 scripta,
3038 4984 3087 5033 p.
3114 4976 3200 5034 45,
3224 4977 3284 5024 40
3311 4977 3361 5026 et
3385 4981 3493 5040 125,

1968 5051 2092 5101 quos
2123 5035 2256 5086 locos
2294 5037 2531 5087 indicavit
2563 5038 2735 5092 Ber-nh.
2770 5052 2819 5102 p.
2846 5043 2956 5090 833.
2992 5046 3132 5092 man.
3163 5063 3227 5080 --
3266 5051 3331 5096 50
3363 5051 3495 5103 σχῇ

1968 5104 2298 5169 Bernhardyns
2315 5121 2363 5171 p.
2388 5108 2493 5158 832.
2515 5105 2677 5157 Codex
2696 5110 2948 5172 quattuor
