3859 5725
1719 297 1995 363 AvuJM.

328 422 466 499 759,
503 430 538 491 4
571 424 621 482 οἱ
645 421 704 482 δὲ
732 424 977 506 πλῆκτρα
1004 425 1210 484 Suidas
1241 445 1287 484 ε.
1321 415 1453 506 Δῖρε
1477 426 1769 508 πλῆκτρον.

255 545 311 560 ....
337 510 368 568 5
396 508 603 587 ἔμὸολα
631 508 700 571 τὰ
729 534 790 591 χ.
825 517 896 570 Ὺ.
929 509 997 571 τὰ
1023 511 1226 591 ἔμὸολα
1258 536 1312 594 χ.
1340 518 1412 572 R.

326 598 472 670 762,
519 619 557 675 9
596 598 892 678 Σπίνθαρος
919 605 1159 680 wit-,R
1190 605 1263 662 V.
1304 638 1370 650 —
1397 623 1417 658 1
1440 622 1459 658 1
1488 603 1679 682 pergit
1706 608 1775 662 R.

254 683 334 744 καὶ
370 684 514 766 Κάρ.
552 685 870 767 προείπομεν
907 684 1321 767 ὅτι-πολλαχοῦ
1358 686 1593 748 καὶ-ὅτι
1632 690 1771 772 Κάρ.

254 778 316 831 V.
338 784 527 832 autem
550 776 621 840 ὣς
648 773 801 856 Φρὺξ
823 771 879 832 δὲ
910 774 1003 833 καὶ
1033 776 1174 852 (haec
1211 795 1326 834 om.
1354 775 1452 853 G.)
1477 779 1506 834 6
1534 778 1582 853 (6
1604 774 1660 835 δὲ
1682 779 1776 857 G.)

251 859 506 938 Φιλήμων
542 862 894 943 κωμῳδεῖται.
933 864 1005 928 ὥς
1036 861 1179 944 Κάρ.
1218 862 1348 945 πρὸς
1385 861 1414 921 8
1448 861 1663 941 εἴπομεν
1695 863 1775 924 ὅτι

251 945 376 1015 ξένος
415 942 560 1018 οὗτος
596 952 871 1030 πολλαχοῦ
910 949 1001 1009 καὶ
1039 950 1189 1033 παρὰ
1231 960 1337 1019 τοῖς
1379 953 1519 1031 (τοῖς
1544 973 1656 1013 0111.
1682 955 1775 1034 G.)

248 1072 306 1084 —
328 1034 406 1095 ὅτι
442 1036 532 1095 καὶ
567 1039 709 1119 Κάρ.

323 1126 432 1196 764
453 1168 472 1197 ,
510 1145 577 1182 12
621 1124 925 1183 delendum
946 1124 1189 1187 fortasse
1219 1128 1513 1207 πολλαχοῦ,
1542 1151 1615 1190 ex
1640 1124 1775 1191 ⁴ver-

247 1210 331 1271 bis
350 1214 629 1290 proximis
646 1214 920 1292 πολλαχοῧ
949 1213 1005 1273 δὲ
1027 1214 1149 1291 καὶ,
1174 1229 1241 1274 111
1262 1216 1510 1295 videtur,
1532 1221 1767 1280 illatum.

244 1301 554 1361 Scholiasta
582 1304 630 1361 si
664 1304 777 1361 hoc
809 1303 1001 1363 dicere
1041 1307 1352 1379 voluisset,
1389 1309 1643 1377 πολλάκις
1668 1332 1775 1389 po-

246 1390 353 1447 tius
377 1390 617 1449 dixisset
632 1436 650 1466 ,
672 1392 743 1450 de
764 1411 883 1470 quo
906 1393 1106 1452 confer
1129 1396 1392 1472 exempla
1416 1397 1489 1455 ad
1508 1398 1773 1458 scholion

241 1477 584 1557 Thesmoph.
646 1480 762 1547 840
816 1479 1126 1539 afferenda.
1186 1480 1518 1563 Προείπομεν
1577 1501 1771 1545 autem

243 1567 601 1627 referendum
628 1568 703 1627 ad
731 1569 913 1628 schol.
940 1591 994 1628 v.
1025 1591 1047 1627 1
1068 1590 1110 1628 1.
1152 1575 1332 1630 Dum.

316 1658 426 1730 765
446 1700 463 1729 ,
499 1679 567 1730 17
600 1656 846 1724 πάππους
875 1662 949 1716 R.
981 1659 1051 1716 V.
1086 1659 1437 1720 ἐπιδεικνύναι
1464 1663 1596 1722 Ajd.
1618 1702 1680 1713 —
1702 1685 1770 1741 19

237 1743 295 1803 ἔκ
316 1767 373 1803 τε
403 1744 656 1826 φρατρίας
682 1750 749 1804 R.
786 1744 915 1804 Ald.
945 1783 1009 1795 -
1035 1765 1112 1803 2ο
1141 1747 1430 1831 ἀναγράφει
1456 1751 1769 1810 BentleiuS.

237 1832 554 1911 Legebatur
588 1830 893 1914 ἀναγράφω.
940 1834 1167 1892 Deinde
1196 1834 1412 1903 πάππος
1443 1839 1565 1897 avis
1603 1839 1769 1898 intel·

236 1924 444 2000 ligitur.
471 1941 623 1980 -21
655 1942 741 2000 sq.
783 1922 847 1980 in
889 1926 958 1980 V.
1003 1943 1178 2002 supra
1221 1938 1353 2002 post
1393 1924 1474 1984 ὅτι
1513 1925 1605 1985 καὶ
1648 1928 1769 2010 Κάρ

233 2011 500 2090 leguntur
531 2012 614 2069 sic
641 2012 854 2088 scripta
872 2053 889 2082 ,
916 2009 1070 2091 τρίτη
1099 2019 1258 2092 μοῖρα
1283 2012 1336 2071 δὲ
1365 2011 1465 2074 εἶσὶ
1508 2014 1689 2097 (τρίτη
1714 2016 1771 2076 δὲ

234 2105 391 2178 μοῖρα
431 2097 544 2157 ἐστὶ
583 2099 675 2176 G.)
718 2102 814 2169 τῆς
845 2100 1013 2179 φυλῆς
1051 2099 1251 2181 (φιλίας
1290 2102 1384 2178 G.)
1435 2105 1469 2174 ἡ
1514 2104 1771 2188 φρατορία

232 2183 469 2252 οὕστινας
485 2184 691 2266 τριτοὺς
716 2184 878 2264 λέγει.
898 2205 1048 2244 -22
1078 2185 1255 2269 τριτὺν
1278 2188 1407 2246 Ald.

310 2278 455 2351 766,
502 2279 575 2336 23
620 2276 981 2336 scribebatur
1016 2278 1114 2337 hic
1150 2291 1209 2338 et
1253 2279 1402 2339 infra
1440 2294 1769 2342 constanter

232 2367 421 2425 Πισ-.
442 2406 524 2418 -
548 2373 622 2433 24
649 2365 1015 2425 scribebatur
1036 2365 1155 2426 οὔτε
1177 2366 1330 2449 περὶ,
1360 2369 1519 2445 quod
1545 2384 1768 2431 rectum

230 2466 316 2512 est
347 2455 395 2514 si
422 2452 711 2512 scribatur
732 2454 850 2514 οὔτε
874 2453 954 2522 τίς
975 2459 1003 2514 6
1023 2455 1257 2516 Πεισίου.
1283 2495 1347 2506 -
1370 2458 1444 2514 25
1465 2458 1770 2520 scribeba-

232 2555 326 2600 tur
353 2541 602 2623 Χείροσι,
640 2542 921 2610 Πυλαίαις.
949 2588 1012 2600 .-.
1042 2543 1116 2602 28
1143 2545 1353 2626 θανάτῳ
1381 2546 1515 2605 Ald.
1564 2569 1623 2606 τε
1647 2569 1763 2609 0111.

230 2635 321 2706 Ὺ.,
343 2651 415 2688 ex
435 2651 555 2709 quo
582 2651 656 2709 29
676 2634 913 2691 accessit
932 2633 1023 2692 καὶ
1046 2631 1309 2710 ἐδημεύθη
1332 2635 1499 2712 (adde
1517 2638 1553 2706 ἡ
1573 2636 1765 2716 οὐσία).

226 2759 305 2772 -
331 2721 401 2779 33
429 2719 688 2780 Φαίνεται
714 2711 850 2780 εἶναι
896 2721 1041 2802 (haec
1094 2742 1209 2781 om.
1251 2721 1349 2802 G.)
1398 2721 1608 2802 λέγεται
1635 2715 1768 2784 εἶναι

224 2803 325 2884 V.‚
349 2821 407 2868 et
432 2810 493 2868 in
518 2829 698 2890 marg.
727 2828 763 2869 a
784 2830 861 2870 m.
891 2831 1009 2870 sec.
1038 2834 1122 2893 γρ.
1149 2809 1410 2891 βούλεται.
1439 2851 1502 2864 -
1528 2817 1601 2883 34
1628 2817 1767 2876 scri-

223 2898 472 2957 bebatur
502 2897 736 2978 Χείροσι.
774 2937 838 2949 -
877 2899 952 2957 35
986 2903 1194 2981 πρῶτον
1223 2906 1530 2961 Porsonus.
1573 2909 1763 2982 Lege-

224 2984 399 3044 batur
436 2989 646 3065 πρῶτα.
695 2987 1014 3045 Meinekius
1063 2990 1250 3069 πρῶτα
1297 2986 1393 3067 μὲν
1432 2980 1540 3051 οὖν.
1575 3025 1657 3037 -
1690 2994 1762 3050 36

224 3071 766 3155 Πεισίαν-Διιτρέφη
814 3074 1215 3153 (scribebatur
1262 3079 1516 3159 Διιτρεφῆ
1534 3079 1572 3156 ).
1626 3083 1764 3139 Haec

222 3164 458 3220 nomina
481 3164 675 3221 locum
697 3182 816 3220 11011
839 3163 1058 3222 habent
1086 3165 1146 3222 in
1172 3179 1360 3224 metro
1392 3169 1760 3246 anapaestico.

224 3250 470 3309 Videtur
527 3250 815 3310 addidisse
869 3253 1173 3311 scholiasta
1198 3298 1216 3328 ,
1276 3255 1764 3332 quemadmodum

220 3338 530 3416 Eupolidis
577 3339 845 3398 versibus
870 3340 930 3398 in
958 3340 1182 3398 scholio
1205 3340 1358 3400 Nub.
1388 3362 1500 3418 997
1533 3344 1765 3422 Hippo-

220 3429 398 3486 cratis
437 3428 691 3487 filiorum
734 3428 969 3486 nomina
995 3441 1128 3486 suut
1162 3429 1471 3508 adscripta.
1517 3430 1760 3492 Suidas:

222 3515 422 3576 Πισίαν
454 3538 467 3573 :
498 3513 620 3597 τρία
647 3512 894 3574 κνώδαλά
926 3536 1084 3595 φησιν
1109 3515 1514 3599 Ἀριστοφάνης,
1541 3517 1761 3593 Πισίαν,

218 3601 537 3685 Ὀσφρύωνα
559 3602 825 3688 (ὀσφύωνα
841 3607 1015 3664 Paris.
1035 3608 1080 3663 B
1102 3617 1160 3663 et
1173 3606 1468 3683 Bruxell.)‚
1493 3609 1761 3688 Διιτρερῆ.

215 3695 407 3751 Dum.
442 3696 587 3764 Quae
615 3692 868 3752 Hanovii
895 3713 1131 3772 quoque
1159 3705 1218 3752 et
1242 3694 1513 3753 Meinekii
1539 3707 1761 3753 senten-

216 3782 400 3839 tentia
440 3793 529 3838 est
567 3785 728 3841 Com.
764 3785 827 3855 Ι,
877 3799 938 3859 p.
994 3782 1122 3839 153.
1162 3782 1405 3860 Bergkio
1434 3785 1754 3842 Commeat.

214 3888 276 3947 p.
326 3877 440 3937 242
502 3869 683 3945 ipsius
727 3888 851 3927 esse
890 3869 1107 3928 Cratini
1142 3869 1322 3929 verba
1372 3869 1661 3943 videntur,
1703 3884 1762 3930 et

217 3975 425 4016 versus
464 3956 775 4033 glyconeus
815 3958 1113 4033 praemisso
1146 3959 1361 4016 cretico
1389 3980 1402 4015 ι
1437 3958 1596 4036 quod
1634 3978 1759 4018 me-

215 4057 377 4103 trum
420 4062 552 4103 cum
594 4056 928 4103 tetrametro
973 4046 1320 4121 anapaestico
1365 4047 1761 4107 consociatum

213 4131 694 4211 deprehendebat
730 4131 789 4190 in
819 4131 1140 4210 fragmento
1176 4133 1395 4193 Comici
1425 4134 1637 4193 veteris
1663 4154 1757 4213 ap.

210 4225 370 4282 Plut.
396 4228 547 4281 Mor.
576 4243 633 4300 p.
666 4242 760 4296 27,
791 4226 852 4282 C.
883 4224 1047 4281 Cous.
1076 4224 1320 4283 Meinek.
1345 4224 1429 4283 ib.
1460 4245 1519 4303 p.
1548 4226 1678 4283 161.

303 4312 443 4383 767,
482 4313 558 4388 39
588 4310 684 4376 Εἰς
707 4308 835 4369 αὐτό
855 4312 920 4371 Ὺ.
959 4330 1072 4388 pro
1100 4308 1320 4378 Ἄλλως.
1365 4310 1529 4370 Idem
1571 4312 1761 4389 pergit

209 4401 243 4456 6
275 4394 465 4479 πέρδιξ
511 4397 801 4479 πανουργία
842 4395 1076 4478 ἐξαπατᾷ
1113 4395 1234 4466 τοὺς
1275 4396 1544 4480 θηρευτάς.
1581 4398 1627 4456 εἰ
1671 4388 1759 4457 οὖν

210 4483 310 4545 καὶ
341 4490 370 4545 6
398 4484 505 4552 υἱὸς
529 4487 684 4544 αὐτοῦ
712 4484 956 4566 βούλεται
978 4482 1154 4563 ὅμοιος
1177 4486 1320 4568 αὐτῷ
1340 4483 1600 4565 γενέσθαι.

301 4575 450 4651 768,
479 4581 552 4641 44
590 4592 674 4651 sq.
713 4571 1244 4651 καταλαμὸανόμενοι
1279 4572 1383 4632 ὑπὸ
1420 4577 1525 4632 τῶν
1551 4571 1758 4655 ἀνθρώ-

208 4684 338 4721 πων
369 4663 715 4740 μηχανῶνται
741 4658 877 4721 οὕτω
902 4659 999 4733 τὴν
1028 4658 1294 4740 σωτηρίαν
1318 4667 1408 4735 R.,
1436 4662 1538 4740 qui
1566 4661 1639 4730 46
1660 4660 1763 4743 γὰρ

211 4770 344 4809 0111.
391 4787 455 4800 -
486 4758 561 4827 49
589 4771 802 4827 κατεγν.
845 4748 931 4809 ἐπὶ
964 4753 1138 4833 φυγῇ,
1186 4749 1261 4807 52
1298 4757 1477 4832 φυγεῖν
1514 4752 1578 4809 V.
1623 4786 1685 4798 -
1733 4771 1754 4809 1

209 4834 588 4899 scribebatur
607 4839 840 4897 τιθεῖσιν.
861 4875 926 4887 -
948 4838 983 4895 6
1003 4833 1406 4915 ἐπισπωμένως,
1431 4837 1467 4894 8
1487 4835 1762 4918 ὃιαδρᾶσαι

211 4931 292 4986 Ὺ.
325 4920 683 5007 διαδιδράσκει
711 4930 784 4984 G.
1104 4918 1109 4921 ’

306 5015 432 5091 769
453 5015 515 5072 in
530 5019 604 5072 V.
628 5013 981 5093 adscriptum
1005 5017 1041 5085 ἡ
1061 5009 1269 5095 ἄντῳδὴ
1290 5011 1411 5086 ἤτοι
1426 5009 1763 5094 ἀναστροφή.

310 5122 458 5181 772,
488 5112 555 5172 14
588 5101 857 5184 πτερύγων
889 5103 1022 5164 ΑΜ.
1055 5100 1146 5163 τὸν
1172 5101 1319 5176 ἥλιον
1348 5107 1421 5163 R.

3281 325 3397 381 ⁴⁸⁷

1950 442 2095 504 774,
2142 435 2212 492 16
2255 435 2476 518 Θρᾴκης
2523 438 2961 521 ποταμὸς-ἔχων
3005 449 3074 504 V.
3117 481 3181 496 —
3234 447 3302 505 18
3349 447 3399 505 οἳ

1863 513 2059 599 ὄρνιθες
2087 521 2304 582 Victor.
2644 532 2663 550 '

1884 641 1893 652 -
1950 608 2093 681 782,
2128 609 2202 667 25
2227 609 2316 670 τὸν
2341 609 2486 694 ἱερέα
2513 618 2577 673 V.

1946 697 2084 769 787,
2119 699 2188 756 31
2215 703 2417 781 μικρῶν
2448 706 2519 760 R.

1948 806 2094 861 790,
2126 787 2199 844 35
2229 807 2318 866 sq.
2351 786 2540 866 λόγιος.
2575 789 2875 850 διεὸάλλετο
2905 790 2961 849 δὲ
2994 793 3066 859 ὣς
3099 790 3403 871 καταχέσας

1862 868 1932 929 τὰ
1959 871 2251 953 στρώματα
2273 877 2451 937 αὐτοῦ.
2500 875 2683 945 ἕξετίλ.
2710 880 2781 940 R.
2808 878 2980 944 ἄλλως
3002 878 3060 951 δὲ
3074 886 3141 940 Ὺ.
3159 893 3217 939 et
3240 880 3401 942 Suid.

1863 980 1906 1017 ⁵.
1937 962 2223 1031 Χεζητιῶν.
2253 963 2309 1022 δὲ
2333 985 2448 1023 0111.
2473 966 2604 1024 Ala.
2628 1005 2689 1015 --
2711 967 2787 1025 36
2809 965 2902 1025 καὶ
2926 967 3112 1035 οὐέσας
3128 973 3201 1026 Ὺ.

1945 1051 2091 1125 793,
2121 1051 2194 1108 38
2220 1053 2367 1131 ὑμῶν
2394 1052 2455 1112 ἂν
2482 1051 2624 1120 ὅστις
2647 1059 2716 1118 R.

1943 1148 2055 1212 794
2076 1183 2090 1211 ,
2135 1149 2204 1208 41
2255 1142 2556 1220 βουλευταῖς
2602 1141 2930 1221 βουλευτικὸς
2970 1147 3039 1201 R.
3070 1145 3139 1201 V.
3185 1139 3402 1223 ἒφήόοις

1860 1225 2082 1309 ἑφηὸίης
2098 1233 2167 1286 V.
2193 1266 2256 1278 -
2280 1238 2354 1298 42
2375 1226 2431 1288 δὲ
2452 1250 2567 1288 0111.
2594 1235 2665 1289 R.
2698 1228 2805 1289 ἀπὸ
2826 1229 2941 1288 ἀντὶ
2967 1232 3017 1288 θ.
3040 1233 3108 1288 V.
3134 1228 3262 1287 Ald.
3284 1227 3401 1287 ἀντὶ

1859 1319 1952 1374 τοῦ
1977 1314 2084 1375 ἀπὸ
2108 1320 2153 1374 θ.
2183 1322 2486 1376 Kusterus.

1941 1407 2086 1480 798,
2129 1406 2202 1474 43
2235 1408 2314 1485 τῷ
2352 1425 2465 1464 om.
2500 1408 2567 1463 V.
2605 1441 2666 1453 —
2705 1414 2779 1474 44
2818 1403 3107 1482 ἱμαντάρια
3133 1402 3336 1462 Suidas
3356 1422 3400 1464 3.

1858 1490 2155 1572 Διιτρέφης.
2203 1492 2536 1571 Legebatur
2576 1490 2925 1573 αἷμα-ντάρια.
2962 1528 3025 1543 --
3066 1501 3140 1567 49
3177 1489 3272 1549 καὶ
3296 1489 3404 1550 ἀπὸ

1862 1577 1984 1655 (ὑπὸ
2009 1579 2107 1658 V.)
2149 1582 2242 1652 τῆς
2282 1584 2589 1664 Διιτρεφοῦς
2625 1586 2692 1641 V.
2734 1581 2864 1641 Ald.
2893 1618 2957 1632 -
2990 1581 3056 1639 51
3105 1580 3195 1639 καὶ
3227 1582 3400 1639 πολυ-

1857 1663 2120 1747 πράγμων
2151 1668 2413 1727 additum
2435 1690 2506 1728 ex
2525 1673 2599 1727 R.
2632 1705 2694 1718 -·
2723 1670 2795 1727 52
2824 1668 2915 1728 καὶ
2940 1666 3081 1738 ξένον
3110 1688 3403 1746 gramma-

1861 1753 1993 1826 tici,
2039 1773 2157 1813 11011
2202 1757 2410 1815 00111ἰοὶ
2458 1775 2581 1815 esse
2626 1756 2875 1815 videtur.
2929 1757 3103 1830 Quod
3130 1776 3202 1814 ex
3229 1754 3403 1818 Suida

1858 1843 2187 1902 confirmari
2216 1857 2415 1904 monet
2454 1846 2702 1903 Meiuek.
2748 1851 2913 1903 Com.
2951 1851 3008 1919 1,
3053 1865 3112 1924 p.
3142 1845 3276 1902 626.
3312 1841 3402 1902 τὸν

2312 1957 2346 1990 G'

1858 1995 2010 2074 μόσις
2035 2006 2099 2061 Ὺ.
2126 2000 2215 2061 τὸν
2242 2024 2344 2079 μου
2365 2007 2438 2060 G.
2462 2041 2528 2053 -
2550 2022 2574 2060 1
2605 2001 2849 2074 Ἀττικῆς
2870 2008 2939 2062 G.
2969 1999 3188 2077 θάλινα,
3216 2024 3248 2062 2
3271 2007 3397 2063 ἱππ.

1856 2086 1948 2146 καὶ
1981 2090 2099 2149 ἐπλ.
2129 2095 2200 2150 V.
2236 2091 2351 2162 Qui
2388 2091 2452 2149 in
2481 2092 2593 2149 fine
2620 2090 2781 2150 addit
2807 2082 2954 2158 οἶτος
2980 2090 3401 2172 πολυπράγμων.

1941 2207 2055 2264 799
2075 2230 2092 2260 ,
2123 2187 2157 2246 5
2191 2208 2275 2267 sq.
2303 2185 2496 2247 Verba
2513 2185 3006 2269 Παρὰ-Αἰσχύλου
3054 2200 3312 2265 spectant
3334 2187 3406 2246 ad

1857 2275 2188 2353 proximum
2209 2272 2383 2342 ξουθὸς
2399 2272 2827 2355 ἱππαλεκτρυών,
2852 2273 2924 2332 de
2944 2294 3064 2352 quo
3085 2274 3202 2333 vid.
3220 2274 3401 2334 schol.

1855 2367 1988 2423 Pac.
2028 2384 2048 2422 1
2066 2383 2196 2436 177.
2227 2366 2411 2420 Dum.
2438 2358 2807 2444 Μυρμηδόνων
2827 2365 2898 2420 V.
2925 2383 3015 2438 γε.
3040 2406 3054 2420 .
3081 2405 3095 2420 .
3125 2357 3183 2420 δὲ
3208 2361 3403 2444 ἀρτίως

1856 2451 1979 2530 (ἤδη
2000 2451 2146 2529 Ald.)
2172 2448 2289 2528 μέγ.
2313 2454 2383 2508 R.
2410 2449 2536 2508 sine
2558 2446 2657 2508 ὅτι.

1937 2541 2084 2619 800,
2108 2560 2147 2616 9
2170 2536 2496 2619 ἐντιμότερος
2518 2542 2591 2596 R.
2621 2532 2932 2617 τιμιώτερος
2953 2535 3087 2594 Ald.

1937 2630 2073 2703 801,
2110 2630 2175 2686 13
2207 2647 2333 2706 sqq.
2367 2624 2580 2698 ἐξῆλθον
2615 2624 2708 2684 καὶ
2745 2621 2825 2703 (δὲ
2847 2624 3002 2702 Ald.)
3039 2626 3089 2681 oi
3117 2621 3209 2683 δύο
3237 2625 3400 2686 ἐπτε-

1857 2714 2081 2799 ρωμένοι
2110 2713 2203 2775 καὶ
2237 2715 2391 2774 ἄλλοι
2414 2710 2590 2781 καθὼς
2619 2711 2832 2790 εἴπομεν
2860 2711 3038 2770 habet
3060 2717 3135 2770 G.

1937 2808 2052 2865 806
2069 2849 2086 2879 ,
2123 2826 2193 2883 19
2227 2799 2645 2882 ἀποκεκομμένῳ
2671 2801 2802 2860 Ald.
2829 2838 2893 2850 -
2921 2820 2991 2858 21
3032 2802 3107 2881 τῷ
3135 2801 3341 2882 ἐχθρῷ,
3369 2803 3398 2858 6

1854 2893 1910 2953 δὲ
1939 2918 1989 2955 κ.
2014 2898 2093 2977 τῷ
2115 2890 2456 2976 προμετώπῳ
2473 2889 2868 2970 κεκοσμημένος
2887 2894 2958 2949 V.

1935 2993 2071 3065 807,
2100 2992 2177 3049 25
2218 3010 2343 3069 sqq.
2374 2988 2633 3065 AEschyli
2669 3006 2873 3047 versus
2907 2985 3078 3045 affert
3109 2983 3317 3044 Suidas
3345 3004 3393 3043 S.

1852 3080 1977 3159 Οὐχ
2007 3078 2094 3137 ὑπ’
2124 3077 2300 3137 ἄλλων
2341 3076 2467 3155 (ubi
2506 3077 2759 3155 primum
2796 3093 3032 3136 versum
3073 3071 3306 3153 omisit)
3337 3085 3400 3131 et

1852 3166 2027 3227 Ταυτὶ
2055 3166 2169 3245 μίν.
2198 3204 2264 3216 —
2288 3168 2363 3224 25
2391 3163 2467 3224 ὅδ’
2495 3165 2715 3225 Suidas.
2746 3162 3077 3241 Legebatur
3099 3163 3172 3228 ὥς
3193 3158 3268 3218 δὲ.
3298 3150 3399 3218 ὧδ’

1850 3254 1963 3315 ἐστὶ
2013 3253 2190 3334 μύθων
2235 3256 2342 3313 τῶν
2378 3251 2626 3312 Λιὸυκῶν
2680 3251 2743 3310 τὸ
2783 3250 2934 3317 κλέος
2981 3249 3288 3309 scholiasta
3317 3255 3401 3309 A-

1851 3341 2122 3421 phthonii
2148 3343 2210 3401 in
2235 3341 2443 3401 Walzii
2468 3341 2667 3399 Rhett.
2698 3340 2813 3399 vol.
2843 3359 2910 3413 2,
2938 3358 2997 3418 p.
3035 3358 3122 3397 12.
3153 3340 3311 3413 μῦθος
3329 3343 3401 3400 Ὺ,

1848 3469 1909 3481 -
1927 3432 2002 3488 28
2026 3431 2197 3490 αὐτῶν
2220 3429 2356 3489 Ald.
2377 3431 2551 3495 αὐτοῖς
2569 3433 2639 3488 Ὺ.
2659 3464 2723 3479 -
2747 3447 2822 3504 29
2843 3425 3202 3505 ἁλισκόμεσθα
3223 3426 3385 3487 Suid.

1850 3519 2044 3579 Ceteri
2079 3517 2420 3596 ἇλισκόμεθα.
2451 3516 2597 3575 Vide
2632 3522 2877 3575 Porson.
2915 3513 2990 3573 ad
3027 3514 3229 3593 Eurip.
3258 3518 3388 3572 Me-

1849 3609 2016 3668 deam
2048 3611 2190 3684 139,
2213 3609 2394 3679 VIII,
2433 3606 2534 3683 qui
2573 3604 2819 3663 aliorum
2854 3603 3204 3683 scriptorum
3232 3603 3389 3661 locos

1850 3696 2130 3775 quosdam
2156 3693 2466 3765 indicavit,
2488 3691 2702 3771 quibus
2721 3691 3001 3752 Galenum
3024 3690 3173 3750 adde
3190 3689 3305 3748 vol.
3332 3688 3387 3764 5,

1852 3804 1906 3862 p.
1939 3793 2048 3853 144
2072 3784 2164 3845 ed.
2193 3782 2450 3844 Charter.
2475 3804 2489 3839 :
2513 3779 2604 3839 καὶ
2631 3777 2758 3860 τάχ’
2784 3780 2886 3858 οὔχ
2910 3777 3000 3837 ὑπ’
3026 3776 3219 3851 ἄλλων,
3249 3776 3387 3836 ἀλλὰ

1848 3879 1955 3939 τοῖς
1986 3873 2158 3930 αὑτῶν
2187 3877 2394 3951 πτεροῖς
2420 3867 2763 3946 ἁλισκόμεθα.
2792 3871 2976 3925 Dum.
3012 3902 3075 3915 -
3106 3864 3181 3921 30
3211 3859 3384 3921 αἰετὸν

1849 3964 1915 4017 V.
1979 3954 2336 4039 τρωννύμενον
2375 3954 2467 4014 καὶ
2519 3952 2742 4033 λέγοντα
2764 3957 2832 4012 Ὺ.
2860 3950 2994 4012 Ald.
3026 3986 3086 4001 -
3116 3953 3185 4009 31
3217 3955 3386 4009 ταῦτα

1850 4066 1966 4105 0111.
1999 4052 2064 4103 R.

1928 4136 2043 4209 809
2060 4176 2077 4204 ,
2103 4134 2176 4192 38
2199 4128 2299 4191 Ἔν
2316 4153 2452 4190 τισιν
2472 4150 2588 4190 0111.
2611 4134 2686 4189 V.
2709 4162 2772 4178 —·
2793 4128 2869 4204 39
2889 4130 3043 4185 τοῦτο
3061 4123 3143 4184 ἔπ.
3166 4126 3232 4186 V.
3253 4124 3382 4184 Ald.

1928 4220 2075 4294 816,
2108 4229 2178 4289 44
2214 4239 2299 4297 sq.
2330 4217 2629 4297 legebatur
2657 4215 2763 4274 οὐδ’
2806 4215 3176 4293 ἄσπαρτον.-
3195 4221 3271 4289 49
3294 4233 3387 4290 μοι

1852 4307 2007 4367 αὐτὸν
2043 4314 2105 4367 R.
2128 4310 2199 4365 V.
2222 4338 2307 4357 —
2335 4307 2408 4365 50
2431 4311 2466 4380 ἡ
2494 4302 2667 4387 κειρία
2690 4301 2747 4362 δὲ
2774 4307 2846 4362 Ὺ.
2875 4307 3184 4383 παρεοικυῖα
3209 4304 3282 4360 R.

1929 4398 2043 4455 822
2063 4440 2080 4470 ,
2105 4399 2139 4456 3
2167 4393 2489 4477 Προείρηκεν
2509 4397 2583 4452 Ὺ.
2609 4391 2736 4450 ΔΙά.
2762 4426 2826 4440 -
2847 4392 2879 4448 5
2902 4379 2974 4455 εἶς
2994 4385 3090 4466 μὲν
3106 4430 3123 4461 ,
3161 4386 3381 4466 Rhegi-

1849 4502 1959 4541 nus
1978 4527 1995 4558 ,
2025 4483 2096 4541 de
2118 4502 2237 4560 quo
2260 4482 2395 4540 vide
2421 4485 2656 4541 Kuster.
2677 4477 2752 4538 ad
2769 4476 3007 4538 Suidam
3026 4494 3070 4533 s.
3093 4472 3382 4551 Θεαγένης.

1849 4573 1961 4632 Hic
1999 4583 2057 4629 et
2098 4573 2133 4629 6
2179 4574 2207 4629 6
2248 4586 2364 4629 0111.
2389 4574 2466 4628 V.
2501 4604 2568 4619 —
2593 4586 2625 4641 7
2655 4559 2926 4650 περαΐτης,
2959 4582 3084 4622 voc.
3115 4562 3381 4640 dubium,

1849 4659 2068 4719 omittit
2090 4659 2314 4719 Suidas.

1933 4748 2046 4805 823
2066 4789 2083 4819 ,
2118 4749 2185 4805 13
2209 4744 2270 4804 τὸ
2296 4764 2413 4803 0111.
2436 4746 2504 4803 Ὺ.
2533 4740 2590 4800 δὲ
2618 4762 2731 4800 0111.
2755 4745 2826 4801 R.

1930 4834 2078 4909 825,
2110 4854 2184 4892 22
2212 4836 2376 4892 εἰπεῖν
2402 4843 2463 4892 et
2490 4831 2564 4888 23
2589 4831 2762 4889 αὐτῶν
2786 4848 2903 4888 om.
2923 4831 2995 4888 V.
3029 4825 3161 4886 ΔΜ.
3195 4827 3384 4905 ὑπερε-

1850 4922 2105 4984 ὃάλλοντο
2117 4926 2186 4983 Ὺ.
2208 4919 2531 5004 ὑπερέὸαλον
2554 4919 2684 4978 Ald.
3119 4958 3125 4963 -

1930 5011 2069 5086 827,
2097 5011 2170 5067 26
2190 5008 2372 5089 ἔφερον
2391 5012 2464 5067 R.
2481 5042 2549 5058 -
2565 5024 2639 5079 27
2659 5001 3045 5081 Παναθηναίων
3067 4999 3384 5081 Bet-glenn-

1854 5097 2183 5178 Legebatur
2203 5093 2508 5171 Ἀθηναίων.
