3859 5725
1420 306 1795 371 SCIIOLIA
1847 309 1941 370 IN
1995 307 2349 370 VESPAS-

1883 476 1900 539 ῃ
2014 473 2112 516 704.
2157 454 2489 534 (τιθασευ-ι-ήν
2521 476 2537 518 :
2567 454 2671 519 Ἓν
2707 480 2741 517 σ
2776 457 2862 517 διὰ
2892 458 2951 519 τὸ
2988 457 3199 544 μέτρον.
3229 461 3316 523 τὸν
3340 469 3501 546 θερα..

352 487 451 530 001.
492 468 554 527 οὗ
581 463 957 547 φανεροποιῶν.
978 463 1043 515 V·

3382 327 3488 380 151

353 575 452 618 σοι.
498 553 637 632 (τοὺς
665 560 806 635 τρεῖς
825 546 1043 617 &oze-5<
1067 569 1083 609 ε
1119 545 1229 608 Τὸν
1257 543 1413 627 φόρον
1443 542 1615 624 λέγει,
1642 542 1730 624 ἀφ’
1771 533 1843 602 ὧν
1887 544 1898 617 Ι
1932 541 2161 603 πεύοντά
2194 567 2253 603 σε
2278 543 2372 603 καὶ
2393 544 2651 627 τρέφοντα
2676 545 2769 606 καὶ
2789 547 3181 628 κολακεύοντα.)

275 643 476 705 ἐδίδοτο
501 642 564 702 τὸ
595 638 904 724 τριώὅολον.
933 642 1089 698 τοῦτο
1116 636 1172 695 δὲ
1208 633 1398 694 ἄλλοτε
1427 631 1601 700 ἄλλως
1624 629 1844 704 ἐδίδοτο,

272 735 381 792 τῶν
423 731 759 810 δημαγωγῶν
794 727 864 788 τὰ
901 724 1079 799 πλήθη
1122 722 1537 798 κολακευόντων,
1577 716 1648 787 ὥς
1687 740 1847 800 φησιν

218 843 247 881 ε
276 818 635 902 Ἀριστοτέλης
663 819 718 875 ἐν
737 812 1061 879 Πολιτείαις.
1084 809 1387 888 κατάπυγον
1413 807 1469 868 δὲ
1487 804 1846 886 πεπορνευμέ-

276 929 383 967 νον.

357 910 459 1055 οὲ7.
508 990 761 1076 (Χαιρέου
786 989 894 1058 υἱός
923 1010 938 1050 t
964 978 1096 1050 Οἶον
1129 984 1247 1047 οὐδὲ
1269 984 1480 1063 γνήσιος
1501 982 1733 1056 πολίτης.
1759 981 1848 1041 τὸν

276 1083 381 1166 γὰρ
393 1080 636 1164 Χαιρέαν
659 1079 888 1147 Εὔπολις
906 1082 961 1137 ἐν
976 1075 1216 1144 Βάπταις
1232 1079 1303 1143 ὡς
1321 1073 1460 1144 ξένον
1479 1072 1763 1153 κωμῳδεῖ.)
1780 1106 1851 1116 —

278 1173 339 1231 οὔ
360 1169 503 1250 λέγει
528 1169 591 1228 τὸ
618 1168 783 1247 ὄνομα
808 1169 986 1227 αὗτοἿ.
1009 1174 1075 1224 V.

206 1280 255 1317 ιυ
355 1277 455 1319 σεε.
499 1254 883 1338 (τρυφερανθείς
904 1275 920 1318 :
945 1255 1082 1315 Ἀντί
1108 1256 1202 1311 τοῦ
1228 1252 1482 1331 μαλακῶς
1502 1246 1747 1327 σταθείς.)

360 1342 727 1427 τρυφερανθείς
761 1339 1183 1425 εΤρυφερωθείς.
1219 1348 1341 1399 Vici.

360 1451 460 1492 080.
503 1435 595 1489 τοῦ
621 1428 914 1511 ὡρισμένου
940 1432 1144 1509 καιροῦ.
1169 1442 1235 1489 V.

363 1539 462 1579 000.
490 1517 552 1578 τὸ
577 1518 863 1598 τριώὅολον
908 1518 967 1575 οὗ
1009 1522 1273 1594 κομιεῖται
1315 1534 1331 1573 :
1376 1510 1475 1579 Ὦς
1524 1508 1667 1578 ἔθους
1708 1508 1852 1576 ὄντος

286 1605 415 1685 πρὸς
442 1605 661 1685 σημεῖόν
689 1628 743 1664 τι
775 1603 1074 1679 ἐκκείμενον
1094 1600 1420 1684 ἀθροίζεσθαι
1442 1597 1562 1666 τοὺς
1581 1595 1849 1666 δικαστάς.

208 1717 259 1757 1⁸
288 1695 363 1773 (ἐν
391 1695 507 1767 ἤθει
534 1693 589 1753 δὲ
613 1694 822 1773 ταῦτα.)

362 1803 463 1844 001.
516 1781 689 1860 (αὐτὸς
733 1780 788 1841 δὲ
826 1779 970 1862 φέρει
1005 1779 1068 1840 τὸ
1110 1771 1450 1858 συνηγορικόν
1495 1795 1511 1836 t
1557 1772 1726 1855 Ὑπὲρ
1761 1778 1854 1834 τοῦ

280 1874 661 1951 συνηγορῆσαι.
691 1868 991 1948 ἐλάμὸανον
1022 1866 1126 1950 γὰρ
1153 1869 1201 1926 οἱ
1233 1864 1442 1948 ῥήτορες
1475 1861 1742 1945 δραχμὴν,
1767 1861 1854 1921 ὅτε

281 1959 598 2040 συνηγόρουν
624 1956 755 2038 ὑπὲρ
780 1962 875 2030 τῆς
908 1956 1138 2029 πόλεως,
1167 1951 1202 2025 ἢ
1237 1951 1369 2034 ὑπὲρ
1400 1951 1563 2010 ἄλλου
1595 1950 1747 2018 τινός.
1797 1951 1857 2009 ἐκ

276 2046 467 2107 τούτου
495 2043 552 2106 δὲ
577 2044 819 2128 φαίνεται
845 2044 927 2103 ὅτι
958 2040 1268 2125 μισθοφόρος
1298 2032 1365 2114 ἦν
1389 2043 1423 2111 ἡ
1449 2037 1614 2120 ἀρχή.
1646 2041 1857 2121 κληρω-

198 2165 255 2203 2⁰
276 2135 401 2202 τοὺς
423 2133 481 2194 δὲ
508 2132 817 2215 γενομένους
853 2132 981 2193 δέκα
1008 2130 1323 2212 συνηγόρους
1351 2125 1713 2209 Ἀριστοτέλης
1749 2149 1857 2207 φη-

280 2221 379 2282 σίν.

360 2225 459 2372 293.
504 2308 961 2392 κακουργήσαντε.
988 2320 1053 2366 V.

361 2417 462 2458 ⁶94.
508 2387 645 2478 (κᾷθ’
671 2399 742 2464 ὥς
762 2396 952 2477 πρίονα
993 2417 1011 2457 z
1037 2395 1133 2463 Ὡς
1159 2397 1207 2454 οἱ
1239 2391 1507 2476 πρίζοντες
1539 2393 1859 2474 διαφιλονει-

280 2490 462 2557 κοῦσι,
487 2482 570 2551 τίς
589 2483 719 2565 πρὸς
737 2482 920 2541 ἑαυτὸν
946 2482 1194 2561 έλκύσει.)
1226 2520 1297 2529 --
1320 2479 1722 2547 ἐσπουδακότες.
1752 2491 1815 2538 V.

197 2603 259 2641 ας,
364 2594 463 2634 ms.
508 2571 593 2650 (σὺ
623 2570 679 2631 δὲ
714 2570 1001 2651 χασκάζεις
1039 2591 1055 2633 :
1090 2569 1229 2631 Ἀντὶ
1261 2575 1352 2630 τοῦ
1402 2570 1696 2649 ἐπιτηρεῖς,
1731 2565 1860 2627 πότε

344 2663 411 2742 θῃ
435 2664 465 2719 δ
484 2659 824 2741 κωλακρέτης
854 2660 946 2718 καὶ
978 2657 1164 2740 ἐνέγκῃ
1203 2656 1284 2717 σοὶ
1322 2654 1385 2715 τὸ
1414 2654 1719 2737 τριώὸολον.
1749 2679 1860 2715 κω-

282 2748 544 2831 λακρέτης
568 2746 623 2807 δὲ
657 2749 900 2807 καλεῖται
929 2750 959 2807 ὁ
985 2745 1226 2827 κατέχων
1253 2742 1323 2804 τὰ
1355 2745 1613 2828 χρήματα
1641 2748 1735 2816 τῆς
1755 2743 1862 2802 πό-

283 2841 442 2910 λεως,
467 2835 704 2916 δταμίας
719 2842 813 2895 τοῦ
835 2836 1140 2897 δικαστικοῦ
1165 2838 1355 2914 μισθοῦ
1381 2834 1473 2893 καὶ
1497 2837 1601 2893 τῶν
1625 2835 1700 2901 εἷς
1719 2831 1863 2900 θεοὺς

285 2924 670 3003 ἀναλωμάτων.
699 2921 856 3002 νόμος
879 2923 935 2983 δὲ
960 2916 1025 2996 ἦν
1052 2923 1120 2983 τὰ
1147 2921 1539 2998 ὑπολειπόμενα
1568 2926 1660 2993 τῆς
1680 2921 1862 2989 θυσίας

203 3041 261 3082 ³0
283 3011 407 3080 τοὺς
427 3012 601 3094 ἱερέας
629 3010 941 3090 λαμὸάνειν,
983 3010 1020 3071 ἅ
1052 3014 1182 3071 εἰσιν
1211 3001 1317 3071 οἷον
1347 3008 1585 3092 δέρματα
1621 3007 1716 3068 καὶ
1750 3032 1858 3067 κω-

283 3103 399 3162 λαῖ.
440 3101 732 3182 ἐπιτηρεῖς,
769 3098 934 3180 φησὶ,
980 3099 1071 3159 τὸν
1114 3096 1334 3176 ταμίαν,
1373 3096 1504 3156 πότε
1547 3096 1637 3157 τὸν
1681 3095 1862 3176 μισθὸν

358 3188 482 3335 ῒέσ.)
510 3271 600 3332 τὸν
628 3274 743 3333 θῖνα
767 3258 1041 3356 ταράττεις
1068 3293 1083 3335 :
1119 3274 1237 3353 (Ἐκ
1264 3277 1421 3354 βυθοῦ
1450 3297 1517 3351 με
1545 3275 1722 3339 κινεῖς.
1746 3270 1864 3330 ἀντὶ

284 3368 380 3422 τοῦ
402 3361 501 3433 τὴν
520 3360 765 3443 καρδίαν.
794 3359 1078 3444 Εὐφρόνιος
1101 3359 1156 3420 δὲ
1178 3361 1270 3421 καὶ
1295 3358 1685 3439 σεσημειῶσθαί
1707 3382 1863 3441 φησιν

205 3479 259 3519 ³5
286 3449 369 3511 ὅτι
398 3447 491 3508 τὸν
515 3452 629 3508 θῖνα
660 3451 945 3530 ἀρσενικῶς
984 3451 1054 3515 ὡς
1081 3448 1175 3508 καὶ
1210 3448 1459 3530 Ὄμηρος
1487 3446 1722 3529 εἴρηκεν,
1760 3470 1867 3506 πα-

288 3536 444 3620 ρόσον
468 3538 561 3597 καὶ
588 3541 617 3596 ὁ
643 3536 720 3604 θὶς
765 3540 819 3596 ἐν
852 3535 1001 3616 βάθει
1041 3542 1131 3596 τοῦ
1166 3538 1429 3615 πελάγους
1457 3544 1629 3595 κεῖται
1675 3534 1767 3593 καὶ
1804 3533 1865 3593 τὸ

287 3625 508 3705 θυμικὸν
538 3629 591 3685 ἐν
622 3629 690 3707 τῇ
715 3624 946 3708 καρδία.)
969 3659 1038 3669 —-
1057 3628 1174 3684 θῖνα
1200 3623 1297 3698 τὴν
1323 3623 1545 3707 καρδίαν
1576 3626 1646 3692 ὡς
1674 3622 1865 3701 ἄνεμος

287 3715 386 3786 τὴν
413 3713 612 3793 ἅμμον.
634 3724 694 3772 R.

370 3822 471 3863 007.
518 3803 667 3880 (κούκ
702 3790 798 3860 οἶδ’
843 3799 926 3860 ὅτι
960 3804 1147 3880 χρῆμα
1181 3820 1196 3861 :
1246 3802 1345 3868 Εἷς
1378 3799 1431 3859 τί
1468 3823 1535 3880 με
1582 3796 1862 3870 διαθήσεις.

207 3916 264 3957 40
288 3895 446 3950 τοῦτο
474 3887 532 3948 δέ
568 3911 725 3971 φησιν
754 3892 826 3955 ὡς
872 3887 976 3961 ἤδη
1003 3886 1302 3967 ἡττώμενος
1338 3887 1433 3948 καὶ
1473 3886 1748 3958 δεδοικὼς,
1785 3882 1865 3945 ὅτι

290 3978 381 4038 ἐπὶ
408 3976 584 4059 ξίφους
609 3975 678 4036 τὰ
703 3979 799 4048 τῆς
828 3974 1154 4057 δημηγορίας
1177 3967 1241 4050 ἦν
1262 3977 1450 4059 αὐτῷ.)

370 4086 472 4126 090.
519 4062 839 4143 δημιζόντων
858 4084 872 4124 :
888 4067 1012 4125 Τῶν
1038 4064 1129 4124 τὸν
1148 4066 1313 4143 δῆμον
1338 4062 1680 4126 ἀπατώντων.
1699 4067 1867 4150 (ἐγκε-

287 4152 558 4224 κύκλησαι
580 4150 636 4209 δὲ
658 4148 1096 4232 μεταὸέὸλησαι.)

370 4259 474 4300 701.
530 4238 693 4317 (πλὴν
721 4237 912 4298 τοῦθ’ὃ
944 4240 1112 4322 φέρεις
1140 4260 1154 4302 :
1187 4244 1361 4301 Τοῦτο
1382 4239 1413 4299 δ
1443 4242 1613 4324 φορεῖς
1637 4242 1862 4322 ἱμάτιον.

203 4356 263 4397 45
289 4330 351 4388 ἐκ
376 4327 483 4408 γὰρ
504 4332 599 4386 τοῦ
635 4324 924 4408 τριωὸόλου
952 4326 1287 4409 τρεφόμενοι,
1312 4328 1404 4387 καὶ
1430 4330 1500 4397 εἷς
1532 4330 1863 4405 κατασκευὴν

289 4414 506 4496 ἱματίου
532 4412 928 4497 θησαυρίζοντες
960 4413 1154 4496 ὀλίγον,
1182 4415 1268 4475 διὰ
1314 4417 1509 4475 πολλοῦ
1541 4417 1732 4497 χρόνου
1762 4419 1865 4498 μό-

289 4528 373 4584 γις
409 4501 696 4582 συνάγουσι
737 4500 834 4559 dv
880 4501 1062 4583 πλήρη
1097 4501 1257 4582 τιμὴν
1294 4508 1386 4563 τοῦ
1423 4502 1657 4581 ἱματίου.
1697 4505 1759 4564 τὸ
1809 4504 1865 4566 δὲ

294 4593 472 4674 ἀκαρῆ
504 4588 778 4670 ἐπίρρημα
803 4589 918 4648 ἀντὶ
947 4596 1038 4649 τοῦ
1072 4589 1245 4672 βραχὺ
1274 4589 1366 4649 καὶ
1394 4589 1615 4670 οἰκτρόν.

373 4678 467 4738 καὶ
492 4682 640 4737 τοῦτ’
678 4676 803 4758 ἐρίῳ
841 4699 923 4737 σοι
957 4697 972 4738 1
1004 4677 1132 4738 Ἀπὸ
1175 4686 1475 4760 μεταφορᾶς
1510 4681 1614 4736 τῶν
1652 4677 1719 4737 τὰ
1751 4670 1863 4738 ὦτα

206 4795 268 4837 ω
295 4765 615 4845 ἀλγούντων,
643 4764 737 4824 καὶ
778 4762 846 4822 δι’
882 4764 1021 4846 ἐρίου
1058 4765 1480 4845 ἐπισταζομένων
1519 4763 1695 4824 ἔλαιον
1726 4766 1865 4826 κατὰ

438 4878 489 4914 υ.

294 4857 470 5004 ppt-52.
497 4856 698 5020 )ὦσπερ
728 4937 946 5021 ἄλευρον
978 4960 994 5001 :
1038 4938 1129 5018 (Ἥ
1159 4937 1337 5021 εἰκὼν)
1371 4938 1477 4999 ἀπὸ
1516 4944 1621 4999 τῶν
1663 4939 1864 5023 σφόδρα

293 5027 724 5112 ἀρρωστούντων.
758 5030 825 5104 (οἱ
853 5026 956 5111 γὰρ
993 5026 1133 5089 κατὰ
1163 5028 1349 5111 μικρὸν
1381 5028 1690 5110 βουλόμενοι
1726 5029 1866 5109 βάλ-

292 5120 401 5179 λειν
426 5118 551 5201 ἐρίῳ
575 5114 925 5195 ἐνστάζουσι.)

2014 630 2222 712 ἐπισίξῃ
2261 653 2276 693 :
2312 632 2600 715 Λυκόφρων
2642 633 2735 694 καὶ
2782 637 2830 694 οἱ
2870 635 2993 716 περὶ
3040 636 3395 720 Ἐρατοσθένη
3442 640 3502 699 τὸ

1935 717 2215 801 ἐπαφιέναι
2249 718 2343 789 τὰς
2377 722 2536 790 κύνας
2584 721 2855 792 ἐπισίζειν.
2886 724 2993 784 ἀπὸ
3033 730 3127 798 τ’ῆς
3154 726 3502 809 ἐπιφθέγξεως

1935 796 2025 865 οὗν
2055 806 2303 876 ἐπισίζειν
2332 808 2424 868 καὶ
2470 809 2532 869 τὸ
2576 811 2852 893 ἐπιρρύξαι
2881 815 3177 895 ἐφορμῆσαι
3218 816 3408 893 ὁμοίως
3434 822 3501 897 τῇ
3531 847 3557 886 ⁵

1937 916 2104 975 φωνῃ.

2017 1001 2117 1044 707.
2165 982 2359 1061 (πόλεις
2384 983 2555 1064 χίλιαι
2581 1003 2596 1046 :
2628 985 2767 1047 Ἀντὶ
2793 993 2884 1048 τοῦ
2927 989 3139 1050 πολλαί.
3173 994 3249 1073 τῷ
3281 994 3489 1075 ἀπηρτι-

1940 1070 2117 1152 σμένῳ
2146 1073 2351 1153 ἀριθμῷ
2377 1072 2659 1154 ἐχρήσατο.
2693 1073 2729 1146 ἢ
2758 1075 2849 1135 καὶ
2877 1077 2982 1136 ἀπὸ
3006 1079 3235 1160 ἱστορίας
3256 1079 3316 1139 τὸ
3338 1086 3502 1140 τοιοῦ-

1938 1182 2026 1217 τον
2057 1158 2297 1239 ἔλαὸεν.)

2021 1267 2119 1308 700.
2166 1246 2278 1324 (δύο
2307 1248 2554 1329 μυριάδες
2586 1271 2600 1310 :
2630 1247 2734 1310 Ἐκ
2756 1249 2969 1311 πολλῶν
2996 1253 3235 1335 φαίνεται
3262 1255 3384 1338 περὶ
3417 1281 3508 1316 το-
3539 1286 3591 1325 ιο

1941 1339 2123 1395 σοῦτον
2151 1335 2372 1415 ἀριθμὸν
2398 1336 2460 1396 τὸ
2488 1337 2774 1409 Ἀθηναίων
2797 1340 2994 1411 πλῆθος
3020 1338 3389 1421 προΐστασθαι.
3421 1343 3510 1402 καὶ

1940 1423 2276 1500 Δημοσθένης
2303 1423 2405 1505 γάρ
2432 1447 2591 1506 φησιν
2614 1425 2689 1504 [p.
2720 1447 2827 1502 785,
2856 1435 2928 1499 οι]
2961 1456 2986 1480 «ι
3017 1427 3119 1488 εἰσὶ
3154 1428 3199 1487 δ’
3245 1432 3376 1508 ὁμοῦ
3401 1431 3510 1490 δισ-

1943 1538 1969 1561 a
1992 1512 2166 1593 μύριοι
2195 1511 2387 1580 πάντες
2412 1512 2689 1584 Ἀθηναῖοι.
2716 1517 2769 1593 υ)

2022 1599 2075 1657 ἐν
2121 1608 2254 1659 πᾶσι
2294 1598 2519 1682 λαγῴοις
2554 1621 2569 1662 :
2619 1599 2713 1663 Ἐν
2757 1601 2941 1684 κρέασι
2967 1605 3165 1684 λαγῶν,
3208 1606 3262 1664 ἐν
3299 1608 3513 1686 ἀγαθοῖς

1941 1695 2093 1747 πᾶσι.
2146 1689 2319 1766 (τοῦτο
2354 1687 2457 1770 γὰρ
2498 1688 2649 1762 δηλοῖ
2680 1687 2742 1748 τὸ
2781 1694 2837 1751 ἐν
2873 1700 3008 1752 πᾶσι
3043 1692 3285 1776 λαγῴοις.

1941 1780 2032 1835 τοῦ
2057 1777 2112 1834 ἐν
2135 1778 2347 1858 τρυφῇ.)

2022 1884 2123 1925 710.
2169 1863 2259 1924 καὶ
2280 1864 2398 1946 πύῳ
2425 1867 2518 1927 καὶ
2538 1864 2767 1947 πυριάτῃ
2794 1887 2809 1928 :
2842 1867 3136 1948 (Πυριάτης
3153 1870 3214 1929 τὸ
3233 1871 3515 1953 πυρίεφθον

1945 1950 2049 2011 ὑπό
2080 1974 2235 2010 τινων
2279 1951 2817 2034 προσαγορευόμενον,
2858 1953 2887 2014 δ
2931 1957 3412 2027 κατασκευάζουσιν
3457 1962 3516 2018 ἐκ

1944 2042 2036 2097 τοῦ
2059 2036 2269 2121 πρώτου
2297 2039 2560 2118 γάλακτος
2584 2038 2719 2117 μετὰ
2740 2040 2830 2100 τὸν
2857 2040 3032 2103 τόκον.

2194 2180 2313 2230 πυὸν
2332 2180 2595 2244 δαινύμενοι
2617 2182 2997 2246 κάμπιπλάμενοι
3021 2184 3263 2248 πυριάτην.
3546 2212 3600 2250 20

3398 1695 3516 1755 ἀντὶ
3549 1729 3594 1766 15

1947 2302 2079 2382 ὅθεν)
2126 2302 2261 2362 τισὶν
2291 2301 2431 2371 ἔδοξε
2466 2303 2597 2363 πυὸν
2627 2303 2721 2382 μὲν
2751 2296 2885 2364 εἶναι
2918 2306 2981 2365 τὸ
3006 2310 3213 2388 πρῶτον
3238 2307 3378 2386 γάλα
3414 2311 3520 2387 (οὖ-

1947 2389 2076 2450 τωσὶ
2103 2389 2551 2470 λαμὸανόμενον),
2580 2392 2841 2474 πυριάτην
2867 2392 2923 2452 δὲ
2946 2393 3008 2453 τὸ
3031 2394 3180 2475 ἑφθὸν
3202 2395 3362 2475 γάλα.
3391 2400 3437 2477 (ὁ
3462 2400 3518 2459 δὲ

1951 2479 2286 2556 Παλαμήδης
2311 2478 2372 2538 τὸ
2401 2478 2528 2538 αὐτὸ
2554 2479 2722 2558 λέγων
2764 2471 2897 2539 εἶναι
2932 2481 3141 2563 γράφει.
3182 2481 3293 2552 ἔθος
3322 2484 3378 2544 δὲ
3411 2487 3519 2556 τοῖς

1948 2567 2189 2639 ποιηταῖς
2207 2566 2580 2645 παραλλήλαις
2596 2566 2794 2637 λέξεσιν
2817 2567 3252 2647 ἷσοδυναμούσαις
3269 2578 3519 2654 χρῆσθαι.

1950 2690 2017 2699 -
2036 2652 2156 2737 πύῳ
2196 2676 2211 2716 z
2252 2652 2398 2714 Πύον
2433 2654 2495 2714 τὸ
2519 2657 2725 2736 πρῶτον
2753 2655 2924 2737 γάλα,
2962 2657 2993 2717 δ
3019 2658 3284 2739 πήγνυται
3319 2662 3517 2743 ἑψόμε-
3546 2695 3601 2735 25

1950 2766 2052 2802 νον.
2094 2744 2243 2820 νισι.)

2028 2851 2126 2893 711.
2170 2831 2279 2907 (τοῦ
2303 2831 2347 2890 ’ν
2371 2833 2663 2914 Μαραθῶνι
2690 2854 2705 2895 t
2740 2832 2891 2895 Ἐκεῖ
2911 2833 3015 2916 γὰρ
3039 2837 3087 2896 οἱ
3129 2835 3391 2913 Ἀθηναῖοι
3415 2840 3523 2901 ἐνί-

1951 2942 2122 2993 κησαν
2147 2918 2268 2986 τοὺς
2297 2919 2552 2999 Μήδους.)

2031 3027 2128 3067 712.
2171 3007 2461 3087 ἐλαιολόγοι
2482 3028 2498 3068 :
2522 3010 2770 3077 Εὖτελεῖς
2788 3009 2890 3092 γὰρ
2910 3013 2958 3071 οἱ
2980 3009 3074 3079 τὰς
3088 3013 3270 3082 ἐλαίας
3291 3015 3519 3096 (μισθοῦ)

1952 3093 2275 3172 συνάγοντες.
3548 3134 3603 3174 30

2031 3201 2128 3241 713.
2170 3180 2337 3262 νάρκη
2367 3180 2629 3263 εΝάρκη,
2657 3184 3042 3264 μυρμηκίασις,
3070 3188 3309 3268 ὀκνηρία.
3351 3199 3482 3249 Vict.

2033 3290 2129 3330 711.
2170 3270 2265 3329 καὶ
2284 3270 2343 3330 τὸ
2366 3267 2506 3350 ξίφος
2525 3271 2584 3329 οὐ
2606 3269 2836 3349 δύναμαι
2864 3293 2878 3333 :
2909 3269 3144 3356 (Ὠσπερ
3163 3278 3192 3335 ὁ
3213 3277 3522 3360 Μενέλαος.)

1951 3360 2134 3416 τοῦτον
2161 3356 2265 3440 γάρ
2293 3382 2449 3441 φασιν
2476 3358 2788 3441 ὁρμήσαντα
2816 3359 2904 3420 ἐπὶ
2929 3359 3024 3432 τὴν
3048 3361 3278 3437 εΕλένην
3309 3365 3523 3426 ἀποδα-

1951 3445 2061 3504 λεῖν
2088 3445 2148 3504 τὸ
2171 3444 2329 3528 ξίφος.
2352 3451 2386 3520 ἡ
2412 3446 2467 3506 δὲ
2499 3447 2707 3528 ἱστορία
2729 3448 2857 3530 παρ’
2879 3447 3076 3532 Ἰὸύκῳ
3104 3451 3211 3529 (καὶ
3234 3454 3521 3535 Εὐριπίδῃ.

1953 3531 2129 3601 παίζει
2158 3531 2240 3606 δὲ,
2269 3533 2451 3608 ἐπειδὴ
2477 3534 2617 3618 ξίφος
2643 3535 2841 3616 ᾔτησε,
2872 3536 2964 3597 καὶ
3009 3540 3107 3620 δρᾷ
3136 3540 3320 3600 ἑαυτὸν
3357 3565 3527 3604 κατα-
3552 3591 3605 3630 35

1954 3620 2328 3703 κρατηθέντα.)

2033 3730 2136 3771 715.
2184 3710 2351 3787 (αὐτοὶ
2384 3710 2482 3784 τὴν
2506 3711 2741 3773 Εὕὸοιαν
2776 3735 2790 3773 :
2820 3715 2893 3774 Oi
2928 3711 3144 3797 ῥήτορες
3162 3720 3238 3798 τῷ
3263 3717 3405 3801 λόγῳ
3434 3722 3527 3781 καὶ

1952 3795 2050 3868 τὴν
2080 3795 2312 3858 Εὔὸοιαν
2335 3798 2586 3860 διδόασιν.
2709 3797 2931 3869 Ἄλλως.
2962 3801 3059 3874 τὴν
3098 3804 3330 3865 Εὔόοιάν
3366 3829 3525 3888 φασιν

1956 3884 2103 3945 αὐτοὶ
2126 3886 2606 3966 κατανενεμηκέναι
2631 3889 2751 3966 ὑμῖν
2781 3889 2874 3948 καὶ
2898 3892 3093 3972 κλῆρον
3130 3893 3340 3975 ἑκάστῳ
3371 3896 3527 3974 μεδί-

1956 3997 2099 4053 μνων
2128 3974 2192 4034 ν’.
2224 3976 2278 4034 ἐν
2305 3975 2523 4056 τοιούτῳ
2552 3975 2791 4056 σχήματι
2820 3977 3070 4059 εἴρηκεν.)

2032 4083 2132 4124 710.
2180 4061 2362 4139 (ξενίας
2384 4063 2585 4145 φεύγων
2611 4084 2625 4124 :
2654 4066 2905 4126 Τοιοῦτόν
2924 4070 3064 4142 ἐστι,
3086 4068 3318 4150 παρόσον
3339 4072 3392 4129 ἐν
3412 4072 3525 4141 ταῖς

1956 4152 2226 4229 διανομαῖς
2247 4154 2350 4210 τῶν
2377 4155 2557 4232 πυρῶν
2584 4150 2896 4224 ἐξητάζοντο
2918 4159 3118 4237 πικρῶς
3141 4155 3195 4215 οῖ’
3218 4179 3275 4216 τε
3309 4159 3523 4218 πολῖται

1954 4238 2046 4299 καὶ
2073 4238 2178 4317 μὴ,
2200 4236 2337 4298 ὥστε
2366 4240 2532 4298 δοκεῖν
2557 4238 2723 4308 ξενίας
2750 4239 2956 4321 φεύγειν
2981 4245 3053 4311 εἰς
3075 4243 3247 4325 κρίσιν
3267 4249 3523 4305 καθιστα·

1957 4325 2159 4406 μένους.
2189 4326 2349 4409 φησὶν
2371 4318 2458 4387 οὗν
2486 4330 2514 4384 δ
2542 4327 2840 4408 Φιλόχορος
2868 4320 3013 4398 αὖθις
3032 4330 3160 4390 ποτὲ
3181 4355 3522 4414 τετρακισχι-

1953 4415 2095 4483 λίους
2132 4413 2472 4482 ἑπτακοσίους
2503 4414 2544 4484 ξ’
2575 4418 2796 4498 ὀφθῆναι
2821 4419 3249 4501 παρεγγράφους,
3282 4422 3522 4501 καθάπερ
3552 4467 3608 4507 ⁴5

1954 4503 2008 4560 ἐν
2026 4506 2095 4583 τῇ
2109 4500 2427 4584 προκειμένῃ
2449 4501 2583 4571 λέξει
2603 4502 2913 4575 δεδήλωται.
2932 4503 3001 4565 τὰ
3027 4506 3148 4590 περὶ
3167 4506 3263 4581 τὴν
3291 4509 3523 4573 Εὔὸοιαν

1954 4587 2174 4649 δύναται
2187 4589 2279 4649 καὶ
2295 4590 2429 4649 αὐτὰ
2445 4590 2683 4672 συνᾴδειν
2701 4598 2817 4660 ταῖς
2827 4593 3207 4663 διδασκαλίαις.
3224 4596 3525 4681 πέρυσιγὰρ

1954 4678 2043 4736 ἐπὶ
2058 4676 2309 4759 ἄρχοντος
2325 4676 2571 4761 Ἰσάρχου
2587 4678 2939 4759 ἐστράτευσαν
2956 4683 3038 4740 ἐπ’
3060 4682 3244 4757 αὐτὴν,
3263 4688 3334 4752 ὡς
3352 4687 3521 4747 Φιλό-

1953 4788 2128 4847 χορος.
2147 4764 2353 4843 μήποτε
2369 4765 2424 4825 δὲ
2451 4766 2571 4848 περὶ
2603 4770 2696 4839 τῆς
2727 4765 2779 4836 ἐξ
2794 4766 3066 4846 Αἰγύπτου
3085 4770 3282 4853 δωρεᾶς
3309 4775 3337 4829 ὃ
3351 4772 3522 4851 λόγος,

1953 4854 2018 4926 ἣν
2039 4851 2339 4933 Φιλόχορός
2358 4876 2485 4935 φησι
2503 4852 2886 4936 Ψαμμήτιχον
2910 4853 3122 4939 πέμψαι
3142 4863 3221 4941 τῷ
3249 4858 3405 4942 δήμῳ
3433 4861 3520 4920 ἐπὶ
3551 4906 3604 4945 ω

1955 4939 2325 5020 Λυσιμαχίδου
2351 4939 2605 5020 μυριάδας
2632 4945 2795 5023 τρεῖς,
2818 4940 2958 5015 πλὴν
2986 4942 3049 5002 τὰ
3067 4949 3159 5003 τοῦ
3184 4949 3406 5028 ἀριθμοῦ
3435 4950 3523 5008 οὖ·-

1955 5031 2135 5107 δαμῶς
2169 5036 2471 5108 συμφωνεῖ,
2502 5028 2712 5108 ἑκάστῳ
2759 5028 2815 5089 δὲ
2861 5030 3143 5104 Ἀθηναίων
3180 5033 3335 5094 πέντε
3375 5036 3508 5114 μεδί-

1959 5141 2133 5197 μνους.
2150 5115 2268 5185 τοὺς
2285 5114 2386 5199 γὰρ
2400 5115 2660 5215 λριὸόντας
2677 5118 2921 5197 γενέσθαι
2945 5121 3156 5202 μυρίους
3177 5147 3500 5205 τετρακισχι-

3552 4029 3605 4068 40
