3859 5725
409 269 524 321 560
1545 242 2001 306 ADNOTATIO
2041 243 2124 303 IN
2166 243 2434 306 scnol..

408 387 444 460 ἢ
479 387 599 447 ἀντὶ
628 391 722 447 τοῦ
756 382 1238 462 καθωπλισμένως,
1271 379 1306 452 ἢ
1346 380 1459 440 ἀντὶ
1496 383 1589 437 τοῦ
1620 378 1822 458 γοργῶς
1857 373 1950 434 καὶ

411 474 548 554 μετὰ
567 472 1004 555 συγκροτήματός
1024 494 1162 537 τινος
1183 475 1367 551 χοροῦ.
1397 468 1458 528 τὸ
1492 466 1548 527 δὲ
1579 469 1637 526 οὐ
1670 465 1952 526 καταόλα-

408 562 672 642 κευμένως
692 557 1282 640 (καταὸεὸλακευμένως
1299 558 1401 636 G.)
1415 556 1531 616 ἀντὶ
1545 560 1638 613 τοῦ
1654 553 1953 619 σπουδαίως

408 653 500 712 καὶ
533 655 590 711 οὔ
624 651 873 733 βραδέως.
907 647 1038 728 βλὰξ
1085 648 1208 729 γάρ.
1235 682 1306 693 -
1338 668 1409 724 19
1444 644 1533 704 καὶ
1576 657 1709 703 ante
1749 645 1950 723 γοργῶς

410 763 528 800 om.
559 744 632 802 Θ.
656 760 818 797 -20
864 737 1151 797 κατεὸλακ.
1199 741 1268 796 Β.
1313 732 1675 795 καταὸεὸλακ.
1711 733 1845 791 Ald.
1870 765 1951 776 -

404 849 485 890 aa
511 828 600 888 καὶ
632 825 900 906 μαλθακία
923 832 956 899 ἡ
973 829 1046 887 Θ.
1083 823 1365 908 ὑπεροψίας
1394 820 1615 900 ἀμέλεια
1633 826 1703 881 R.
1729 818 1951 899 βλακεία

407 922 443 990 ἡ
476 917 646 1001 τρυφή
674 922 812 994 Reg.

492 1011 627 1080 327,
658 1009 729 1065 33
757 1026 843 1083 sq.
872 1002 996 1063 ὅταν
1026 1004 1115 1062 bis
1137 1008 1206 1061 G.
1231 1000 1308 1060 ὅτ’
1334 1000 1395 1060 ἄν
1414 1007 1486 1059 V.
1517 999 1691 1057 Posui
1724 1018 1952 1056 comma

410 1111 543 1174 post
568 1096 746 1155 πάλιν.
772 1094 885 1153 Sed
905 1094 1212 1152 scholiasta
1240 1091 1480 1151 fortasse
1499 1089 1806 1165 scripserat
1826 1086 1950 1145 ὅταν

409 1184 463 1243 δὲ
493 1184 646 1264 θέλῃ,
675 1183 835 1243 πάλιν
864 1182 1154 1263 ἄνθρωπον.
1184 1186 1362 1239 Dum.

493 1284 626 1353 328,
658 1283 849 1357 35-39
883 1282 965 1339 sic
1003 1282 1061 1338 in
1102 1285 1189 1352 V.‚
1225 1272 1772 1357 δόξεις-πρακτικόν.
1805 1270 1840 1344 ἢ
1880 1274 1952 1338 ὥς

410 1367 957 1447 αὐτὸν-σύμμαχον.
983 1362 1202 1432 Ἄλλως.
1234 1364 1348 1423 ἀντὶ
1375 1368 1467 1422 τοῦ
1493 1362 1771 1443 θάρσησον.
1792 1359 1947 1439 νομί-

409 1461 510 1526 ζεις
536 1456 638 1538 γὰρ
666 1446 801 1517 εἶναι
833 1454 928 1534 μὲν
953 1456 1081 1533 (scr.
1100 1477 1167 1533 με
1189 1451 1343 1536 Ἄρη)
1372 1453 1446 1519 εἷς
1471 1449 1532 1509 τὸ
1560 1448 1819 1528 βοηθῆσαί
1843 1470 1947 1509 σοι.

409 1546 486 1624 τῷ
515 1542 685 1623 Ἄρει·
711 1544 887 1625 ἄκρως
908 1542 998 1602 καὶ
1022 1542 1376 1613 ἅπειλητικῶς
1401 1536 1581 1618 βλέψω
1596 1535 1722 1619 πρὸς
1736 1536 1797 1595 τὸ
1823 1540 1948 1614 βια-

409 1630 643 1708 ζόμενον.
666 1632 773 1689 Illa
807 1632 884 1710 τῷ
927 1624 1462 1710 Ἄρει-βιαζόμενον
1511 1646 1629 1685 om.
1666 1631 1736 1683 G.
1766 1665 1847 1677 --
1875 1628 1948 1683 36

410 1718 566 1778 αὐτὸν
596 1724 660 1775 V.
704 1718 887 1777 ἑαυτὸν
918 1721 988 1780 Θ.
1024 1717 1141 1777 ΑΙά.
1174 1716 1237 1777 ἂν
1270 1724 1438 1776 R.—
1466 1717 1545 1775 38
1595 1716 1691 1773 vix
1742 1714 1951 1773 dubito

409 1808 550 1887 quin
575 1827 609 1865 a
628 1808 931 1867 scholiaste
951 1808 1233 1885 scriptum
1262 1807 1439 1899 fuerit
1476 1802 1663 1885 ἀρείως
1688 1802 1778 1862 καὶ
1801 1805 1954 1862 ἀπει-

408 1895 666 1966 λητικῶς,
695 1896 907 1951 Martis
934 1901 991 1950 in
1022 1915 1253 1968 morem,
1270 1907 1325 1951 et
1339 1898 1747 1949 comminatorio
1772 1895 1948 1949 vultu.

410 1982 654 2042 Suidas:
693 1979 915 2039 Βλέπειν
961 1978 1064 2059 γὰρ
1112 1979 1163 2039 ἄ.
1211 1980 1260 2037 δ.
1298 1979 1356 2059 μ’
1384 1979 1532 2061 Ἄρη.
1572 1980 1797 2038 ἐπὶτῶν
1836 1984 1950 2038 ὑπι-

413 2066 754 2150 σχνουμένων
782 2067 941 2126 παντὶ
976 2066 1145 2127 σθένει
1168 2066 1418 2148 πράττειν
1440 2067 1646 2147 (Mich.
1677 2069 1948 2144 Apostol.

411 2155 788 2238 συμπράττειν,
811 2157 955 2215 nihil
978 2157 1228 2233 amplius
1255 2156 1492 2234 addens)
1513 2155 1603 2215 καὶ
1628 2155 1953 2236 συνάρασθαι

410 2247 540 2329 πρὸς
571 2244 832 2323 βοήθειαν.
864 2243 1028 2313 δόξεις
1071 2268 1168 2322 με,
1200 2244 1380 2326 φησὶν,
1410 2243 1571 2326 Ἄρεα
1601 2248 1726 2325 ὀρᾷν
1752 2267 1951 2327 κατορ-

413 2331 633 2393 θωτικὸν
658 2331 751 2390 καὶ
779 2330 1070 2413 πρακτικόν
1090 2355 1103 2369 ·
1132 2332 1238 2390 ubi
1275 2334 1529 2411 primum
1561 2345 1694 2411 post
1721 2354 1953 2412 πρακτι-

413 2421 503 2481 κὸν
532 2423 679 2479 illud
725 2418 899 2501 ἄκρως
940 2440 1060 2477 non
1093 2421 1653 2499 comparetzdeinde
1698 2420 1814 2481 ἀντὶ
1858 2427 1953 2481 τοῦ

414 2529 733 2588 perperam,
793 2522 856 2566 ut
919 2520 1083 2584 puto,
1127 2508 1285 2567 deest
1316 2531 1330 2566 ε
1360 2522 1484 2567 tum
1541 2509 1808 2567 laciniam
1861 2510 1951 2569 ed.

412 2597 664 2656 Juntinae
683 2596 764 2673 [et
790 2595 1002 2673 Regii]‚
1032 2596 1190 2673 quod
1218 2617 1352 2655 raro
1378 2599 1462 2669 fit,
1497 2611 1832 2676 excerptam
1859 2599 1954 2656 vi-

413 2685 535 2743 des.
563 2684 885 2742 Notandum
913 2698 1104 2742 autem
1125 2697 1233 2756 est,
1253 2685 1541 2763 triplicem
1562 2684 1756 2745 afferri
1774 2688 1956 2745 inter-

417 2773 819 2852 pretationem,
845 2792 1014 2830 unam
1048 2773 1405 2851 alteramque
1434 2793 1693 2851 pravam,
1725 2777 1953 2834 tertiam

415 2864 550 2920 satis
575 2862 957 2919 commodam.
984 2866 1205 2920 Hans-r.

498 2963 629 3035 329.
660 2961 788 3015 Non
817 2958 1108 3016 constabat
1117 2962 1372 3032 judicum
1405 2979 1636 3030 memes,
1661 2961 1753 3018 vel
1790 2966 1955 3019 sala-

413 3052 556 3104 rium
567 3070 588 3117 ;
610 3050 712 3103 sed
722 3050 784 3104 id
787 3069 899 3123 pm
918 3056 1175 3124 temlmris
1201 3055 1413 3106 ratione
1437 3048 1733 3107 mutabant
1751 3072 1770 3106 .·
1791 3052 1954 3110 scili-

415 3149 505 3195 cet
541 3149 642 3194 aut
692 3136 821 3213 ipse
870 3138 1122 3213 populus
1171 3137 1555 3210 AtheniensiS,
1603 3150 1703 3195 aut
1749 3141 1954 3216 populi

415 3224 805 3282 moderatores
833 3236 891 3281 et
926 3223 1251 3302 demagogi.
1279 3221 1558 3283 Ἵστασθαι
1584 3225 1644 3283 in
1669 3226 1868 3284 eadem
1890 3248 1955 3285 re

414 3313 619 3389 saepius
651 3323 913 3388 usurpat,
949 3312 1023 3369 ad
1065 3311 1221 3371 Nub.
1249 3331 1304 3369 v.
1334 3314 1482 3384 8603
1506 3314 1578 3371 ad
1618 3320 1724 3371 Av.
1766 3316 1954 3380 1540:

414 3401 514 3479 οὐχ
531 3397 761 3469 εἱστήκει
785 3397 841 3456 δὲ
872 3400 1047 3466 αὐτοῖς
1070 3400 1132 3459 τὸ
1147 3399 1435 3480 τριώὸολον
1451 3425 1465 3437 ·
1486 3403 1735 3479 Hesych.
1766 3404 1826 3461 in
1851 3408 1952 3463 Δι-

415 3485 696 3545 καστικόνε
718 3488 778 3545 οὐ
804 3485 984 3562 μέντοι
1013 3486 1254 3559 ἕστηκεν,
1285 3489 1404 3546 ἀλλ’
1433 3488 1623 3548 ἄλλοτε
1647 3490 1821 3557 ἄλλως
1846 3490 1955 3549 ἐδί-

415 3578 559 3637 δοτο·
578 3576 733 3652 quod
746 3576 820 3635 ab
839 3577 1149 3635 Aristotele
1169 3590 1420 3636 sumtum
1442 3579 1501 3636 in
1517 3579 1954 3639 Atheniensium

414 3670 561 3744 Rep.
576 3665 912 3723 scholiastes
932 3665 1183 3724 ostendit
1198 3665 1270 3723 ad
1289 3671 1463 3743 Vesp.
1491 3688 1542 3723 v.
1569 3668 1706 3724 682.
1730 3671 1954 3726 Ηειιετ.

415 3755 741 3814 Mercedem
777 3753 1048 3831 judicum
1102 3754 1412 3832 permiscet
1466 3754 1777 3813 scholiasta
1824 3776 1955 3814 cum

417 3843 680 3902 mercede
711 3843 1008 3902 concionis
1036 3844 1264 3920 populi,
1295 3845 1368 3901 de
1400 3864 1516 3920 qua
1538 3843 1800 3921 loquitur
1827 3846 1960 3904 Ari-

415 3932 742 4009 stophanes.
762 3938 943 4016 Dum.
970 3963 1045 3976 —-
1078 3939 1149 4003 47
1182 3936 1211 3990 ὁ
1230 3952 1342 3990 om.
1359 3931 1430 3990 Θ.

499 4031 613 4087 330
662 4035 735 4088 R.
770 4030 868 4087 illa
904 4026 1071 4094 οὐδεὶς
1119 4025 1534 4096 ἐδίκαζεν-οὐκ
1577 4027 1854 4108 εἰσήρχετο
1898 4031 1959 4088 in

417 4119 711 4196 principio
737 4118 939 4176 scholii
966 4118 1150 4194 ponit.
1179 4116 1275 4174 Sic
1305 4117 1472 4176 etiam
1498 4120 1641 4194 Reg.
1668 4117 1877 4194 incipit
1905 4118 1960 4176 ἰν

416 4210 483 4286 τῇ
508 4208 657 4265 ἐκκλ.
685 4204 852 4271 οὗδεὶς
879 4218 987 4265 etc.
1018 4236 1099 4248 -
1122 4206 1188 4263 51
1226 4204 1432 4263 Suidas
1459 4203 1638 4263 habet
1664 4205 1859 4270 ὠστίας
1894 4205 1961 4263 in

420 4314 477 4352 v,
508 4295 705 4372 [quem
742 4294 931 4350 locum
960 4312 1077 4349 om.
1114 4291 1244 4349 cod.
1279 4292 1456 4351 Paris.
1485 4292 1601 4369 A.]‚
1634 4292 1735 4350 ubi
1764 4293 1964 4370 priora

419 4383 594 4460 hujus
618 4382 1008 4440 adnotationis
1026 4380 1335 4458 descripsit
1360 4381 1535 4459 paulo
1565 4381 1820 4459 plenius3
1851 4401 1963 4459 po-

419 4472 666 4532 steriora
704 4468 947 4528 totidem
976 4468 1170 4528 verbis
1200 4470 1260 4526 in
1287 4465 1614 4549 Τριώὸολον,
1648 4469 1880 4594 0111115515
1908 4469 1962 4525 ἐν

2124 376 2261 447 331,
2291 395 2314 432 1
2333 395 2356 431 1
2408 374 2798 454 παραχωρῆσαι
2826 384 3070 448 uterque
3099 370 3303 429 codex.
3331 370 3592 429 Corn-exi

2038 458 2112 521 ex
2138 466 2209 519 G.
2254 473 2334 538 et,
2381 461 2482 538 qui
2519 458 2913 539 παραχωρῆσαί
2945 481 3014 536 με
3049 457 3243 528 habet,
3276 463 3351 515 V.
3391 462 3590 515 Dum.

2040 550 2258 627 Regius
2310 546 2784 631 παραχωρήσαιμι.
2836 544 3218 627 καταλείψαιμι
3254 564 3374 603 om.
3409 548 3485 603 V.
3511 549 3591 602 G.

2122 649 2258 722 332,
2288 656 2354 718 14
2386 644 2526 704 κατὰ
2554 643 2737 703 τούτου
2761 649 2942 702 Dorv.

2123 744 2257 818 338,
2285 746 2476 811 24-26
2507 746 2589 803 sic
2619 745 2678 801 in
2701 747 2797 816 V.‚
2829 739 3104 801 διαὸάλλει
3140 740 3256 807 τοὺς
3274 738 3595 811 Ἀθηναίους

2037 834 2108 897 ὥς
2144 829 2332 913 ἀργοὺς
2366 832 2455 890 καὶ
2494 834 2548 891 ἐν
2580 839 2688 898 τοῖς
2715 830 2962 912 κουρείοις
2993 827 3319 908 καθημένους
3355 829 3451 889 καὶ
3487 831 3594 887 οὔκ

2039 922 2093 978 ἐν
2118 928 2225 987 τοῖς
2253 918 2499 1002 ἰατρείοις
2539 918 2885 997 ποιουμένους
2925 920 3018 986 τὰς
3048 919 3347 998 συντυχίας.
3386 916 3592 977 τούτου

2040 1006 2212 1068 ἕνεκεν
2238 999 2381 1067 εἶπεν
2411 1011 2464 1066 ἐν
2484 1016 2592 1075 τοῖς
2629 1006 2898 1087 κουρείοις.
2920 1043 2978 1053 -
3010 1010 3082 1066 25
3121 1009 3211 1067 καὶ
3257 1029 3364 1087 pro
3393 1011 3499 1079 ὥς,
3525 1022 3593 1066 et

2039 1096 2287 1179 κουρείων
2316 1095 2407 1155 καὶ
2436 1095 2624 1178 ἀργούς
2659 1101 2732 1156 R.
2778 1099 2848 1165 ὡς
2895 1096 3084 1179 ἀργοὺς
3124 1095 3278 1163 ὄντας
3308 1095 3402 1155 καὶ
3426 1097 3591 1174 διημ.

2039 1184 2129 1242 ἐπὶ
2157 1210 2205 1244 τ.
2228 1207 2282 1245 κ.
2306 1190 2446 1261 Reg.
2471 1184 2560 1243 καὶ
2591 1187 2644 1243 ἐν
2676 1188 2897 1243 Hemst.
2933 1184 3022 1243 καὶ
3052 1187 3147 1244 οὐκ
3172 1185 3227 1243 ἐν
3257 1190 3326 1243 V.
3355 1187 3428 1245 Θ.
3447 1184 3589 1242 Α1ἀ.

2502 1281 2529 1312 0

2040 1359 2119 1372 -
2151 1327 2225 1384 26
2258 1281 2587 1404 ποιουμένιζξ
2612 1326 2682 1385 Θ.
2711 1325 2803 1384 lh.
2832 1324 3156 1407 ἐργαστήρια
3171 1317 3307 1399 ἦσαν
3343 1323 3411 1383 τὰ
3443 1346 3590 1383 κου-

2041 1422 2154 1496 ρεῖα
2181 1417 2358 1474 PariS.
2390 1420 2531 1492 Reg.
2553 1448 2632 1458 —
2649 1418 2722 1472 3ο
2751 1423 3151 1496 μπαρμπερεῖα,
3174 1416 3234 1474 id
3258 1427 3345 1474 σοι
3374 1412 3589 1494 βαρὸε-

2041 1511 2154 1583 ρεῖα
2182 1526 2194 1560 :
2220 1503 2292 1561 de
2320 1524 2438 1580 quo
2465 1524 2518 1559 v.
2548 1503 2684 1560 vide
2713 1507 2977 1581 Ducang.

2124 1604 2261 1676 342,
2284 1603 2359 1659 35
2394 1599 2598 1661 Σκόπει
2628 1607 2728 1673 V.‚
2760 1620 2880 1659 non
2905 1605 2976 1661 G.
3013 1638 3091 1647 —
3120 1605 3194 1663 36
3228 1601 3449 1671 Ἄλλως.
3481 1604 3592 1660 οὐκ

2038 1690 2307 1762 ἀκολ.,,37
2334 1692 2516 1769 α’γωγῇ
2551 1696 2620 1748 V.
2656 1688 3023 1768 ἐπὶ-βλέπος
3051 1712 3164 1750 om.
3195 1698 3267 1749 G.
3291 1731 3362 1743 -
3386 1701 3465 1759 42
3487 1689 3591 1770 φί-

2038 1781 2148 1845 λοις
2186 1782 2293 1838 τῶν
2314 1777 2521 1838 οἰκείων
2549 1782 2799 1859 χρηστῶν
2836 1785 2977 1857 Reg.

2121 1867 2260 1942 345,
2292 1871 2365 1936 46
2393 1870 2488 1936 τῆς
2518 1868 2805 1946 εὐπραγίας
2831 1868 2903 1927 Θ.

2123 1955 2234 2026 347
2268 1961 2340 2016 R.
2370 1954 2546 2013 habet
2574 1951 2713 2020 θεός;
2739 1952 2774 2025 ἢ
2801 1957 2830 2011 ὁ
2855 1955 3093 2018 Πλοῦτος
3120 1951 3154 2023 ἢ
3182 1950 3339 2019 ἄλλος
3371 1975 3454 2018 τις
3473 1955 3588 2011 τῶν

2039 2044 2189 2101 θεῶν.

2126 2133 2239 2206 349
2273 2131 2331 2188 in
2359 2135 2544 2193 Dorv.
2577 2129 2910 2209 λέγοντες-
2945 2128 3008 2188 τὸ
3036 2126 3094 2187 δὲ
3134 2127 3288 2196 λέξας
3326 2128 3442 2187 ἀντὶ
3487 2132 3590 2188 τοῦ

2040 2218 2164 2296 λέγε
2212 2219 2441 2301 ψυχρόν·
2462 2222 2578 2300 ἔχει
2617 2221 2674 2278 δὲ
2717 2216 2889 2277 οὕτω·
2939 2216 3062 2295 λέγε
3104 2215 3185 2275 ὅτι
3239 2219 3341 2298 φῆς
3386 2215 3590 2284 ἀνύσας

2041 2312 2196 2366 τοῦτο
2222 2305 2352 2365 ποτὲ
2379 2352 2395 2381 ,
2423 2306 2697 2367 τουτέστιν
2723 2308 2795 2374 εἷς
2819 2305 3139 2387 διασάφησιν
3164 2303 3256 2363 καὶ
3283 2302 3424 2371 τέλος
3443 2308 3589 2383 ἀγα-

2041 2393 2149 2475 γὼν
2179 2394 2266 2454 τὸν
2293 2396 2383 2456 σὸν
2412 2395 2586 2475 λόγον.
2609 2439 2688 2450 -
2715 2406 2745 2465 4
2776 2392 2892 2453 ἀντὶ
2923 2399 3018 2453 τοῦ
3049 2393 3218 2472 μέγας
3260 2399 3329 2452 V.
3359 2391 3554 2459 ἀνύσας
3570 2414 3587 2447 :

2044 2485 2293 2553 Σπεύσας
2323 2507 2438 2546 om.
2473 2490 2565 2558 Θ.,
2585 2488 2687 2565 qui
2720 2486 2753 2543 5
2781 2487 2852 2551 εἰς
2880 2484 2942 2544 τὸ
2966 2487 3049 2544 ἀν.

2129 2576 2266 2648 351,
2304 2597 2373 2634 10
2403 2575 2652 2658 ἐπιτρίψῃ
2679 2580 2820 2653 neg.
2847 2607 2930 2619 -
2961 2594 2983 2630 1
3003 2594 3025 2630 1
3064 2572 3207 2651 λέγω
3248 2592 3362 2631 om.
3406 2573 3587 2630 Paris.

2045 2685 2201 2723 —12
2235 2668 2524 2733 παντελῶς.
2540 2665 2769 2730 Ἄλλως.
2800 2662 2976 2722 πάντα
3005 2665 3241 2722 v.-13
3265 2661 3498 2722 Ἀττικὸν
3529 2661 3590 2722 δὲ

2042 2749 2105 2810 τὸ
2135 2752 2228 2811 καί
2243 2754 2300 2832 μ’
2324 2755 2420 2812 οὔκ
2448 2752 2680 2836 ἀρέσκει,
2701 2755 2771 2816 ὣς
2795 2750 3112 2832 προείρηται
3133 2752 3224 2828 (ad
3244 2772 3295 2811 ν.
3329 2753 3424 2829 69)
3453 2751 3585 2812 Ald.

2127 2840 2260 2914 355,
2292 2842 2485 2919 25-29
2503 2840 2647 2900 nihil
2675 2850 2885 2917 praeter
2910 2837 3025 2898 ἀντὶ
3054 2842 3152 2911 τῆς
3173 2840 3276 2900 ὑπό
3299 2841 3586 2913 habetV.,

2045 2929 2202 3006 quod
2226 2950 2338 2988 om.
2370 2935 2440 2988 G.
2458 2928 2686 3012 περισσὴ
2709 2932 2745 2999 ἡ
2766 2925 2912 3008 πρός.
2938 2925 2973 2999 ἢ
3003 2926 3119 2985 ἀντὶ
3152 2931 3248 2998 τῆς
3275 2927 3394 2986 ὑπό.
3415 2927 3585 3010 ὀρθόν.

2043 3015 2174 3076 ἴδιον
2205 3016 2389 3098 ἀνδρὸς
2429 3013 2777 3098 εἰργασμένου
2808 3015 2881 3074 Θ.
2924 3019 2992 3073 In
3031 3021 3102 3074 R.
3138 3017 3403 3075 scholion
3439 3016 3584 3074 adeo

2044 3107 2279 3164 evanuit
2304 3118 2370 3164 ut
2401 3105 2525 3163 haec
2554 3117 2775 3163 tantum
2803 3101 2915 3178 legi
2945 3104 3198 3180 possint.
3224 3148 3237 3160 .
3262 3147 3277 3161 .
3306 3147 3319 3159 .
3355 3104 3588 3183 πρὸςᾶν-

2045 3191 2179 3276 δρός.
2204 3191 2454 3274 περισσὸν
2471 3236 2485 3250 .
2512 3236 2528 3251 .
2553 3237 2566 3249 .
2593 3215 2714 3251 .αν.
2741 3193 2862 3261 .τῆς
2884 3192 3013 3249 ὑπο.
3040 3233 3055 3247 .
3080 3234 3094 3248 .
3121 3237 3135 3249 .

2129 3282 2265 3353 358,
2300 3283 2374 3341 33
2424 3279 2540 3339 ἀντὶ
2582 3284 2674 3338 τοῦ
2705 3274 2983 3356 μεταμέλη
3022 3278 3305 3360 φροντίζεις
3333 3285 3427 3355 V.‚
3455 3299 3584 3358 quae

2045 3389 2162 3427 om.
2193 3375 2262 3428 G.

2127 3460 2266 3535 359,
2304 3459 2378 3516 36
2412 3458 2597 3542 εἴληφε
2616 3462 2772 3516 τοῦτο
2791 3457 2888 3531 τὴν
2910 3466 2980 3518 V.
3009 3460 3081 3519 Θ.
3104 3463 3170 3516 111
3201 3459 3267 3517 R.
3296 3457 3445 3516 nihil
3476 3458 3589 3536 legi

2045 3560 2239 3630 potest
2268 3560 2478 3626 praeter
2503 3546 2689 3608 λείπει.

2128 3638 2264 3708 361,
2295 3644 2362 3702 41
2396 3633 2529 3694 Ἀπὸ
2558 3633 2866 3702 δυσπετείας
2884 3639 2972 3709 V.‚
2994 3634 3095 3713 qui
3126 3632 3464 3708 42,Ἄλλως.
3494 3638 3587 3693 οὐ·

2047 3723 2149 3789 δεὶς
2169 3736 2281 3782 etc.
2303 3764 2383 3774 -
2416 3725 2489 3784 1¹13
2520 3720 2549 3780 ὃ
2574 3721 2714 3780 δοκεῖ
2738 3728 2805 3781 V.
2830 3724 2904 3783 Θ.
2929 3757 3010 3768 --
3038 3725 3112 3793 46
3151 3720 3291 3801 ὑγιὲς
3328 3724 3590 3783 Dindor-

2047 3816 2153 3873 fius
2185 3810 2409 3870 addidit
2433 3831 2507 3869 ex
2534 3813 2792 3869 Platone.

2128 3904 2265 3972 363,
2301 3901 2367 3957 51
2405 3898 2605 3980 φράσαι
2638 3901 2711 3960 Θ.

2129 3990 2244 4048 365
2272 3992 2450 4045 Dorv.
2482 3985 2751 4044 versibus
2772 3985 3179 4065 interpositum
3206 3984 3376 4043 habet
3405 3984 3593 4065 πρώην

2048 4076 2104 4137 δὲ
2128 4073 2359 4156 χρηστὸς
2386 4072 2460 4132 ὢν
2486 4073 2580 4131 καὶ
2618 4077 2711 4132 νῦν
2740 4079 3032 4155 πανοῦργος
3070 4073 3203 4133 ἐστί.
3242 4077 3347 4133 Vel
3376 4065 3461 4149 ἦν,
3496 4076 3592 4133 vel

2048 4162 2430 4225 omittendum
2457 4174 2582 4220 erat
2604 4160 2713 4219 καί.
2740 4166 2954 4219 Hnusr.

2133 4256 2246 4311 368
2279 4253 2338 4309 in
2365 4256 2434 4309 V.
2466 4247 2647 4316 δεδιὼς
2665 4246 3106 4327 (ἅλλως.,δεδιὼς
3125 4250 3222 4328 G.)
3245 4249 3383 4309 θέλει
3402 4251 3594 4324 εἰπεῖν,

2049 4338 2228 4418 ὅμοιος
2251 4330 2302 4397 εἶ
2321 4335 2854 4420 πεπανουργευμένῳ.

2134 4431 2275 4504 369,
2329 4431 2398 4486 16
2445 4426 2501 4486 δέ
2547 4430 2689 4488 ἐστιν
2750 4429 2839 4490 ἐπὶ
2893 4434 2958 4487 V.
2995 4427 3168 4505 μάτην
3216 4427 3476 4486 additum
3524 4449 3602 4487 ex

2050 4517 2226 4578 Suida
2258 4536 2303 4575 s.
2346 4514 2554 4598 Κρώζει
2582 4528 2641 4574 et
2669 4517 2789 4576 Οὔκ
2826 4507 2922 4576 οἶδ’
2957 4514 2987 4574 ὃ
3022 4512 3257 4596 κρώζεις.
3292 4520 3404 4573 Pro
3433 4535 3504 4574 eo
3531 4515 3605 4575 τὰ

419 4617 487 4694 τῇ
513 4609 772 4693 ἐκκλησίᾳ
801 4606 878 4671 δέ.
909 4614 1131 4669 Heusr.
1167 4607 1363 4674 ὧστίας
1394 4614 1464 4666 R.
1501 4613 1643 4686 Reg.
1685 4606 1783 4677 ἔξω
1824 4605 1965 4678 ὠθὴν
2053 4605 2163 4664 ἄνω
2190 4605 2366 4664 habet
2393 4609 2455 4663 V.
2476 4602 2799 4685 θρυλούντων
2826 4611 2900 4663 V.
2942 4606 3013 4665 Θ.
3051 4609 3197 4682 Reg.
3235 4601 3603 4686 θρυλλούντων

419 4701 516 4774 τὴν
548 4700 836 4781 ἐρχομένην
882 4705 971 4771 R„
1010 4700 1175 4777 quasi
1230 4697 1415 4767 ἔξωθεν
1462 4699 1614 4756 ὠθεῖν
1666 4697 1963 4756 voluisset.
2056 4699 2121 4753 R.
2151 4692 2280 4753 Ald.
2305 4691 2484 4774 ὥσπερ
2508 4694 2565 4751 αἱ
2601 4697 2665 4748 V.
2708 4691 2815 4751 ἀπὸ
2848 4695 2954 4751 τῶν
2988 4694 3183 4772 θυρῶν·
3212 4690 3275 4749 σὺ
3318 4689 3418 4772 γὰρ
3455 4695 3600 4770 Reg.

422 4790 536 4851 Sed
568 4788 773 4858 ἐξωθεῖν
802 4789 1030 4848 SuidaS.
1059 4822 1134 4832 —
1157 4788 1231 4845 52
1266 4788 1319 4845 ἐν
1358 4789 1425 4864 τῇ
1456 4784 1716 4867 ἐκκλησία
1753 4784 1809 4843 δὲ
1848 4805 1965 4845 om.
2053 4805 2168 4864 κορ.
2201 4780 2319 4840 ἀντὶ
2345 4787 2437 4842 τοῦ
2457 4779 2628 4858 λέγεις
2657 4791 2729 4844 R.
2762 4815 2838 4828 —-
2865 4803 2929 4855 ¹7
2955 4781 3079 4863 περὶ
3096 4780 3160 4841 τὸ
3188 4783 3402 4862 κεκλοφ.
3440 4803 3508 4859 με
3531 4787 3602 4842 V.

425 4883 499 4938 R.
522 4909 601 4922 --
628 4878 706 4935 53
731 4875 899 4946 ἐπέὸη
927 4878 1033 4933 τῶν
1078 4874 1146 4944 ξε’
1177 4876 1335 4933 ἐτῶν.
1379 4871 1492 4931 ὅσοι
1536 4864 1624 4931 οὖν
1670 4875 1780 4932 τελ.
1824 4878 1966 4950 Reg.
2055 4872 2126 4931 Θ.
2151 4877 2295 4950 Reg.
2331 4863 2563 4949 διαλέγει
2589 4876 2735 4951 Reg.

425 4964 646 5048 φανερόν
686 4990 770 5038 τι,
799 4979 1004 5023 certum
1041 4968 1191 5041 quid.
1218 4966 1453 5047 φανερῶς
1488 4968 1632 5041 Reg.
1661 4996 1740 5008 -
1773 4965 1810 5022 6
1839 4960 1971 5021 πάν-

425 5074 542 5112 τοτε
563 5071 676 5110 0111.
708 5053 783 5114 Θ.

2137 4963 2274 5034 370,
2306 4961 2380 5017 26
2414 4957 3045 5042 κοινωνῆσαι-εἴρηται,
3089 4970 3147 5016 et
3197 4959 3272 5017 30
3315 4955 3497 5027 ἅθλιος
3553 4950 3605 5018 εἷ

2057 5048 2151 5108 καὶ
2179 5073 2230 5110 κ.
2266 5048 2443 5107 habet
2463 5049 2537 5110 Θ.
