3859 5725
748 313 755 321 ,
1806 252 2062 315 PLUTI.
3384 271 3496 323 5⁷5

352 347 494 421 sane
525 361 877 419 luculentum
906 361 1110 419 Suidas
1137 359 1199 417 in
1231 356 1391 440 Ἀρχὴ
1418 357 1642 440 Σκυρία,
1669 369 1729 417 et
1759 363 1881 418 Eu·
1972 379 2145 436 quam
2167 360 2326 420 viros
2349 361 2605 421 eruditos
2623 361 2685 421 in
2705 379 2960 425 errorem
2981 358 3225 421 induxit.
3249 365 3356 423 Hic
3377 367 3500 444 ipse

354 451 528 509 stath.
558 470 628 507 ex
654 448 949 509 Pausaniae
974 448 1191 506 Lexico
1210 445 1281 506 ad
1305 448 1373 507 11.
1399 454 1518 525 I,p.
1537 447 1673 521 782,
1696 449 1792 522 54,
1816 463 1882 509 ut

352 538 632 597 indicavit
654 542 746 596 Jo.
772 542 983 594 Meurs.
1006 536 1174 595 Thes.
1200 556 1250 596 c.
1277 557 1352 613 29
1378 558 1393 593 z
1422 534 1640 614 quibus
1662 539 1882 599 accedit

354 646 526 705 quem
555 646 628 683 ex
649 624 853 684 iisdem
886 622 1142 681 sontibus
1162 644 1264 682 sua
1286 624 1576 683 derivasse
1598 625 1758 683 credi
1778 646 1884 705 par

351 728 459 786 est,
490 714 818 772 scholiastes
832 712 1102 771 Aristidis
1132 711 1567 770 mendosissime
1586 714 1881 792 multoque

350 804 617 880 segniore
648 821 787 859 cura
828 821 997 877 quam
1047 801 1318 859 decuerat
1363 820 1481 858 non
1528 802 1610 859 ita
1654 802 1881 879 pridem

348 891 546 949 ‚editus
574 891 692 950 vol.
728 911 783 962 2,
810 909 871 968 p.
902 897 1010 956 24¹
1043 908 1058 949 ε
1084 885 1292 959 Θησεὺς
1320 888 1422 948 ὑπὸ
1451 888 1626 949 Λύκου
1655 889 1879 971 Ἀθήνῃ-

352 1000 436 1036 σιν
474 980 548 1045 εἷς
586 976 867 1058 τυραννίδα
909 975 1315 1056 συκοφαντηθεὶς
1357 976 1748 1058 ἐξωστρακίσθη
1792 983 1882 1051 τῆς

350 1066 583 1139 πόλεως,
612 1064 702 1124 καὶ
731 1054 885 1136 ἦλθεν
919 1065 990 1130 εἷς
1017 1061 1221 1143 Σκύρον
1240 1109 1261 1139 ,
1288 1058 1352 1138 ἧς
1378 1066 1696 1143 Λυκομήδης
1721 1057 1882 1147 ἦρχεν

352 1166 460 1212 etc.
494 1152 666 1214 Λύνου
691 1171 996 1232 perperam
1017 1152 1303 1230 vulgatur.
1326 1157 1478 1212 Eum
1504 1160 1718 1231 Lycum
1742 1156 1884 1215 The-

351 1242 435 1300 sei
465 1254 731 1318 patruum
763 1240 899 1298 facit
946 1254 1242 1300 enarrator
1282 1243 1688 1321 Lycophronis
1733 1245 1884 1302 anti-

340 1351 503 1408 quus
523 1330 595 1387 ad
615 1351 669 1388 v.
708 1330 857 1397 1324
876 1371 893 1401 ‚
922 1328 1023 1406 qui
1058 1329 1278 1388 utinam
1312 1330 1566 1407 integer,
1610 1329 1883 1390 detractis

351 1417 794 1477 emblematibus
824 1423 1050 1477 Tzetzae
1074 1418 1491 1495 nugacissimiS,
1515 1417 1588 1479 ad
1608 1438 1715 1476 nos
1742 1439 1882 1497 per-

347 1508 614 1566 venisset.
660 1510 784 1564 Hoc
812 1502 1117 1577 traditum,
1164 1518 1231 1563 ut
1271 1506 1512 1584 opinor,
1567 1504 1641 1564 ab
1688 1505 1883 1582 aliquo

352 1598 459 1653 τῶν
485 1593 730 1654 Ἀτθίδων
782 1592 1064 1671 scriptore
1104 1593 1155 1651 si
1200 1606 1417 1651 certam
1457 1593 1627 1653 fidem
1673 1593 1880 1667 habet,

310 1696 315 1701 ⁴
350 1688 568 1759 Lycum
598 1694 836 1761 oportet
869 1681 1040 1739 valde
1069 1701 1263 1740 senem
1309 1682 1563 1740 Athenas
1604 1682 1879 1741 rediisse:

350 1791 485 1829 narn
503 1772 705 1849 pulsus
729 1768 804 1827 ab
830 1770 1017 1847 AEgeo
1050 1768 1224 1827 fratre
1246 1772 1409 1847 regui
1450 1770 1673 1847 paterni
1716 1770 1883 1830 here-

349 1860 557 1919 ditaria
582 1872 745 1937 parte
761 1901 778 1930 ‚
802 1878 920 1918 non
950 1869 1173 1916 tantum
1192 1857 1256 1915 in
1275 1858 1467 1917 vicina
1483 1859 1881 1935 Peloponneso

349 1949 528 2007 vitam
553 1948 671 2024 egit
687 1989 704 2017 ‚
729 1947 1027 2022 auctisque
1046 1951 1399 2023 Magnorum
1422 1949 1680 2004 Deorum
1702 1946 1881 2005 initiis

336 2034 507 2114 apud
534 2034 847 2093 Messenios
877 2033 970 2091 vir
1005 2032 1350 2110 religionum
1378 2033 1759 2111 peritissimus
1790 2035 1878 2092 in-

350 2125 585 2195 claruit,
633 2119 735 2179 sed
776 2133 835 2178 et
890 2122 949 2178 in
994 2121 1230 2197 Lyciam
1279 2141 1463 2197 usque
1514 2123 1881 2198 penetravit,

350 2225 507 2271 tanta
541 2211 766 2288 pollens
789 2212 1132 2269 auctoritate
1152 2252 1169 2280 ‚
1193 2221 1260 2267 nt
1280 2210 1556 2267 Termilas
1576 2209 1879 2269 barbaram

349 2312 578 2377 gentem
616 2317 736 2356 non
783 2296 1121 2376 poenituerit
1151 2317 1308 2357 novo
1359 2297 1436 2356 ab
1487 2318 1673 2376 eoque
1705 2299 1879 2357 ducto

347 2389 659 2464 Lyciorum
680 2385 913 2443 nomine
934 2386 1173 2444 censeri.
1192 2384 1439 2444 Videtur
1466 2399 1658 2444 autem
1690 2387 1751 2443 in
1775 2406 1878 2465 pa-

347 2477 515 2534 triam
538 2493 803 2533 reversus
828 2492 901 2530 eo
931 2473 1207 2551 temporis
1225 2474 1529 2532 intervallo
1549 2517 1567 2545 ,
1595 2493 1713 2550 quo
1732 2474 1880 2533 The-

346 2583 477 2622 seus
505 2561 663 2640 apud
697 2561 1081 2620 Molossorum
1111 2579 1306 2637 regem
1346 2560 1787 2638 quadriennium
1817 2562 1875 2618 in

345 2650 593 2711 vinculis
611 2649 803 2726 exegit
832 2671 846 2707 :
881 2648 1023 2707 dum
1060 2648 1213 2708 enim
1241 2650 1406 2728 AEgei
1438 2651 1590 2708 filius
1632 2650 1876 2709 Athenis

343 2754 402 2799 et
418 2759 614 2799 rerum
654 2749 945 2815 gestarum
984 2736 1154 2796 laude
1203 2749 1263 2796 et
1289 2758 1486 2796 amore
1526 2739 1731 2817 populi
1773 2739 1878 2797 be-

340 2829 560 2888 neficiis
582 2825 915 2905 ingentibus
940 2824 1198 2885 obstricti
1231 2826 1476 2886 florebat
1495 2871 1513 2899 ,
1548 2827 1689 2886 nihil
1717 2840 1874 2900 erat,

342 2920 498 2998 quod
523 2924 710 2995 Lycus
747 2938 808 2976 se
833 2937 1019 2975 causae
1047 2938 1164 2975 suae
1191 2930 1466 2994 patronos
1501 2919 1874 2979 inventurum

340 3012 847 3085 speraret.Verum
867 3024 939 3061 eo
953 3017 1148 3062 amoto
1166 3005 1241 3063 ab
1261 3006 1475 3063 civium
1495 3005 1698 3077 oculis,
1719 3019 1874 3065 vates

341 3093 703 3172 publicaeque
748 3092 1179 3169 superstitionis
1232 3093 1598 3164 moderator,
1633 3106 1699 3151 ut
1730 3095 1877 3151 solet

339 3183 640 3239 hominum
668 3178 812 3237 illud
838 3198 1016 3255 genus
1052 3178 1126 3237 ad
1156 3180 1467 3239 flectendos
1504 3180 1692 3258 plebis
1737 3181 1873 3239 ani-

338 3255 465 3327 mos
492 3289 616 3327 esse
636 3266 1088 3339 callidissimum,
1115 3279 1504 3345 opportunam
1528 3269 1873 3329 conciliandi

338 3358 553 3417 favoris
592 3356 958 3414 occasionem
1006 3368 1210 3412 nactus
1264 3355 1458 3413 fratris
1516 3356 1758 3432 injurias
1811 3358 1868 3415 in

338 3445 523 3503 filium
566 3444 762 3502 ulcisci
805 3442 1120 3502 constituit.
1157 3446 1309 3504 Usus
1346 3443 1523 3520 igitur
1554 3444 1871 3522 impulsore

336 3533 678 3592 Menestheo
696 3577 713 3606 ‚
744 3551 915 3608 quem
939 3532 1189 3608 primum
1220 3528 1490 3589 ἐπιθέσθαι
1507 3534 1585 3610 τῷ
1619 3531 1872 3610 δημαγω-

334 3629 445 3698 γεῖν
463 3666 479 3695 ,
513 3620 602 3681 καὶ
635 3619 766 3699 πρὸς
796 3619 954 3700 χάριν
978 3618 1124 3699 ὄχλῳ
1168 3617 1501 3697 διαλέγεσθαι
1530 3620 1869 3679 Plutarchus

334 3708 594 3780 affirmat,
622 3709 932 3779 Theseum,
955 3707 1279 3766 abalienata
1306 3707 1537 3768 mobilis
1574 3708 1732 3786 vulgi
1762 3729 1868 3767 vo-

333 3795 552 3854 luntate
570 3840 586 3869 ,
617 3796 861 3854 eandem
887 3796 1046 3854 exilii
1063 3839 1080 3867 ,
1106 3816 1236 3873 quae
1258 3797 1373 3873 ipsi
1395 3797 1535 3855 olim
1561 3796 1866 3876 obtigerat,

332 3883 528 3941 subire
574 3895 793 3942 sortem
831 3885 1041 3962 coegit.
1089 3885 1240 3942 Hinc
1279 3886 1490 3948 clarius
1528 3886 1868 3965 intelligitur

331 3973 481 4029 ratio
507 3972 803 4050 proverbii
828 3972 967 4031 satis
989 3972 1247 4050 alioquin
1276 3971 1540 4045 obscuri,
1573 3972 1749 4032 Λύκου
1773 3974 1865 4033 ’δε-

331 4056 466 4132 κὰς,
514 4060 590 4118 de
628 4079 747 4137 quo
785 4059 1066 4118 nonnulla
1102 4061 1335 4139 collegit
1367 4067 1456 4120 Jo.
1497 4067 1707 4121 Meurs.
1734 4068 1857 4121 Att.

334 4151 514 4205 Lectt.
549 4150 605 4219 3,
637 4168 692 4223 9.
730 4150 917 4218 Quem
947 4165 1089 4206 vero
1137 4151 1356 4224 Lycum
1396 4147 1533 4206 alibi
1571 4147 1659 4206 bis
1707 4161 1864 4208 terve

330 4247 638 4292 vocaverat
680 4232 888 4293 Strabo
915 4278 931 4306 ‚
972 4253 1105 4293 eum
1150 4232 1241 4293 τὸν
1292 4234 1581 4301 Πανδίονος
1632 4235 1861 4294 Λύκωνα

326 4321 479 4379 dixit
507 4322 607 4380 lib.
636 4342 727 4395 12,
761 4342 820 4399 p.
852 4323 990 4396 859,
1019 4328 1096 4392 A3
1126 4321 1282 4399 quod
1308 4322 1534 4380 etiamsi
1564 4324 1859 4381 Casaubo-

326 4430 435 4468 nus
468 4410 677 4468 mutari
711 4408 949 4486 jubeat,
987 4429 1113 4487 ego,
1145 4422 1455 4488 propterea
1494 4409 1857 4469 retinendum

328 4499 629 4571 existimo,
650 4499 787 4576 quia
810 4497 954 4556 nihil
984 4496 1176 4556 obstat
1201 4498 1343 4575 quin
1390 4511 1661 4576 putemus
1677 4542 1696 4572 ,
1741 4503 1861 4575 Ly-

325 4606 529 4646 conem
572 4586 650 4646 ab
698 4586 896 4664 aliquo
928 4586 1217 4663 scriptore
1252 4599 1513 4659 vetusto,
1556 4606 1730 4666 quem
1775 4587 1859 4647 ibi

325 4687 557 4733 secutus
581 4676 658 4733 sit
680 4673 920 4746 Strabo,
950 4675 1124 4733 fuisse
1158 4675 1551 4746 nominatum,
1594 4678 1694 4754 qui
1728 4677 1857 4755 ple·—

326 4762 524 4840 risque
550 4765 739 4839 Lycus
772 4763 1022 4823 audierit
1050 4785 1066 4822 τ
1090 4776 1226 4824 sunt
1259 4765 1409 4823 enim
1434 4766 1495 4824 in
1523 4765 1856 4824 nominibus

327 4850 581 4928 propriis
609 4851 870 4928 quaedam
894 4853 1090 4911 formae
1116 4852 1406 4912 scribendi
1435 4854 1603 4912 valde
1627 4854 1823 4913 affines
1838 4901 1855 4930 ,

327 4933 412 4993 sic
454 4949 516 4995 ut
558 4937 631 4997 ab
662 4939 788 4997 aliis
814 4961 968 4999 nunc
998 4940 1141 5014 hoc,
1179 4960 1333 4999 nunc
1366 4942 1467 5000 illo
1506 4942 1676 5001 modo
1718 4942 1854 5002 effe-

323 5038 559 5098 tantvm
587 5047 719 5106 quae
739 5029 890 5092 ratio
931 5030 1120 5090 minus
1150 5031 1547 5091 animadversa
1579 5053 1849 5092 nonnun-

1972 450 2161 523 Lycus
2180 446 2272 506 bis
2296 449 2448 507 intra
2476 469 2690 528 paucos
2718 468 2921 510 versus
2943 446 3136 509 Λύκιος
3163 463 3250 508 est
3285 457 3501 511 Pausa-

1970 537 2079 594 niae
2110 558 2161 611 1,
2191 558 2280 613 19,
2315 549 2368 609 4,
2387 559 2495 596 nec
2524 560 2689 598 secus
2719 561 2841 600 sese
2869 563 2961 601 res
2983 538 3163 601 habet
3184 541 3241 599 in
3263 546 3461 599 leat-us
3481 586 3499 619 ‚

1968 627 2183 683 Icarius
2195 639 2252 684 et
2262 631 2504 696 Ιεανὶοη,
2513 632 2698 698 Iasus,
2719 634 2902 688 Iasius
2911 643 2968 689 et
2983 634 3196 688 Iasum.
3212 633 3435 686 Actoeus
3444 641 3501 689 et

1968 716 2221 783 Actaeon,
2261 716 2503 771 Glaucus
2522 728 2580 772 et
2606 720 2875 788 Glaucen,
2909 719 3129 793 Hyblus
3156 728 3216 777 et
3249 716 3492 788 Hyblon,

1972 803 2212 875 Eurytus
2224 814 2281 859 et
2300 805 2587 875 Eurytion.
2603 807 2788 875 Quem
2807 806 3101 864 Callistum
3118 806 3497 867 dixitSocrat.

1968 890 2041 950 H.
2057 894 2121 947 E.
2146 891 2203 961 3,
2237 890 2648 961 21‚Callistion
2662 892 3026 966 estLibaniO,
3060 907 3297 952 notante
3331 891 3500 950 Vale-

1969 976 2072 1034 sio.
2094 976 2312 1035 Pendet
2337 977 2527 1037 abillo
2544 999 2702 1038 more
2732 981 3115 1056 quorumdam
3144 980 3503 1060 patronymi-

1969 1083 2168 1122 corum
2193 1065 2515 1147 intellectus
2537 1088 2550 1122 :
2567 1087 2696 1126 nam
2714 1082 2776 1125 ut
2798 1088 2830 1125 a
2850 1068 3113 1134 Δεύκαλος
3123 1071 3343 1128 exsistit
3361 1076 3500 1129 Δευ-

1969 1152 2205 1223 καλίδης,
2227 1155 2310 1212 sic
2326 1174 2362 1212 a
2379 1154 2682 1214 Δευκαλίων
2701 1156 3140 1228 Δευκαλιωνίδης.
3154 1160 3339 1236 Iapeti
3353 1160 3501 1217 filius

1971 1243 2341 1301 Prometheus
2375 1263 2494 1301 non
2535 1257 2759 1303 tantum
2793 1249 3074 1321 Iapetides
3104 1246 3319 1306 Ovidio
3357 1252 3497 1308 Met.

1974 1327 2028 1396 5,
2061 1350 2152 1403 m,
2170 1329 2271 1389 ubi
2291 1350 2419 1406 quae
2433 1332 2668 1409 scripsit
2686 1332 3087 1409 Capoferreus,
3113 1336 3322 1411 partim
3348 1333 3501 1392 bona

1971 1429 2135 1489 sunt,
2160 1419 2372 1495 partim
2414 1419 2595 1496 mala3
2625 1418 2725 1477 sed
2765 1421 2938 1477 etiam
2964 1418 3340 1494 Ἰαπετιονίδης
3376 1426 3496 1480 He-

1971 1504 2112 1562 siod.
2148 1509 2262 1583 Op.
2291 1505 2387 1578 54,
2416 1506 2713 1584 quomodo
2731 1510 3102 1583 Iapetionides
3130 1508 3290 1566 Atlas
3313 1509 3500 1567 eidem

1970 1591 2201 1664 Ovidio,
2223 1605 2283 1651 et
2309 1600 2549 1653 Perseus
2574 1598 2999 1653 AcrisioniadeS.
3030 1600 3241 1655 Contra
3268 1595 3501 1678 Κύψελος

1972 1678 2216 1752 Ἠετίδης
2244 1681 2305 1739 in
2334 1683 2573 1741 oraculo
2597 1683 2752 1760 apud
2783 1684 3142 1743 Herodotum
3173 1685 3227 1758 5,
3252 1706 3347 1761 92,
3376 1688 3410 1761 §
3435 1687 3499 1759 5,

1970 1768 2071 1845 qui
2103 1781 2269 1847 patre
2296 1770 2524 1847 genitus
2548 1782 2672 1828 erat
2698 1771 2960 1829 Eetione.
2991 1772 3272 1830 Similiter
3306 1773 3500 1850 itaque

1969 1854 2174 1925 Λύκος,
2207 1855 2399 1925 Λύκιος
2422 1871 2484 1917 et
2503 1856 2715 1916 Λύκων.
2742 1864 2870 1916 Jam
2897 1860 3267 1918 Ptolemaeum
3301 1861 3500 1920 audia-

1969 1962 2096 2000 mus
2123 1945 2180 2001 in
2207 1946 2396 2003 Photii
2415 1944 2562 2002 Bibl.
2592 1967 2647 2024 p.
2682 1945 2818 2017 252,
2843 1966 2938 2021 29,
2970 1944 3075 2004 ubi
3109 1947 3359 2006 Achilles
3392 1968 3498 2006 an—

1970 2032 2145 2109 tiquae
2174 2034 2466 2091 memoriae
2495 2034 2840 2091 clarissimos
2882 2047 3177 2093 recenset:
3208 2034 3299 2092 καὶ
3344 2039 3373 2093 ὁ
3411 2035 3499 2095 τὸν

1969 2119 2322 2199 ὀστρακισμὸν
2349 2118 2630 2191 ἐπινοήσας
2658 2118 2934 2192 Ἀθήνησιν
2961 2119 3230 2200 Ἀχιλλεὺς
3263 2123 3500 2182 ἐκαλεῖτο

1949 2207 2075 2274 ,υἱὸς
2098 2206 2363 2274 Λύσωνος.
2392 2209 2547 2280 Quid
2581 2210 2629 2267 si
2656 2207 2943 2275 ΛύκωνοςΡ
2973 2222 3037 2267 ut
3058 2209 3303 2267 eundem
3335 2210 3499 2269 illum

1969 2298 2186 2371 Lycum
2210 2297 2378 2374 AEgei
2404 2297 2637 2354 fratrem
2669 2296 3273 2376 intelligamus:quam
3309 2300 3498 2377 suspi-

1967 2382 2196 2441 cionem
2232 2383 2388 2442 haud
2420 2404 2625 2463 parum
2663 2383 2902 2462 adjuvat
2935 2385 3252 2443 ostracismi
3285 2388 3499 2463 reperti

1968 2473 2214 2529 mentio:
2236 2472 2455 2551 quippe
2478 2492 2594 2529 non
2619 2486 2707 2531 est
2729 2472 3002 2546 alienum,
3017 2472 3136 2531 filio
3153 2474 3498 2551 scriptorem

1965 2559 2213 2637 aliquem
2249 2560 2618 2635 attribuisse,
2647 2561 2805 2637 quod
2837 2563 3033 2639 plures
3064 2560 3135 2619 de
3164 2575 3326 2640 patre
3364 2582 3502 2621 nar-

1967 2661 2234 2705 raverant
2264 2669 2278 2704 t
2315 2668 2502 2725 neque
2543 2661 2735 2706 tamen
2767 2648 3052 2719 diffiteor,
3088 2648 3320 2708 aliunde
3359 2650 3501 2708 mihi

1963 2732 2035 2791 de
2061 2735 2172 2793 hoc
2198 2736 2423 2795 Achille
2449 2736 2592 2794 nihil
2615 2756 2739 2794 esse
2774 2749 3155 2815 compertum.
3179 2742 3398 2797 Hans-r.
3419 2769 3498 2783 —-

1969 2822 2042 2879 28
2072 2823 2123 2888 ἐς
2143 2823 2370 2882 Suidas.
2398 2821 2601 2906 Σκύρον
2632 2823 2767 2882 libri
2784 2867 2803 2896 ,
2847 2836 3054 2902 praeter
3077 2825 3168 2897 9.,
3193 2826 3290 2903 qui
3320 2830 3495 2906 κῦρον.

1964 2914 2102 2988 Reg.
2132 2912 2202 2976 εἷς
2222 2909 2428 2991 Σκύρον
2455 2915 2615 2982 νῆσον
2638 2908 2910 2972 Δολόπων.
2935 2944 3013 2956 --
3036 2913 3109 2970 30
3132 2911 3494 2987 λοιμώξαντες.

1964 2998 2283 3076 Utriusque
2308 2999 2446 3057 mali
2468 2999 2729 3079 pestiferi
2752 3000 2911 3076 λιμοῦ
2952 3012 3009 3058 et
3036 3001 3223 3076 λοιμοῦ
3259 3003 3496 3062 nomina

1963 3084 2146 3144 literae
2173 3097 2397 3144 tantum
2423 3085 2859 3163 tenuissimique
2887 3087 3013 3145 soni
3036 3085 3366 3146 discrimine
3399 3108 3495 3147 se-

1962 3187 2161 3253 parata
2194 3196 2340 3254 quas
2380 3197 2534 3255 saepe
2575 3176 2971 3238 dubitationes
3012 3178 3380 3257 pepererint,
3423 3201 3495 3241 ex

1961 3265 2266 3324 notissimo
2293 3265 2647 3344 Thucydidis
2684 3267 2816 3325 loco
2843 3286 2876 3324 2
2896 3309 2912 3338 ,
2964 3265 3033 3323 54
3082 3279 3348 3325 testatum
3381 3281 3487 3327 est.

1959 3357 2089 3414 Non
2119 3354 2317 3432 potuit
2358 3373 2424 3412 ea
2455 3353 2531 3412 de
2564 3374 2737 3413 causa
2772 3374 2893 3411 non
2937 3354 3275 3433 contingere
3296 3400 3312 3429 ‚
3351 3357 3491 3433 quin

1959 3441 2140 3500 altera
2164 3462 2282 3500 vox
2312 3444 2646 3519 frequenter
2671 3442 2868 3501 sedem
2891 3443 3125 3501 alterius
3149 3444 3449 3502 invaderet
3476 3470 3490 3504 ε

1958 3529 2154 3587 multis
2181 3529 2416 3606 quidem
2444 3530 2502 3587 in
2530 3530 2708 3607 locis,
2737 3541 2870 3588 utra
2897 3528 2972 3586 sit
3000 3529 3262 3607 eligenda
3290 3532 3491 3609 reique

1957 3630 2202 3675 narratae
2221 3619 2469 3677 maxime
2493 3619 2836 3691 conveniat,
2874 3615 3027 3675 haud
3065 3616 3373 3677 difficulter
3401 3619 3491 3679 di-

1949 3701 2209 3778 judices,
2234 3706 2393 3763 velut
2417 3704 2570 3783 apud
2602 3703 2838 3763 Hesiod.
2863 3704 3080 3784 Theog.
3115 3725 3228 3778 227
3253 3747 3270 3776 ,
3301 3704 3402 3764 ubi
3433 3727 3487 3765 v.

1955 3792 2247 3850 Graevium
2265 3817 2282 3868 ;
2303 3805 2363 3850 at
2381 3793 2441 3850 in
2460 3793 2587 3851 aliis
2609 3806 2812 3871 optare
2829 3812 2948 3850 non
2970 3792 3048 3850 ita
3067 3793 3303 3869 planum
3314 3806 3490 3870 atque

1953 3882 2287 3957 expeditum
2314 3905 2329 3940 z
2359 3882 2471 3940 vid.
2498 3881 2685 3940 Strab.
2719 3901 2807 3955 ι2,
2843 3902 2898 3960 p.
2931 3883 3071 3959 862,
3094 3886 3157 3952 C,
3190 3894 3248 3939 et
3279 3887 3492 3941 Casan-

1952 3967 2089 4027 bon.
2119 3970 2226 4027 Hic
2252 3982 2444 4027 tamen
2467 3970 2560 4027 vel
2580 3970 2765 4028 invito
2787 3968 2979 4041 Suida,
3004 3968 3107 4046 qui
3130 3967 3486 4029 editionibus

1952 4056 2274 4135 opitulatur
2305 4099 2321 4128 ,
2370 4056 2684 4115 secundum
2735 4055 2977 4115 Meursii
3029 4057 3370 4114 sententiam
3424 4058 3485 4116 in

1951 4144 2120 4203 Thes.
2144 4163 2196 4203 c.
2228 4146 2293 4201 31
2324 4141 2673 4221 λοιμώξαντες
2694 4144 2956 4223 praetuli3
2983 4143 3201 4222 quippe
3221 4144 3484 4202 testimo—

1951 4232 2114 4289 nium
2157 4243 2244 4289 est
2286 4237 2481 4290 AEneae
2531 4234 2722 4292 Gazaei
2759 4231 3199 4290 disertissimum
3256 4251 3315 4309 p.
3363 4252 3436 4303 72
3468 4254 3482 4288 :

1948 4316 2156 4396 λέγεται
2186 4317 2242 4376 δὲ
2278 4318 2592 4390 Ἀθηναίοις,
2621 4317 2802 4390 ἐπειδὴ
2839 4318 3051 4377 ἐνόσουν
3075 4363 3092 4392 ,
3119 4316 3208 4376 τὸν
3244 4315 3483 4378 Ἀπόλλω

1947 4410 2146 4488 χρῆσαι
2170 4405 2360 4480 Θησέα
2387 4405 2476 4466 τὸν
2527 4404 2728 4485 Αἰγέως
2773 4404 2860 4463 ἐπὶ
2902 4403 2997 4471 τὰς
3022 4403 3234 4475 Ἀθήνας
3264 4406 3482 4484 μεταδι-

1950 4495 2153 4565 δάξειν.
2180 4541 2194 4555 .
2219 4539 2234 4556 .
2261 4542 2276 4557 .
2317 4495 2431 4576 ἅμα
2452 4520 2512 4555 τε
2538 4500 2632 4568 τῆς
2655 4496 2891 4567 Ἀττικῆς
2917 4500 3011 4555 τοῦ
3039 4495 3266 4567 Θησέως
3290 4495 3352 4554 τὸ
3370 4497 3480 4554 λει-

1948 4585 2175 4664 πόμενον
2204 4583 2399 4656 ἐπέὸη,
2440 4583 2532 4643 καὶ
2560 4589 2588 4644 ὁ
2615 4583 2806 4661 λοιμὸς
2831 4585 2926 4642 οὐκ
2954 4583 3032 4642 ἔτι
3077 4574 3164 4655 ἦν.
3204 4588 3271 4643 In
3300 4576 3479 4643 'simili

1947 4695 2082 4734 casu
2107 4674 2285 4735 schol.
2309 4672 2382 4732 ad
2405 4678 2511 4749 Eq.
2539 4692 2597 4730 v.
2626 4673 2697 4740 84
2725 4673 2798 4730 de
2825 4671 3226 4731 Themistoclis
3250 4671 3482 4735 ossibus

1945 4763 2199 4823 Athenas
2225 4759 2656 4820 transvehendis
2681 4757 3085 4837 ελοιμωξᾶντων
3107 4759 3162 4816 δὲ
3193 4757 3480 4836 Ἀθηναίων

1946 4856 1975 4912 ὁ
1996 4851 2106 4918 θεὸς
2128 4842 2244 4911 εἷπε
2269 4848 2516 4928 μετάγειν
2540 4847 2609 4908 τὰ
2628 4847 2789 4907 ὀστέα
2817 4846 3272 4925 Θεμιστοκλέους*
3302 4854 3479 4931 pestis

1944 4956 2136 5002 autem
2177 4941 2360 5004 multo
2407 4939 2622 5017 magis,
2670 4958 2846 5015 quam
2887 4938 3103 5009 fameS,
3150 4936 3478 5000 habebatur

1945 5031 2212 5091 vindictae
2238 5028 2450 5088 divinae
2477 5027 2535 5084 in
2559 5027 2821 5085 homines
2849 5025 3358 5090 animadvertentis
3387 5042 3475 5090 te-
