3859 5725
1513 290 1914 353 SCHOLIA
1967 289 2064 350 IN
2114 289 2464 351 VESPAS.

3479 260 3581 358 ἰιι

379 467 475 525 χον
500 441 593 501 καὶ
617 440 685 500 τὰ
713 440 876 521 ἐρατὰ
904 437 1100 518 ἔμιξεν,
1129 429 1233 499 οἷον
1263 441 1462 518 ἀρχαῖα
1491 436 1626 516 μέλη
1663 435 1938 518 Φρυνίχου
2031 435 2370 505 Ἀπόλλωνος.
2400 436 2491 496 καὶ
2524 435 2730 514 ὁλμειὸς
2766 435 3079 516 στρογγύλος
3114 436 3275 512 λίθος,
3313 440 3386 506 εἰς
3420 439 3479 499 ὃν
3506 441 3596 500 κό-

381 530 543 613 ἐρατὰ
571 530 661 589 καὶ
692 528 854 601 ἡδέα,
881 526 1120 608 καθάπερ
1150 526 1270 605 μέλι
1297 524 1609 606 περιέχοντα
1640 524 1701 584 τὸ
1722 528 1816 597 τῆς
1843 527 1943 584 Σι-
2027 548 2244 585 πτουσιν
2268 523 2460 606 ὄσπρια
2486 524 2577 583 καὶ
2605 523 2743 584 ἄλλα
2769 524 2942 603 τινά.)

380 624 537 687 δῶνος
563 618 748 695 ὄνομα.
780 616 1047 698 Φρύνιχος
1066 615 1122 674 δὲ
1145 614 1347 696 ἐγένετο
1368 613 1664 696 τραγῳδίας
1685 611 1906 685 ποιητὴς
1920 656 1940 689 ,

2112 613 2270 691 (239).
2305 619 2396 671 τοῦ
2410 609 2662 692 κορκόρου
2683 632 2700 673 :
2722 610 2866 692 Πρὸς
2881 612 2971 671 τὸν
2993 611 3302 694 Λυκόφρονα
3313 659 3329 688 ,
3349 614 3596 698 κόρκορον

377 707 434 776 ὃς
460 707 653 788 ἔγραψε
671 707 848 784 δρᾶμα
871 702 1161 771 Φοινίσσας
1179 748 1195 775 ,
1220 705 1273 762 ἓν
1299 694 1344 785 ᾧ
1369 701 1632 781 μέμνηται
1655 700 1939 762 Σιδωνίων.
2029 699 2249 779 λέγοντα
2278 697 2508 781 ίχθύδιόν
2545 722 2616 758 τι.
2655 699 2929 772 ἠπάτηται
2961 702 3045 773 δὲ,
3082 698 3153 767 ὥς
3180 725 3335 782 φησιν
3365 703 3598 783 Ἐρατο-

323 809 354 850 5
378 795 449 855 τὰ
471 795 525 854 δὲ
551 791 685 871 με’λη
709 785 825 852 εἶπε
843 791 929 851 διὰ
951 792 1047 865 τὴν
1067 788 1476 871 γλυκύτητατοῦ
1494 796 1729 861 ποιητοῦ.
1827 787 1945 848 Ἄλ·
2032 788 2237 862 σθένης.
2277 788 2390 847 ἔστι
2430 786 2534 869 γὰρ
2570 786 2802 868 λάχανόν
2839 812 2892 847 τι
2924 788 3102 869 ἄγριον
3136 789 3256 868 [καὶ
3280 789 3514 871 εὐτελὲς]
3544 794 3599 853 ἕν
3626 800 3655 843 ι

380 886 500 950 λως.
536 880 617 941 ὅτι
648 881 714 939 δι’
750 879 1003 958 ὀνόματος
1031 871 1098 944 ἦν
1135 878 1359 938 καθόλου
1384 876 1478 955 μὲν
1505 881 1534 936 6
1561 876 1826 957 Φρύνιχος
1854 876 1944 935 ἐπὶ
2034 874 2454 958 Πελοποννήσῳ,
2496 880 2567 943 ὡς
2592 874 2685 935 καὶ
2712 880 2747 948 ἡ
2775 876 3039 956 παροιμία
3073 903 3096 930 α
3131 876 3226 935 καὶ
3253 876 3501 960 κόρκορος
3542 884 3597 941 ἐν

382 968 693 1051 μελοποιίᾳ,
718 968 953 1046 μάλιστα
988 965 1044 1026 δὲ
1066 966 1128 1025 τὸ
1157 968 1218 1025 ἐκ
1245 970 1348 1025 τῶν
1373 969 1671 1027 Φοινισσῶν
1698 967 1857 1025 αὐτοῦ
1884 964 1946 1024 τὸ
2030 963 2329 1044 λαχάνοισι.
2369 992 2395 1017 ¹·
2429 964 2489 1023 τὸ
2530 961 2585 1023 δὲ
2622 964 3067 1044 κατασχίσαντες,
3115 965 3270 1025 αὐτὸν
3313 966 3403 1027 τὸν
3435 966 3600 1048 ὅλμον

373 1078 409 1111 ἀ
429 1059 520 1117 καὶ
550 1058 777 1123 Σιδῶνος
806 1052 1131 1134 προλιπόντα
1155 1052 1298 1115 ναόν.
1333 1079 1357 1106 ¹·
1389 1054 1425 1125 ἢ
1460 1081 1484 1107 κ
1523 1052 1773 1114 Σιδώνιον
1810 1052 1945 1111 ἄστυ

316 1152 331 1175 “
378 1145 637 1213 λιπόντες.
698 1172 723 1196 ι·
757 1142 1041 1215 πεποίηται
1087 1140 1145 1201 δὲ
1189 1147 1224 1213 ἡ
1266 1140 1402 1211 λέξις
1439 1140 1588 1224 παρὰ
1625 1142 1688 1201 τὸ
1724 1144 1946 1224 ἀρχαῖον

300 1246 358 1287 10
381 1232 553 1293 καὶτὸ
572 1231 725 1310 μέλος
742 1230 834 1290 καὶ
852 1229 914 1289 τὸ
933 1228 1103 1290 Σιδών
1129 1228 1220 1289 καὶ
1241 1228 1301 1289 τὸ
1324 1228 1592 1312 Φρύνιχος
1622 1228 1713 1289 καὶ
1738 1229 1801 1289 τὸ
1824 1232 1947 1310 ἐρα·

380 1321 487 1381 τόν.
514 1319 854 1402 Ἀρίσταρχος
885 1317 941 1377 δέ
964 1340 1093 1400 φησι
1126 1320 1435 1395 γεγενῆσθαι
1460 1317 1566 1377 ἀπὸ
1588 1322 1678 1376 τοῦ
1709 1315 1829 1396 με’λι
1856 1318 1949 1376 καὶ

380 1415 473 1469 τοῦ
492 1411 721 1474 Σιδῶνος
746 1407 839 1466 καὶ
865 1411 956 1465 τοῦ
980 1404 1252 1487 Φρυνίχου
1276 1404 1367 1464 καὶ
1394 1411 1484 1465 τοῦ
1508 1404 1748 1486 ἐρατόν.)

461 1517 560 1557 222.
606 1492 939 1575 βαλλήσομεν
965 1513 980 1553 ε
1010 1491 1170 1555 Οὕτω
1189 1491 1427 1572 λέγουσιν
1457 1490 1833 1559 ἐπεκτείνοντες
1859 1490 1952 1551 καὶ

385 1584 523 1643 ἄλλα
542 1581 738 1655 πολλὰ,
764 1573 869 1641 οἷον
892 1580 1208 1660 παιήσομεν.
1234 1584 1305 1649 ὡς
1328 1579 1435 1640 ἀπὸ
1465 1578 1870 1662 περισπωμένου
1895 1578 1951 1639 δὲ

306 1688 358 1729 η
384 1670 499 1731 ἔστι
519 1675 611 1730 τοῦ
637 1670 836 1750 βαλλῶ.
862 1680 925 1727 V.
950 1677 1084 1727 Vict-

467 1776 565 1819 m.
608 1756 791 1839 ὀργίσῃ
822 1777 839 1817 τ
867 1754 1167 1838 Παροξύνῃ.
1207 1765 1333 1815 Vtct.

464 1866 560 1907 224.
606 1844 806 1925 (ὅμοιον
836 1854 1036 1927 σφηκιᾷ
1067 1865 1082 1906 :
1116 1845 1255 1904 Ἀντὶ
1293 1849 1383 1904 τοῦ
1413 1841 1707 1925 σφηκώδεις
1733 1841 1834 1903 εἰσὶ
1860 1841 1954 1902 καὶ

384 1932 706 2015 κεντρώδεις.
731 1936 785 1991 ἐν
809 1932 1053 2012 σχήματι
1075 1931 1179 2013 γὰρ
1208 1933 1422 2014 σφηκῶν
1446 1929 1765 2009 εἰσάγονται.
1786 1932 1804 2009 )

467 2031 668 2104 σφηκιᾷ
701 2041 716 2080 :
748 2019 1063 2098 Συστήματι
1092 2024 1328 2101 σφηκῶν.
1357 2027 1489 2078 Vict.

302 2139 361 2180 ω
465 2131 563 2171 225.
607 2113 668 2169 ἐκ
689 2112 783 2179 τῆς
800 2107 987 2190 ὀσφύος
1012 2127 1027 2167 :
1054 2105 1208 2185 (⁰022
1229 2109 1283 2165 ἐν
1312 2105 1550 2187 σχήματι
1574 2108 1787 2187 σφηκῶν
1812 2104 1956 2164 εἰσά-

383 2221 469 2279 γει
504 2197 591 2256 τὸν
629 2194 808 2277 χορὸν,
838 2193 1208 2276 προΰάλλοντα
1244 2198 1305 2255 ἐκ
1326 2199 1420 2266 τῆς
1452 2192 1642 2274 ὀσφύος
1668 2190 1878 2273 κέντρον
1902 2216 1955 2251 τι

384 2286 653 2356 ὀξύτατον.
681 2281 940 2355 πεποίηκε
968 2284 1023 2341 δὲ
1055 2289 1209 2342 τοῦτο
1245 2283 1334 2342 διὰ
1362 2282 1424 2342 τὸ
1448 2280 1569 2349 τοὺς
1588 2280 1835 2361 γέροντας
1861 2280 1955 2340 καὶ

385 2374 506 2442 τοὺς
527 2371 774 2439 δικαστὰς
787 2370 1064 2451 ὀξυχόλους
1082 2361 1213 2429 εἶναι
1235 2370 1326 2429 καὶ
1347 2369 1497 2441 δίκην
1524 2371 1738 2450 σφηκῶν
1767 2367 1956 2450 τιτρώ-

388 2486 533 2523 σκειν
552 2470 659 2529 τοῖς
676 2458 889 2539 λόγοις.)
915 2493 995 2504 —-
1016 2457 1197 2529 ἐπειδὴ
1220 2460 1249 2516 6
1275 2458 1430 2538 χορὸς
1456 2460 1560 2515 τῶν
1588 2454 1845 2537 γερόντων
1869 2454 1955 2538 ἔρ-

307 2572 361 2613 x
390 2574 546 2632 χεται
567 2553 637 2616 ὡς
660 2552 854 2627 σφῆκες
877 2544 1300 2624 διεσκευασμένοι
1324 2544 1415 2603 καὶ
1437 2543 1648 2625 κέντρον
1672 2542 1869 2623 ἔχουσι.
1895 2554 1953 2602 R.

468 2636 658 2719 ὀσφύος
700 2656 716 2697 :
756 2636 960 2717 Ὀσφῦς
994 2638 1023 2693 6
1056 2633 1205 2714 παρὰ
1240 2636 1482 2714 πλευροῖς
1523 2630 1756 2698 διάκενος
1781 2631 1955 2698 τόπος.

401 2726 532 2775 Vict.

467 2814 565 2855 227.
608 2791 833 2876 φέψαλοι
873 2811 888 2852 :
933 2793 1253 2873 Σπινθῆρες,
1291 2781 1396 2851 οἷον
1437 2795 1545 2874 πῦρ
1586 2788 1851 2851 πνέουσιν.
1904 2800 1957 2849 V.

408 2900 533 2950 vict.
562 2893 857 2969 σπινθῆρες.
883 2899 943 2947 R.

311 3007 367 3048 ao
468 2998 569 3040 2³0.
615 2967 687 3055 (ὦ
718 2974 912 3054 Κωμία
948 2975 1220 3059 βραδύνεις
1250 2997 1264 3037 :
1294 2974 1432 3036 Ἀντὶ
1457 2980 1550 3035 τοῦ
1576 2975 1865 3057 έὸράδυνας
1885 2978 1960 3043 εἰς

390 3068 450 3128 τὸ
473 3066 808 3146 δικαστήριον
843 3068 1030 3125 ἐλθεῖν.
1055 3067 1103 3125 οἳ
1130 3071 1222 3125 τοῦ
1249 3069 1410 3145 χοροῦ
1439 3063 1495 3123 δὲ
1528 3063 1774 3136 ἀλλήλοις
1802 3067 1957 3144 ἔγκε-

390 3155 657 3234 λευόμενοι
681 3151 779 3225 τὴν
807 3151 1039 3233 πάροδον
1065 3158 1357 3213 ποιοῦνται.
1387 3151 1552 3230 ὄνομα
1579 3150 1636 3211 δὲ
1666 3151 1903 3233 γέροντος
1928 3157 1959 3212 6

392 3241 630 3320 Κωμίας.
653 3240 746 3301 καὶ
766 3240 896 3309 ἴσως
918 3240 1202 3313 πεποίηται
1224 3237 1372 3321 παρὰ
1396 3238 1493 3312 τὴν
1517 3239 1728 3317 κώμην.
1756 3238 1960 3308 κύνειος

392 3330 449 3391 δὲ
476 3329 676 3397 εύτονός
697 3331 775 3395 τίς
796 3327 888 3388 καὶ
912 3326 1141 3410 ἰσχυρός.
1171 3327 1475 3409 Χαρινάδης
1500 3327 1555 3386 δὲ
1583 3326 1750 3405 ὄνομα
1777 3327 1958 3410 γε’ρον-

314 3451 368 3495 ,ς
398 3420 532 3495 τος.)
562 3454 621 3465 -
646 3415 761 3476 ἀντὶ
781 3422 873 3476 τοῦ
896 3415 1134 3497 ταύρειος
1159 3414 1359 3484 κύνειος
1382 3406 1525 3474 εἶπεν
1545 3415 1671 3496 παρ’
1690 3414 1957 3477 ὑπόνοιαν.

398 3505 751 3586 ἀσθενέστεροι
779 3502 835 3562 δὲ
863 3495 1004 3563 οὗτοι
1024 3507 1128 3562 τῶν
1156 3503 1360 3583 βοείων.
1398 3503 1702 3585 Χαρινάδης
1724 3504 1962 3586 εὑρίσκε-

392 3618 482 3654 ται
498 3592 619 3674 περὶ
638 3590 950 3673 δικαστήρια
972 3589 1065 3650 καὶ
1085 3590 1251 3658 δίκας.
1282 3601 1339 3649 R.
1366 3589 1567 3658 εὕτονός
1594 3614 1672 3658 τις
1694 3592 1785 3651 καὶ
1809 3594 1958 3672 ἰσχυ-

397 3680 499 3762 ρός.
532 3680 668 3759 (ἤδη
696 3677 753 3738 δὲ
779 3679 871 3738 καὶ
893 3678 1247 3758 παροιμιακὸν
1274 3677 1514 3758 γέγονε.)
1540 3688 1600 3736 R.
1620 3687 1682 3734 V.

476 3787 572 3828 233.
617 3768 915 3845 (Κονθυλεῦ
948 3784 964 3825 :
995 3763 1235 3835 Κονθύλη
1262 3765 1427 3842 δῆμος
1458 3769 1552 3836 τῆς
1584 3763 1836 3836 Ἀττικῆς
1865 3766 1962 3836 τῆς

313 3886 373 3928 00
399 3852 760 3934 Πτολεμαΐδος
782 3855 973 3934 φυλῆς,
993 3848 1031 3922 ἢ
1055 3851 1442 3928 Πανδιονίδος.)

475 3962 572 4003 m.
610 3941 829 4019 (Χάὸης
858 3961 873 4001 :
899 3938 1087 4008 Οὕτως
1113 3939 1436 4020 Ἡρωδιανὸς
1471 3940 1524 3997 έν
1563 3942 1640 4019 τῷ
1676 3937 1838 4021 τρίτῳ
1868 3944 1962 4012 τῆς

396 4029 620 4097 καθόλου
644 4026 989 4108 παρατίθεται
1008 4026 1069 4086 τὸ
1089 4026 1253 4104 ὄνομα
1281 4024 1369 4086 διὰ
1391 4031 1486 4085 τοῦ
1517 4030 1550 4106 β
1578 4025 1790 4098 Χάὸης.
1817 4026 1880 4087 τὸ
1905 4024 1961 4086 δὲ

400 4116 610 4184 Φλυεὶις
634 4115 741 4175 ἀπὸ
769 4116 955 4193 δήμου.
986 4149 1066 4162 -
1093 4118 1186 4187 τῆς
1213 4107 1576 4192 Πτολεμαίδος
1603 4116 1770 4196 φυλῆς
1799 4116 1963 4193 δῆμος

398 4208 437 4276 ἡ
456 4203 636 4277 Φλύη.
659 4214 723 4262 V.

313 4322 371 4366 η
478 4310 577 4353 ²2⁶.
622 4288 867 4372 (πάρεσθ’
886 4287 916 4348 8
932 4287 998 4361 δὴ
1018 4287 1199 4347 λοιπόν
1217 4308 1232 4350 :
1252 4286 1327 4349 Ὅ
1348 4290 1490 4348 ἔστιν
1509 4287 1790 4348 ὑπόλοιπον
1807 4291 1960 4365 ἡμῶν

398 4379 614 4457 ἥκομεν.
637 4372 745 4440 οἷον
765 4378 826 4437 τὸ
849 4376 1030 4438 λοιπὸν
1053 4376 1227 4436 καὶτὸ
1250 4377 1495 4461 λείψανον
1512 4382 1604 4437 τοῦ
1627 4376 1965 4455 συστήματος

400 4471 550 4545 ἡμῶν
584 4465 826 4547 πάρεστι.
855 4470 1008 4525 τοῦτο
1041 4463 1108 4538 δ’,
1139 4462 1321 4536 ὀπειδὴ
1349 4467 1404 4524 ἐν
1432 4463 1580 4524 νυκτὶ
1609 4462 1708 4537 τὴν
1742 4465 1958 4546 πορείαν

400 4558 685 4614 ἐποιοῦντο.

478 4661 577 4703 238.
623 4555 744 4720 (τῆς
772 4639 1123 4719 ἀρτοπώλιδος
1146 4660 1162 4701 :
1188 4639 1330 4721 Παρ’
1356 4639 1604 4700 ὑπόνοιαν
1633 4644 1818 4713 τοῦτο,
1846 4639 1962 4700 δέον

309 4761 373 4803 ω
401 4730 584 4801 εἰπεῖν,
625 4726 747 4797 τοὺς
788 4728 1069 4807 πολεμίους
1108 4727 1534 4810 ἐχειρωσάμεθα,
1572 4725 1610 4799 ἢ
1649 4726 1806 4809 λόχον
1841 4728 1962 4787 τινὰ

400 4816 745 4894 ἐποιήσαμεν.

476 4904 567 4964 τὸν
593 4903 758 4982 ὅλμον
781 4925 797 4966 :
824 4902 917 4971 Ὡς
941 4902 1140 4973 ξυλίνου
1159 4903 1303 4972 ὄντος
1319 4908 1410 4963 τοῦ
1434 4902 1620 4981 ὅλμου.
1652 4903 1745 4963 καὶ
1772 4903 1962 4964 Ἡσίο-

400 4993 485 5059 δος
512 4999 637 5066 [Op.
662 4999 771 5064 421]
801 5018 827 5044 ι
853 4991 1013 5070 ὅλμον
1034 4991 1130 5071 μὲν
1152 4991 1404 5074 τριπόδην
1425 4992 1659 5070 τάμνειν.
1692 5018 1717 5044 »

2034 1051 2286 1126 δηλονότι·
2311 1055 2370 1111 οὗ
2393 1050 2495 1133 γὰρ
2516 1051 2604 1112 τὸν
2622 1050 2888 1133 κόρκορον.

2112 1159 2210 1199 240.
2258 1141 2360 1218 (ὥς
2395 1138 2545 1198 ἔσται
2576 1138 2791 1218 Λάχητι
2818 1139 2929 1200 νυνί
2955 1161 2970 1201 2
2995 1139 3074 1202 Ἢ
3107 1140 3257 1213 δίκη,
3283 1139 3321 1213 ἢ
3345 1143 3600 1226 τιμωρία,

2035 1226 2072 1299 ἢ
2096 1227 2329 1287 τοιοῦτόν
2350 1250 2420 1286 τι.
2440 1233 2594 1287 τοῦτο
2617 1225 2675 1286 δέ
2692 1249 2869 1307 φησιν,
2890 1231 3065 1295 ὣςτοῦ
3093 1227 3336 1297 Κλέωνος
3357 1234 3431 1298 είς
3449 1231 3598 1305 δίκην
3632 1250 3682 1290 ιο

2038 1314 2387 1394 ἐπαγαγόντος
2416 1313 2503 1373 τὸν
2537 1313 2784 1395 Λάχητα.
2810 1320 3176 1397 στρατηγῆσαι
3205 1315 3260 1376 δὲ
3285 1318 3444 1378 αὐτόν
3473 1344 3604 1394 φησι

2037 1401 2338 1483 Δημήτριος
2365 1401 2452 1461 ἐπὶ
2487 1401 2737 1483 ἄρχοντος
2762 1402 3025 1471 Εὐκλέους
3047 1403 3151 1487 πρὸ
3178 1408 3335 1486 τριῶν
3361 1409 3490 1466 ἐτῶν
3531 1412 3605 1478 εἰς

2041 1490 2287 1550 Σικελίαν
2339 1487 2643 1570 πεμφθέντα
2691 1489 2826 1567 μετὰ
2879 1494 3009 1550 νεῶν
3064 1491 3358 1560 Λεοντίνοις
3401 1494 3602 1572 βοηθή-

2041 1600 2215 1637 σοντα.
2231 1579 2278 1636 οἱ
2302 1576 2357 1636 δὲ
2371 1576 2492 1656 περὶ
2513 1577 2602 1636 τὸν
2619 1576 2915 1659 Φιλόχορον
2940 1578 3272 1648 διαδέξασθαι
3299 1581 3455 1641 αὐτόν
3471 1605 3603 1664 φασι

2042 1662 2315 1746 Σοφοκλέα
2347 1665 2438 1723 καὶ
2465 1662 2802 1745 Πυθόδωρον,
2833 1663 2919 1733 οθς
2950 1664 3041 1724 καὶ
3073 1672 3211 1747 φυγῇ
3251 1671 3598 1745 ζημιωθῆναι,
3633 1682 3683 1722 ιιι

2042 1752 2176 1820 εἰκὸς
2195 1758 2316 1831 γοῦν
2342 1753 2736 1829 μετακληθῆναι
2768 1751 2924 1813 αὐτὸν
2958 1752 3046 1811 ἐπὶ
3075 1753 3173 1825 τὴν
3196 1753 3385 1836 κρίσιν,
3417 1748 3481 1828 ἧς
3515 1765 3607 1819 νῦν

2042 1847 2071 1902 6
2096 1842 2326 1919 κωμικὸς
2350 1838 2722 1920 μνημονεύει.)

2125 1950 2229 1990 241.
2278 1926 2530 2021 (σίμὸλον
2572 1925 2631 1987 δέ
2666 1950 2793 2009 φασι
2832 1948 2848 1989 2
2895 1926 3135 2006 Σίμὸλον
3172 1931 3360 2013 κυρίως
3396 1933 3524 1993 εἰσὶν
3553 1938 3609 1994 αἱ

2043 2023 2233 2095 θῆκαι,
2263 2016 2384 2076 ἔνθα
2412 2019 2468 2075 αἰ
2511 2014 2760 2094 μέλισσαι
2796 2014 3128 2076 ἀποτίθενται
3155 2019 3216 2079 τὸ
3251 2020 3387 2098 μέλι.
3417 2025 3489 2090 ὡς
3513 2028 3606 2084 τοῦ

2044 2105 2290 2187 Λάχητος
2307 2102 2363 2163 δὲ
2383 2102 2450 2163 τὰ
2466 2101 2694 2181 δημόσια
2709 2104 3153 2185 σφετερισαμένου
3171 2107 3262 2166 καὶ
3279 2107 3611 2181 πλουτήσαν-
3635 2133 3690 2173 20

2042 2215 2143 2261 τος.
2172 2227 2251 2237 --
2274 2195 2303 2250 6
2328 2191 2483 2258 αὐτὸς
2505 2189 2560 2250 δὲ
2587 2190 2680 2250 καὶ
2702 2193 2773 2259 ὡς
2795 2192 3062 2273 φαλακρὸς
3089 2198 3436 2276 κωμῳδεῖται.
3465 2210 3529 2257 V.

2122 2299 2222 2341 242.
2269 2278 2424 2361 (χθὲς
2447 2268 2534 2337 οὗν
2561 2276 2747 2339 Κλέων
2775 2297 2790 2339 z
2817 2280 2953 2339 Κατ’
2976 2281 3233 2359 ἐπιταγὴν
3258 2282 3314 2342 δὲ
3331 2290 3421 2343 τοῦ
3441 2309 3610 2367 στρα-

2043 2372 2206 2444 τηγοῦ
2235 2366 2329 2426 καὶ
2366 2369 2414 2426 οἱ
2450 2363 2697 2425 δικασταὶ
2733 2366 3033 2427 ἐκαλοῦντο.
3064 2367 3178 2451 ὥρα
3223 2370 3278 2430 δὲ
3313 2376 3403 2432 νῦν
3444 2376 3546 2454 οὐχ
3583 2376 3612 2433 6

2043 2454 2248 2536 καιρὸς,
2275 2453 2414 2514 ἀλλὰ
2432 2453 2692 2535 ταχέως.)

2128 2552 2283 2629 (243).
2311 2555 2525 2633 ἡμερῶν
2554 2547 2714 2632 ὀργὴν
2740 2553 2897 2631 τριῶν
2939 2571 2954 2612 t
2986 2551 3149 2634 Παρὰ
3175 2553 3236 2614 τὸ
3264 2556 3611 2638 κηρύττεσθαι
3638 2581 3691 2621 as

2046 2638 2186 2697 σιτία
2213 2643 2425 2721 ἡμερῶν
2451 2641 2608 2720 τριῶν
2636 2639 2741 2705 τοῖς
2769 2639 3117 2718 στρατιώταις
3144 2640 3342 2713 ἔπαιξε.
3374 2645 3608 2724 [κολου-

2046 2726 2230 2805 μένους
2253 2726 2309 2786 δὲ
2330 2724 2469 2786 κατὰ
2493 2727 2651 2786 αὐτοῦ
2675 2725 3049 2807 κολάσοντας.]

2125 2844 2225 2885 248.
2267 2813 2313 2883 ὦ
2353 2823 2522 2904 πάτερ
2564 2821 2732 2904 πάτερ
2772 2842 2788 2884 t
2829 2823 3170 2905 Παρέπονται
3216 2828 3391 2896 αὐτοῖς
3429 2820 3614 2899 παῖδες

2043 2910 2234 2991 λύχνον
2262 2912 2531 2994 φέροντες,
2564 2911 2684 2989 (καὶ
2707 2915 2962 2985 πιθανῶς,
2989 2910 3077 2970 ἵνα
3103 2918 3137 2984 ἡ
3169 2915 3438 2997 ὀρχήστρα
3465 2920 3612 2990 πλη-

2048 3004 2208 3081 ρωθῇ.
2232 3007 2357 3068 παῖς
2376 2997 2434 3058 δέ
2454 3023 2531 3066 τις
2551 2996 2941 3079 προηγούμενος
2964 2999 3100 3076 μετὰ
3119 3001 3312 3081 λύχνου
3336 3026 3613 3086 προεωρα-
3636 3039 3695 3083 80

2047 3086 2151 3155 κὼς
2186 3085 2369 3159 πηλόν.
2407 3086 2469 3146 τὸ
2502 3085 2558 3145 δὲ
2592 3086 2781 3168 μέτρον
2815 3088 3044 3146 ἐντεῦθεν
3077 3088 3322 3161 ἤλλαξεν.
3361 3089 3473 3150 ἔστι
3508 3093 3612 3175 γὰρ

2048 3174 2251 3252 μικτὸν,
2290 3173 2529 3234 συντεθὲν
2564 3173 2625 3233 ἔκ
2659 3198 2717 3233 τε
2754 3174 3006 3250 ίαμὸικοῦ
3046 3176 3293 3259 διμέτρου
3330 3180 3609 3253 ἀκαταλή-

2046 3287 2171 3323 κτου
2196 3262 2287 3322 καὶ
2317 3264 2673 3343 ἰθυφαλλικοῦ.
2702 3265 2731 3322 6
2757 3260 2814 3320 δὲ
2842 3260 3121 3342 ἷθύφαλλος
3143 3264 3430 3346 τροχαῖκὴν
3456 3273 3613 3339 συζυ-

2046 3350 2164 3428 γίαν
2203 3348 2315 3431 ἔχει
2346 3349 2586 3430 δίμετρον
2630 3347 3163 3430 βραχυκατάληκτον,
3201 3352 3439 3414 τουτέστι
3477 3358 3614 3437 τρεῖς

2047 3437 2374 3519 τροχαίους).
3638 3484 3694 3527 8⁶

2127 3545 2227 3586 249.
2275 3525 2502 3607 (κάρφος
2531 3522 2772 3606 χαμάθεν
2800 3545 2815 3585 2
2853 3523 2949 3585 Ἐν
2984 3524 3174 3608 κάρφει
3203 3526 3305 3609 γὰρ
3333 3528 3513 3610 ἠρέμα
3537 3555 3615 3600 τις

2049 3611 2364 3695 προμύσσει.
2395 3613 2525 3694 πρὸς
2558 3611 2677 3680 τοὺς
2713 3612 2906 3679 παῖδας
2945 3612 3004 3672 δέ
3032 3637 3187 3696 φησι,
3215 3615 3334 3684 τοὺς
3365 3617 3612 3699 προπέμ-

2047 3725 2242 3770 ποντας
2269 3702 2479 3782 αὐτόν.)
2504 3734 2584 3748 —
2606 3699 2888 3782 πρόμυξον,
2921 3702 2981 3760 ἐκ
3004 3706 3098 3774 τῆς
3117 3702 3282 3780 μύξης
3311 3705 3607 3786 προάγαγε.
3643 3703 3652 3710 ’

2048 3791 2105 3839 R.

2126 3876 2228 3918 250.
2273 3855 2411 3917 ἀλλὰ
2458 3856 2586 3940 τῳδί
2632 3880 2723 3934 μοι
2759 3878 2774 3918 :
2816 3857 3130 3935 (Δεικτικῶς
3170 3863 3248 3940 τῷ
3278 3863 3481 3943 λιχανῷ
3513 3866 3609 3923 δα·
3639 3904 3695 3944 ⁴0

2048 3945 2245 4027 κτύλῳ.
2272 3943 2596 4027 προμύσσειν
2617 3943 2671 4004 δὲ
2691 3948 2762 4013 εἷς
2783 3944 2843 4004 τὸ
2866 3944 3159 4027 ἔμπροσθεν
3187 3949 3367 4026 βαλεῖν
3388 3948 3449 4009 τὸ
3469 3950 3614 4010 ἔλλύ·

2047 4032 2242 4113 χνιον.)
2288 4067 2365 4078 -
2407 4032 2497 4091 τὸν
2540 4031 2796 4092 δάκτυλον
2839 4031 3117 4106 δείκνυσιν,
3162 4033 3249 4092 ἵνα
3288 4034 3364 4114 μὴ
3393 4035 3613 4118 κάμψας

2050 4122 2199 4198 ζητῇ.
2229 4127 2287 4176 Β.

2127 4224 2224 4265 251.
2268 4203 2321 4263 τί
2353 4203 2416 4277 δὴ
2451 4204 2631 4282 μαθών
2670 4226 2684 4266 :
2724 4204 2852 4284 (Ὦς
2888 4210 2980 4265 τοῦ
3020 4206 3209 4275 παιδὸς
3250 4210 3325 4287 τῷ
3371 4209 3611 4293 δακτύλῳ

2049 4290 2482 4369 ἐπισπασαμένου
2518 4292 2579 4352 τὸ
2614 4291 2903 4373 ἐλλύχνιον,
2941 4296 3033 4353 καὶ
3070 4297 3122 4353 ἐν
3160 4293 3392 4377 τοσούτῳ
3431 4298 3606 4357 ἐλαίου
3631 4339 3685 4380 45

2050 4377 2381 4458 ἐκχυθέντος,
2424 4370 2497 4448 εἷς
2522 4384 2626 4439 τῶν
2666 4380 2995 4461 πρεσὸυτῶν,
3023 4379 3078 4448 ὃς
3105 4380 3196 4440 καὶ
3218 4383 3397 4463 πατὴρ
3427 4375 3490 4457 ἦν
3518 4391 3609 4445 τοῦ

2048 4465 2260 4526 παιδίου
2279 4511 2297 4544 ,
2328 4466 2700 4546 ἀγανακτήσας
2724 4467 3000 4535 κονδύλους
3028 4470 3172 4549 αὐτῷ
3200 4468 3426 4531 δίδωσιν.
3515 4476 3611 4542 Εἰς

2049 4553 2110 4613 τὸ
2132 4553 2275 4615 αὐτό.
2308 4560 2462 4615 τοῦτο
2492 4555 2653 4615 εἰπὼν
2677 4556 2887 4616 δίδωσιν
2909 4558 3053 4638 αύτῷ
3075 4555 3370 4636 κόνδυλον.)
3394 4596 3472 4606 -—-
3493 4559 3608 4638 ἅμα

2050 4641 2294 4702 κόνδυλον
2322 4646 2399 4725 tif>
2425 4643 2691 4725 παιδαρίῳ
2718 4643 2901 4704 δίδωσι
2923 4642 3011 4703 διὰ
3034 4644 3097 4703 τὸ
3118 4643 3365 4728 νεώτερον
3386 4647 3511 4708 ὄντα
3534 4650 3609 4727 μὴ

2123 4728 2355 4799 οντίζειν.
2377 4741 2437 4789 R.

2051 4752 2228 4879 φρπε.
2275 4819 2363 4896 (οὖ
2400 4817 2503 4897 γὰρ
2532 4817 2709 4879 δάκνει
2733 4819 2782 4879 σ’
2808 4818 2933 4879 ὅταν
2962 4817 3052 4900 δέῃ
3085 4841 3100 4880 ε
3130 4822 3211 4882 Οὔ
3236 4819 3339 4904 γὰρ
3370 4825 3524 4882 λυπεῖ
3551 4847 3607 4884 σε
3635 4800 3693 4844 ω

2050 4905 2111 4965 τὸ
2153 4905 2329 4966 ἔλαιον
2365 4907 2564 4966 πολλοῦ
2590 4905 3037 4989 πιπρασκόμενον.
3076 4909 3134 4967 οὔ
3164 4906 3267 4989 γὰρ
3295 4909 3448 4978 αὐτὸς
3481 4913 3608 4989 ἀγο-

1837 4988 1959 5053 Ἄλ-
2054 4993 2239 5076 ράζεις.
2269 4993 2468 5075 πατρὸς
2494 4994 2549 5054 δὲ
2577 4995 2684 5064 υίὸς
2705 4995 3108 5076 σμικρολόγου.)

397 5083 519 5148 λως.
549 5078 714 5161 ὅλμον
738 5080 799 5140 τὸ
823 5080 1123 5162 μαγειρικὸν
1152 5082 1437 5163 ἐργαλεῖον,
1466 5079 1554 5140 καὶ
1582 5084 1610 5139 6
1632 5081 1845 5162 τρίπους
1868 5087 1962 5141 τοῦ
2008 5109 2016 5142 ι
2133 5103 2231 5144 257.
2278 5081 2584 5163 (τυρὸάσεις
2622 5104 2637 5145 2
2673 5083 2810 5144 ’Λντὶ
2833 5089 2924 5144 τοῦ
2952 5083 3206 5166 ταράξεις.
3236 5090 3265 5145 6
3292 5085 3347 5146 δὲ
3375 5085 3606 5163 ἀτταγᾶς
