3859 5725
1159 1012 2504 1191 PRAEFATIO.

526 2212 742 2302 Quod
777 2213 1047 2285 mirum
1070 2214 1297 2286 videri
1328 2229 1591 2313 potest,
1622 2216 1685 2286 si
1720 2216 2085 2312 quierunt
2110 2214 2202 2286 ad
2238 2214 2429 2287 hanc
2470 2217 2802 2314 paginam
2846 2216 3102 2309 delati,
3138 2245 3263 2290 no-

427 2359 695 2428 minum
750 2374 824 2428 et
873 2380 1104 2428 rerum
1144 2355 1441 2428 indicem
1480 2356 1897 2454 pra-satione
1941 2357 2238 2448 instrui,
2286 2381 2436 2429 non
2477 2357 2845 2430 videbitur
2881 2359 2994 2432 his
3029 2360 3262 2459 perle-

417 2508 570 2578 ctiS.
609 2510 691 2578 ln
734 2505 872 2578 illis
912 2529 1085 2578 sane
1132 2505 1365 2604 poetis
1414 2520 1482 2576 et
1525 2504 2043 2603 scriptoribuS,
2097 2504 2223 2602 qui
2272 2503 2421 2574 hoc
2452 2503 2727 2602 ubique
2771 2506 3026 2579 dicunt
3063 2508 3264 2606 quod

414 2659 634 2732 verba
669 2674 968 2747 sonant,
998 2658 1214 2757 plana
1254 2658 1367 2729 via
1399 2657 1802 2749 inceditur-3
1841 2656 2040 2755 apud
2066 2656 2619 2755 Aristophanem
2654 2681 2785 2755 per
2823 2657 3097 2747 lusum,
3135 2684 3267 2757 per

412 2810 755 2900 ironiam,
796 2834 926 2908 per
962 2808 1219 2882 miram
1251 2807 1735 2881 diversitatem
1766 2807 2262 2906 loquentium,
2306 2831 2437 2906 per
2465 2807 2713 2879 omnia
2744 2805 3063 2905 denique
3104 2833 3267 2906 quae

410 2960 673 3032 veteris
725 2956 1102 3030 comoediae
1152 2956 1529 3028 exsultatio
1574 2980 1658 3026 ex
1711 2955 2081 3051 ingenioso
2123 2968 2339 3052 poeta
2379 2953 2664 3043 elicuit,
2713 2979 2829 3027 res
2877 2979 3031 3027 eam
3079 2980 3264 3054 saepe

410 3107 727 3203 speciem
766 3103 1122 3191 induunt,
1167 3117 1282 3193 ut,
1336 3103 1394 3173 si
1435 3102 1509 3173 iu
1553 3102 1732 3173 seria
1767 3099 2146 3198 jejunitate
2195 3099 2448 3171 indic-125
2485 3101 2582 3171 ita
2628 3100 3053 3192 referantur,
3099 3103 3266 3175 lon-

411 3256 695 3354 gissime
731 3253 1087 3327 abfuturae
1118 3254 1265 3325 sint
1307 3276 1349 3324 a
1388 3277 1554 3325 vera
1597 3253 1950 3324 sententia
1986 3266 2242 3349 poetae.
2287 3255 2489 3323 Hanc
2527 3252 2602 3322 in
2639 3251 2891 3338 ιἠάιόε,
2933 3253 3267 3326 abstersis

415 3403 719 3493 facetiiS,
768 3400 1050 3474 comico
1106 3398 1449 3496 choragio
1498 3411 1787 3471 exutam
1816 3451 1836 3486 ,
1892 3398 2210 3496 proponi
2274 3397 2756 3471 conveniebat
2800 3400 2976 3471 :sed
3033 3425 3263 3497 quum

412 3547 713 3622 collecta
746 3554 858 3625 ὕλη
896 3571 980 3617 ex
1015 3543 1388 3617 comoediis
1418 3558 1489 3616 et
1523 3543 1819 3616 scholiis
1847 3543 1997 3639 jam
2032 3568 2164 3642 per
2191 3568 2267 3615 se
2300 3545 2375 3615 in
2415 3569 2754 3640 magnum
2778 3570 3115 3619 acervum
3148 3573 3266 3619 ex·

300 3721 303 3726 ·
412 3697 787 3786 crevisset,
847 3719 941 3767 ne
986 3717 1145 3766 mea
1178 3694 1694 3792 qualicumque
1737 3694 2190 3792 expositione
2241 3693 2455 3766 nudae
2502 3694 2877 3766 sententiae
2915 3696 3000 3767 in
3036 3696 3267 3792 majus

412 3844 631 3915 etiam
678 3854 1080 3938 augeretur,
1126 3863 1209 3912 ea
1257 3863 1418 3936 quae
1470 3839 1838 3936 praecipua
1888 3862 2040 3910 esse
2086 3837 2575 3911 existimabam
2600 3892 2620 3928 ,
2674 3838 2910 3911 verbis
2970 3840 3266 3936 quidem

410 3987 502 4059 ad
559 3984 1073 4084 Aristophanea
1129 4008 1347 4080 quam
1398 3984 1726 4082 proxime
1770 3983 2286 4056 accedentibus
2340 3983 2602 4056 referre
2657 3984 2959 4073 tentavi,
3013 4008 3265 4056 verum
3383 4071 3392 4088 ὓ

412 4134 741 4208 oratione
804 4133 904 4203 ita
973 4131 1415 4228 composita,
1481 4145 1560 4202 ut
1629 4130 1796 4202 ficta
1846 4154 1888 4202 a
1942 4131 2125 4202 veris
2180 4129 2380 4202 facile
2431 4128 2765 4204 dinoscas
2812 4146 2883 4202 et
2946 4146 3265 4203 mentem

410 4277 691 4349 Comici
748 4275 946 4347 haud
994 4298 1173 4371 aegre
1239 4274 1595 4370 dispicias.
1647 4272 2192 4347 Attendendu'm
2246 4288 2351 4344 est
2410 4288 2654 4345 autem
2708 4275 2785 4345 in
2846 4299 2927 4347 ea
2963 4299 3077 4364 re,
3133 4301 3268 4348 nec

410 4448 723 4522 usquam
757 4421 1299 4522 negligendum,
1341 4448 1424 4494 ex
1461 4446 1606 4520 qua
1642 4421 1967 4519 quidque
2003 4420 2239 4493 fabula
2284 4420 2647 4493 afferatur.

512 4576 849 4645 Ceterum
897 4598 1092 4646 novo
1145 4574 1477 4646 instituto
1534 4588 1609 4646 et
1659 4573 1750 4645 ad
1805 4572 2364 4670 Aristophanem
2424 4572 2792 4670 inprimis,
2848 4573 3264 4670 opinamur,

414 4714 969 4790 accommodato
999 4731 1234 4815 poetae
1254 4716 1445 4789 dicta
1475 4731 1543 4788 et
1575 4716 2122 4789 scholiastarum
2153 4717 2827 4816 interpretationem
2860 4733 2934 4792 et
2956 4718 3271 4816 disputa·

415 4866 651 4939 tiones
708 4868 785 4938 in
847 4891 1078 4938 unum
1139 4866 1688 4963 conjunximus,
1731 4891 1861 4964 per
1905 4883 2249 4966 typorum
2304 4869 2613 4963 formam
2663 4885 2973 4966 utraque
3022 4869 3270 4942 distin-

416 5022 763 5106 guentes:
815 5010 943 5107 qui
991 5007 1258 5081 modus
1303 5031 1534 5105 quum
1580 5009 1655 5079 in
1703 5007 2130 5080 universum
2182 5009 2487 5082 multam
2531 5010 3125 5085 commoditatem
3166 5014 3269 5084 af-
