3859 5725
451 266 566 315 552

446 385 720 464 exposuit
772 396 1072 443 enarnator
1120 379 1539 458 Aristophanis,
1598 379 1747 437 Illud
1794 391 1989 437 autem

448 474 789 554 pestilentiae
817 471 1024 545 telum,
1047 491 1165 549 quo
1187 469 1540 546 majestatem
1569 469 1759 525 laesam
1783 467 1984 525 vindi-

448 575 677 633 carent,
709 561 1054 619 acerrimum
1084 561 1144 617 in
1173 569 1448 637 promptu
1475 554 1802 614 habuerunt
1830 565 1986 613 vete-

448 670 575 708 rum
627 649 708 708 dii
757 674 771 708 :
818 649 1080 728 quamvis
1126 648 1278 721 enim
1320 647 1546 704 ratione
1600 646 1836 724 propria
1877 641 1983 699 τῶν

445 738 706 818 λοιμικῶν
759 741 941 797 παθῶν
994 734 1152 795 αἴτιοι
1218 748 1590 794 censerentur
1656 732 1860 812 Apollo
1915 751 1984 788 ac

446 829 665 898 Diana,
694 826 825 885 ideo
863 839 1054 884 tamen
1104 844 1291 902 neque
1329 824 1482 892 aliis,
1520 824 1567 881 si
1613 841 1747 879 usus
1779 821 1982 890 ferret,

446 914 702 993 ejusdem
733 914 863 973 mali
889 912 1173 972 inferendi
1195 924 1396 990 negata
1426 913 1532 969 suit
1550 923 1820 990 potestas.
1841 907 1984 966 Vide

448 1004 627 1062 schol.
650 1002 914 1081 Euripid.
946 1002 1018 1059 ad
1056 999 1216 1060 Med.
1254 1019 1315 1056 v.
1353 1001 1485 1072 273.
1516 1005 1764 1077 Propter
1786 1015 1982 1054 ursam

446 1096 744 1152 Braurone
790 1092 1015 1168 sagittis
1060 1089 1345 1147 confixam
1406 1090 1465 1145 in
1514 1086 1731 1164 templo
1784 1087 1984 1143 Dianae

443 1175 710 1254 λοιμώδης
731 1177 880 1245 νόσος
906 1185 1015 1256 τοῖς
1038 1174 1327 1248 Ἀθηναίοις
1355 1173 1594 1245 ἐνέπεσε,
1632 1185 1776 1232 teste
1804 1172 1983 1233 Suida

445 1268 505 1325 iu
536 1264 772 1346 Ἄρκτος.
809 1271 1031 1326 Hnms'r.

535 1357 644 1413 180
665 1359 733 1414 In
759 1361 832 1413 V.
860 1354 955 1412 hic
974 1367 1059 1412 est
1086 1351 1234 1412 ordo
1254 1353 1634 1425 scholiorum,
1663 1353 1692 1409 δ
1725 1348 1983 1426 Τιμόθεος

445 1435 595 1511 οὗτος
625 1444 912 1512 ζάπλουτος
944 1440 1448 1521 ἅμα-Ἀθηναίων,
1469 1441 1541 1508 εἰς
1565 1443 1812 1498 τοσοῦτον
1844 1436 1981 1518 ἤρθη

448 1532 720 1614 -τούτῳ.
763 1530 946 1590 τούτου
991 1529 1480 1596 κατασκευάσαντος
1512 1527 1707 1610 πύργον
1754 1525 1845 1585 καὶ
1889 1527 1984 1583 οὔκ

448 1621 556 1682 ἀπὸ
588 1622 750 1701 τύχης
785 1618 1232 1678 κατεσκευακέναι
1268 1618 1562 1701 φήσαντος,
1597 1616 1714 1675 ἀλλ’
1746 1613 1853 1673 ἀπὸ
1888 1615 1986 1673 άν-

447 1708 651 1789 δρείας,
684 1712 984 1788 ὀργισθεῖσα
1009 1712 1045 1779 ἡ
1077 1708 1211 1788 τύχη
1240 1707 1443 1779 πένητα
1477 1705 1630 1765 αὐτὸν
1659 1702 1984 1777 ἐποίησεν-

447 1796 695 1856 ὑπόνοιαν
740 1797 963 1876 ἐμπέσοι
1009 1796 1071 1876 γε’
1116 1821 1219 1857 σοι.
1258 1792 1477 1862 Ἄλλως.
1522 1792 1778 1873 Τιμόθεος
1836 1784 1986 1857 οὗτος

448 1887 711 1966 εὐδαίμων
759 1886 903 1945 πάνυ
939 1885 1030 1945 καὶ
1072 1884 1319 1951 πλούσιος
1366 1884 1658 1965 στρατηγὸς
1698 1881 1984 1955 Ἀθηναίων

448 1978 521 2042 εἷς
551 1980 797 2035 τοσοῦτον
829 1975 965 2057 ἤρθη
999 1971 1186 2054 τύχης,
1224 1975 1294 2040 ὡς
1327 1971 1417 2032 τὸν
1451 1972 1675 2050 δαίμονα
1710 1971 1986 2054 φαίνεσθαι

447 2064 522 2142 (ἐν
558 2064 692 2122 add.
731 2063 832 2145 G.)
867 2063 986 2144 ὄψει
1016 2062 1209 2146 τούτῳ.
1246 2060 1336 2120 καὶ
1370 2059 1423 2118 ἐν
1460 2059 1700 2131 Ἀθήναις
1731 2057 1786 2118 δὲ
1821 2060 1874 2116 ἐν
1909 2059 1985 2116 εἶ-

447 2151 566 2211 κόσι
590 2149 920 2232 κοιμώμενον
955 2149 1161 2211 ἐποίουν
1197 2149 1352 2210 αὐτὸν
1386 2151 1433 2208 οῖ
1469 2151 1733 2232 ζωγράφοι
1765 2147 1855 2206 καὶ
1887 2144 1984 2218 τὴν

446 2239 615 2320 τύχην
658 2245 849 2300 ἑαυτοῦ
881 2239 1114 2313 *πλησίον
1164 2239 1422 2322 φέρουσαν
1466 2241 1622 2298 αὐτοῦ
1666 2238 1763 2309 τὴν
1810 2233 1984 2295 εὔδαι-

449 2329 653 2408 μονίαν.
689 2328 743 2396 ὃς
777 2328 974 2411 ὑψηλὸν
1014 2327 1209 2410 πύργον
1244 2330 1315 2394 ὡς
1345 2326 1590 2394 πλούσιος
1632 2327 1864 2398 ἐποίησε.
1906 2325 1982 2402 (v.

455 2417 608 2497 184.)
624 2420 671 2475 οἳ
703 2413 805 2498 γὰρ
840 2414 1084 2476 πλούσιοι
1103 2430 1212 2474 etc.
1239 2452 1312 2464 —-
1344 2420 1413 2484 34
1443 2416 1630 2477 τούτου
1657 2414 1789 2474 Ald.
1814 2445 1891 2459 ··-
1911 2415 1984 2472 38

449 2501 534 2563 διὰ
579 2505 641 2562 τὸ
684 2503 955 2577 πλούσιον,
999 2501 1119 2562 ἀλλ’
1157 2509 1226 2562 V.
1262 2505 1384 2564 sine
1415 2503 1635 2582 ἐγένετο.
1659 2543 1735 2556 --
1766 2512 1841 2571 40
1872 2500 1986 2580 ἅμα

448 2589 504 2650 δὲ
536 2591 628 2649 καὶ
663 2590 837 2658 «neto.
861 2590 994 2673 ἀνὴρ
1026 2592 1230 2654 Suidas
1258 2613 1302 2651 s.
1325 2593 1582 2670 Τιμόθεος
1594 2613 1730 2665 om.,
1761 2603 1819 2648 et
1850 2610 1986 2655 sane

448 2693 580 2740 sunt
611 2682 832 2760 inepta3
871 2694 993 2740 tum
1015 2703 1129 2740 om.
1164 2683 1335 2740 etiam
1369 2684 1440 2748 ὣς
1470 2680 1559 2741 τὸν
1594 2671 1821 2759 δαίμονα
1854 2678 1983 2762 φαί-

447 2774 626 2829 νεσθαι
659 2769 775 2852 ὄψει
806 2768 995 2850 τούτῳ.
1014 2774 1237 2829 Heus-r.
1263 2773 1455 2832 Suidae
1479 2773 1672 2829 locum
1706 2771 1773 2849 (s.
1802 2768 1981 2849 Τιμό-

448 2862 576 2939 θεος)
613 2881 728 2919 om.
765 2859 894 2918 cod.
930 2860 1110 2919 PariS.
1150 2867 1219 2919 A.
1247 2847 1393 2926 οἶτος
1427 2858 1716 2930 ζάπλουτος
1747 2859 1861 2939 ἅμα
1897 2859 1988 2920 καὶ

447 2947 564 3007 ὄλὸ.
598 2953 662 3009 V.
690 2980 768 2994 -
800 2959 866 3019 4¹
899 2947 953 3011 ὃς
972 2950 1043 3015 εἷς
1075 2954 1146 3009 R.
1179 2962 1238 3007 et
1273 2949 1502 3008 SuidaS.
1535 2951 1629 3020 τῆς
1656 2947 1824 3029 τύχης
1845 2954 1987 3027 Reg.

448 3036 578 3094 Ald.
612 3035 701 3095 τὸν
733 3034 957 3114 δαίμονα
991 3038 1060 3095 R.
1100 3050 1157 3096 et
1186 3038 1415 3097 Suidas.
1439 3048 1608 3107 -42
1634 3038 1689 3095 ἐν
1733 3036 1988 3115 praebuit

448 3129 518 3187 V.
550 3124 824 3209 φαίνεσθαι
856 3124 974 3207 ὄψει
1003 3131 1071 3185 R.
1106 3139 1164 3183 et
1194 3126 1425 3185 suidas».
1467 3126 1585 3208 ὄψει
1618 3149 1673 3207 φ.
1708 3126 1837 3185 Ald.
1880 3130 1987 3185 Se-

453 3214 687 3291 quentia
728 3213 936 3271 Suidas
970 3214 1098 3272 aliis
1135 3212 1331 3273 verbis
1360 3215 1663 3295 expressit.
1685 3249 1763 3259 —-
1786 3215 1860 3282 45
1889 3211 1988 3284 τὴν

449 3302 724 3379 δαιμονίαν
754 3302 821 3361 R.
860 3304 1175 3381 Sequentia
1208 3304 1420 3374 45-50,
1465 3308 1519 3378 3,
1558 3314 1587 3373 4
1618 3316 1676 3362 et
1704 3306 1770 3363 15
1802 3305 1860 3360 in
1890 3305 1988 3362 Al-

448 3393 585 3453 dina
627 3392 885 3451 editione
942 3394 1053 3452 hoc
1089 3395 1268 3452 modo
1329 3395 1543 3471 scripta
1579 3392 1864 3466 ειιηῐετὴν
1894 3394 1986 3451 εὗ-

451 3479 725 3561 δαιμονίαν
760 3482 940 3541 αὐτοῦ.
997 3480 1051 3548 ὃς
1094 3481 1294 3563 ὖψηλὸν
1328 3481 1464 3543 πάνυ
1497 3480 1696 3562 πύργον
1743 3482 1987 3554 ἐποίησεν

452 3572 523 3636 ὡς
570 3567 838 3635 πλούσιος.
886 3568 1154 3646 Ἐμπὲσοι
1201 3568 1263 3649 γέ
1315 3592 1434 3645 σοι,
1482 3573 1610 3650 παρ’
1660 3568 1989 3630 ὑπόνοιαν-

452 3655 637 3735 μέγας.
692 3655 1128 3733 ἀλαζονευόμενος
1191 3655 1314 3714 δὲ-
1329 3662 1626 3739 στρατηγοῦ
1696 3656 1985 3736 μέμνηται.

453 3750 728 3828 Κρατοῦσι
762 3749 884 3823 γοῦν
919 3758 1030 3803 cet.
1056 3746 1323 3804 Correxit
1359 3750 1576 3805 Hemst.
1613 3746 1789 3805 Suida
1821 3746 1987 3807 duc'e.

449 3868 528 3878 —
553 3842 623 3906 47
653 3834 720 3892 τὰ
739 3830 1127 3913 κατορθώματα
1160 3833 1382 3892 Suidas.
1404 3839 1548 3906 Quae
1569 3835 1641 3895 de
1677 3835 1987 3894 Timotheo

451 3922 680 4000 scripsit
707 3921 939 3999 Ulpian.
973 3920 1046 3980 ad
1077 3922 1379 3980 Demosth.
1406 3924 1641 4000 Olynth.
1681 3945 1746 3995 2,
1785 3944 1844 4002 p.
1892 3926 1988 3999 30,
2055 3936 2060 3941 ’

446 4017 524 4084 A,
572 4030 761 4088 neque
790 4030 850 4067 re
887 4029 994 4067 nec
1044 4009 1236 4068 verbis
1273 4012 1518 4068 multum
1553 4011 1628 4069 ab
1656 4024 1990 4072 enarratore

450 4111 656 4159 nostro
686 4097 926 4158 distant.
967 4102 1190 4157 Hunis-r.
1212 4132 1289 4146 --
1313 4101 1346 4157 3
1381 4098 1522 4180 Παρ’
1558 4101 1647 4157 ὑπ.
1678 4098 1739 4161 τὸ
1767 4098 1990 4177 ἐμπέσοι

449 4184 515 4265 γε’
547 4210 629 4246 σοι
662 4193 731 4246 R.
761 4219 834 4232 --
876 4208 894 4245 1
920 4209 943 4244 1
974 4186 1211 4268 παροχός
1242 4190 1416 4247 Paris.

540 4276 645 4349 184
677 4288 812 4353 post
845 4275 1107 4334 scholion
1128 4297 1182 4335 v.
1215 4296 1324 4353 190
1360 4274 1538 4334 habet
1562 4278 1631 4334 R.
1673 4278 1990 4337 ἐπικτῶνται

450 4362 583 4423 Ald.
614 4397 690 4409 —-·
730 4365 796 4421 16
831 4363 1185 4444 περιγίνονται
1220 4370 1325 4424 τῶν
1361 4364 1629 4445 πολεμίων
1666 4370 1887 4425 Hemst.
1910 4399 1988 4411 —

458 4456 529 4513 18
560 4474 647 4531 sq.
691 4451 751 4512 τὸ
783 4453 1148 4513 ἔκ-πάντοτε
1177 4475 1290 4513 om.
1324 4459 1392 4515 G.

539 4543 672 4615 185,
712 4564 787 4600 20
818 4540 899 4602 Τὸ
934 4540 991 4601 δὲ
1022 4542 1384 4612 ἐπικαθέζεται
1418 4549 1488 4601 V.
1532 4542 1613 4613 Τὸ
1647 4542 1702 4602 δὲ
1736 4543 1990 4603 ἐπικαθέ-

454 4634 632 4700 ζεσθαι
664 4635 731 4692 G.
777 4637 870 4690 τοῦ
919 4634 1076 4711 ζυγοῦ
1109 4637 1175 4691 V.
1212 4634 1316 4691 τῶν
1351 4634 1520 4710 ζυγῶν
1564 4631 1739 4690 habet
1784 4633 1992 4693 Suidas

453 4743 500 4779 5.
523 4719 952 4794 Ἐπικαθίζηται.
987 4755 1066 4766 -
1106 4743 1172 4779 21
1210 4716 1813 4800 καθέζεσθαι-λέγεται
1851 4721 1987 4783 Ald.

453 4809 587 4868 Alio
626 4809 937 4869 verborum
984 4810 1187 4869 ordine
1229 4816 1301 4870 V.
1353 4810 1442 4870 καὶ
1476 4809 1577 4893 γὰρ
1613 4806 1674 4868 τὸ
1713 4808 1992 4891 ἑπιὸαροῦν

456 4893 870 4966 ἐπικαθέζεσθαι.
935 4898 1208 4957 Scholion
1261 4900 1365 4972 187
1418 4919 1531 4956 om.
1581 4902 1753 4958 R.—-
1780 4898 1853 4955 23
1903 4919 1991 4977 sq.

456 4984 663 5044 Suidas
711 4985 771 5043 in
820 4982 918 5045 Μὰ
953 4984 1091 5045 Δίας
1141 4986 1255 5047 ἐπεὶ
1299 4985 1995 5071 κατωμοτικὸν-προτάτ-

455 5092 606 5143 τηται
646 5076 801 5132 αὐτοῦ
836 5071 898 5133 τὸ
930 5070 1034 5133 ναί.

1600 243 2051 309 ADNOTA'HO
2085 239 2180 307 IN
2219 249 2484 312 SCHOL.

2145 373 2543 464 ’188,’25’φησὶ
2571 388 2640 445 G.
2672 387 2800 468 φασὶ
2822 393 2884 446 V.
2901 424 2980 435 —
3003 389 3634 476 29Παρὰ“τῷ”οῄἧρφ

2075 471 2143 526 V.
2173 502 2244 514 -
2275 471 2349 529 31
2388 473 2695 554 φιλότητος,
2725 476 2958 536 πλούτου
2991 478 3044 537 δ’
3073 479 3172 537 οὐκ
3205 477 3324 539 ἔστι
3365 479 3534 563 κόρος
3551 485 3632 539 V.

2074 581 2151 593 -··
2185 564 2257 625 42
2291 556 2359 618 τὰ
2399 565 2540 640 Reg'.
2577 563 2637 622 τὸ
2674 570 2830 623 Junt.

2139 667 2288 722 ¹¹9¹,
2327 657 2395 717 44
2423 651 2691 729 χλανίδιον
2724 653 2794 712 de
2820 656 3014 714 edulio
3035 676 3323 735 nusquam
3353 658 3634 718 mihin-

2071 745 2247 791 ctum.
2283 740 2493 795 Seuer.
2517 745 2645 799 Non
2671 755 2756 800 est
2787 744 2846 800 in
2863 747 3005 824 Reg.

2162 843 2290 899 192,
2331 828 2405 894 48
2430 826 2572 908 φακὴ
2611 831 2700 896 V.‚
2731 851 2843 888 orn.
2873 833 2945 890 R.
3545 837 3554 844 ’

2159 912 2288 989 195,
2323 915 2359 972 8
2402 915 2517 974 ἐπεὶ
2551 917 2647 976 οὖκ
2680 916 2819 977 ἔστιν
2856 918 2911 988 ἐξ
2941 942 3032 1001 πρ.
3065 919 3208 999 quid
3237 922 3415 997 velit,
3445 923 3634 981 intel-

2075 997 2178 1077 ligi
2239 1015 2427 1079 potest
2464 1021 2537 1063 ex
2573 1007 2823 1082 Etymol.
2860 1027 2918 1086 p.
2953 1010 3090 1082 3⁸24,
3139 1022 3236 1081 14:
3259 1015 3293 1082 ἧ
3323 1009 3384 1079 ἓξ
3417 1005 3630 1094 πρόθε-

2072 1108 2181 1161 σις,
2220 1085 2345 1148 ὅταν
2393 1094 2527 1171 αὐτῇ
2566 1094 2845 1175 σύμφωνον
2889 1096 3232 1180 ἐπιφέρηται,
3277 1098 3471 1179 τρέπει
3503 1099 3570 1159 τὸ
3605 1098 3632 1137 t

2071 1177 2142 1242 εῑς
2174 1199 2224 1234 κ.
2261 1177 2481 1240 litus-r.
3473 1207 3476 1212 ⁴
3511 1209 3518 1216 ¹

2087 1337 2121 1409 ἵ
2157 1257 2366 1414 197δί11
2409 1269 2478 1327 R.
2516 1270 2561 1328 εἰ
2591 1269 2669 1348 μὴ
2701 1271 2877 1351 λάὸῃ,
2911 1271 3054 1351 λέγει
3089 1269 3152 1334 τὸ
3184 1275 3292 1354 ,ζῆν
3319 1276 3506 1357 ἑαυτῷ
3549 1277 3628 1355 μὴ

2071 1374 2096 1410 ε
2119 1373 2206 1410 ναι
2240 1359 2274 1427 ἡ
2320 1352 2359 1416 ’.

2159 1443 2290 1518 198,
2319 1459 2389 1500 αι
2430 1444 2546 1503 ἀντὶ
2578 1439 2676 1504 τοῦ
2705 1445 2764 1506 δέ
2797 1449 2909 1525 (τοῦ
2939 1446 3061 1527 λέγε
3085 1451 3188 1528 V.)
3208 1449 3402 1532 glossa
3427 1451 3626 1525 adem,

2072 1539 2140 1674 :iit
2170 1530 2419 1608 videtur,
2454 1535 2772 1595 referenda.
2807 1538 3198 1610 Quamobrem
3222 1538 3287 1613 δὴ
3310 1543 3624 1618 corrigen-

2113 1637 2225 1676 um.
2251 1626 2433 1682 Dum.
2693 1633 2700 1646 ⁶

2154 1725 2290 1855 ηιξ,
2321 1718 2396 1778 4²
2430 1732 2513 1791 sq.
2549 1714 3031 1795 ἀντὶ-δυνάμεως
3065 1735 3185 1810 om.
3231 1723 3302 1777 G.
3345 1715 3624 1797 δυνάμεώς

2073 1819 2175 1874 μου
2265 1839 2279 1852 .

2156 1887 2291 1959 203,
2333 1885 2407 1957 45
2453 1886 2674 1957 Ἄλλως.
2718 1887 2833 1950 ἐπεὶ
2879 1894 3134 1960 V.-.l.8
3176 1911 3260 1970 sq.
3299 1892 3621 1974 χρημάτων.

2072 1974 2165 2034 καὶ
2209 1973 2535 2058 Εὐριπίδης·
2582 1975 2751 2038 δειλὸν
2791 1981 2860 2038 V.
2899 2013 2976 2024 —-
3013 1982 3084 2039 51
3141 1978 3257 2039 θεὸν
3309 1982 3406 2040 ed.
3449 1983 3622 2042 Basil.

2073 2065 2203 2122 θεῶν
2236 2065 2357 2123 Ald.
3485 2097 3492 2100 ς

2156 2163 2291 2225 204,
2316 2155 3002 2225 ὄαδιπλασιάζουσιν.1ἰ3εο
3025 2156 3329 2216 referenda
3349 2158 3625 2216 videntur

2073 2241 2146 2299 ad
2177 2244 2247 2307 εἰς
2274 2244 2749 2320 praepositionem
2780 2256 2914 2322 post
2956 2244 3204 2304 verbum
3251 2245 3424 2311 εἷσδύς
3457 2265 3625 2323 repe·

2078 2332 2258 2390 titatn.
2280 2335 2427 2389 Nam
2455 2331 2630 2390 verba
2647 2334 2728 2391 sic
2752 2345 2888 2390 sunt
2912 2333 3330 2407 construenda,
3360 2332 3540 2399 εἰσδὺς
3556 2336 3629 2401 εἰς

2074 2421 2172 2494 τὴν
2209 2417 2381 2479 οἰκίαν
2427 2420 2523 2480 οὔκ
2570 2411 2709 2500 εἶχεν
2771 2417 2917 2478 οὐδὲν
2975 2418 3178 2479 λαὸεἶν.
3233 2426 3420 2480 Dum.
3443 2457 3518 2467 —
3551 2425 3626 2482 53

2075 2507 2244 2577 οἰκίας
2278 2511 2346 2568 G.
2383 2509 2578 2576 οἰκείας
2609 2514 2674 2569 V.
2691 2543 2765 2554 —
2783 2529 2815 2565 2
2837 2510 2939 2590 γὰρ
2963 2522 3021 2567 et
3046 2511 3153 2568 τῶν
3181 2511 3362 2569 οἰκιῶν
3390 2511 3629 2590 (cincti-”u

2075 2596 2177 2677 R.)
2200 2617 2314 2657 om.
2342 2597 2612 2657 Λὶψ-3
2646 2620 2726 2663 τις
2758 2597 2864 2655 τῶν
2898 2600 3169 2675 κωμικῶν.
3185 2601 3329 2670 Quis
3354 2601 3632 2660 comico-

2077 2706 2206 2744 rum
2231 2686 2548 2764 elegantem
2586 2686 2928 2744 sententiam
2961 2687 3238 2763 Diogenis
3274 2688 3430 2766 (eum
3467 2693 3631 2747 enim

2080 2787 2382 2833 auctorem
2424 2773 2627 2854 prodit
2665 2774 2917 2851 Diogen.
2948 2775 3014 2832 1..
3052 2775 3110 2846 6,
3141 2773 3240 2854 51)
3276 2775 3367 2832 his
3413 2776 3630 2835 iambis

2077 2865 2460 2942 expoliverit‚
2520 2857 2789 2942 equidem
2855 2863 3083 2939 ignoro.
3153 2863 3428 2940 Ejusdem
3483 2865 3630 2923 dicti

2080 2954 2433 3012 mentionem
2471 2972 2708 3032 quoque
2741 2953 2878 3011 fecit
2927 2954 3191 3011 Eustath.
3226 2952 3299 3011 ad
3340 2953 3405 3015 ll.
3435 2957 3494 3011 K
3507 2996 3526 3027 ,
3565 2975 3628 3032 p.

2078 3046 2216 3116 812,
2249 3040 2345 3099 56.
2369 3044 2592 3101 Heus‘r.
2614 3077 2684 3087 —
2709 3043 2745 3099 6
2772 3032 3304 3124 πρόχλωρον-εἶναι
3334 3041 3532 3101 addita
3549 3062 3626 3100 ex

2075 3134 2145 3190 R.
2165 3135 2259 3203 V„
2282 3127 2485 3196 Ἄλλως
2511 3151 2582 3188 cx
2614 3136 2684 3188 V.
2701 3171 2775 3185 -
2806 3153 2826 3189 1
2849 3148 2872 3187 1
2902 3127 3151 3188 εἰσελθών
3186 3135 3258 3189 R.
3387 3150 3390 3157 ’

2159 3221 2274 3277 206
2304 3218 2481 3275 habet
2513 3220 2606 3289 9.,
2633 3221 2849 3277 omisso
2874 3216 2935 3277 τὸ
2955 3215 3104 3291 ἑξῆς,
3133 3219 3472 3297 insen-toque
3490 3232 3624 3296 post

2076 3305 2278 3382 τέλεον,
2315 3304 2550 3367 Ἀττικὸν
2590 3303 2646 3364 δέ
2682 3306 2795 3365 ἔστι
2829 3309 2900 3374 ὥς
2932 3306 2993 3365 τὸ
3026 3306 3286 3386 πώμαλα.
3493 3342 3498 3351 -

2161 3416 2297 3471 207,
2336 3395 2404 3453 15
2444 3391 2534 3453 ἐὰν
2571 3388 2865 3473 >AG-nom.
2916 3398 2985 3455 G.
3025 3395 3453 3473 corrigendum
3493 3397 3620 3454 for-

2079 3496 2227 3542 tasse
2255 3482 2284 3542 ὃ
2318 3481 2383 3542 ἂν
2403 3481 2567 3562 λάὸῃ,
2598 3484 3081 3562 referentiumque
3108 3484 3182 3543 ad
3211 3483 3396 3544 λαὸεῖν
3411 3504 3470 3548 ττ.
3483 3486 3618 3543 205.

2076 3576 2259 3632 Dum.
2298 3570 2556 3631 ἐκάλεσάν
2591 3574 2753 3632 G.—
2782 3575 2850 3631 18
2874 3571 3254 3653 βουλευομένου
3288 3575 3619 3635 SchaeFerus.

2080 3661 2400 3741 βουλομένου
2438 3661 2646 3719 codex.

2158 3770 2294 3825 209,
2318 3770 2386 3807 21
2420 3750 2733 3830 προθυμηθῇ
2758 3754 2854 3824 V.‚
2877 3751 2976 3830 qui
3016 3768 3088 3809 αα
3121 3755 3291 3808 ταῦτα
3311 3770 3428 3809 om.
3459 3753 3618 3817 eben.

2077 3839 2209 3898 Ald.
2235 3872 2314 3883 —
2332 3838 2403 3894 23
2431 3837 2678 3919 οὐδαμῶς
2713 3842 2783 3897 V.

2159 3948 2294 4002 210,
2326 3927 2513 3999 ²7-lt5
2549 3928 2631 3994 sic
2665 3929 2726 3984 in
2761 3928 2853 4000 V„
2888 3917 2948 3985 οὗ
2985 3924 3255 4005 μέμνηται
3300 3927 3389 3986 καὶ
3427 3927 3620 3988 Ἄπολ-

2076 4014 2289 4082 λώνιος·
2329 4014 2383 4081 ὃς
2411 4020 2659 4073 τοσοῦτον
2693 4011 2851 4083 ὀξέως
2885 4013 3026 4096 ἐώρα
3059 4019 3132 4082 ὡς
3172 4017 3299 4074 ἰδεῖν
3334 4016 3403 4074 δι’
3435 4017 3624 4088 ἐλάτης

2079 4102 2442 4187 -Πίνδαρος,
2476 4103 2723 4185 γεγόνασι
2752 4102 2807 4162 δὲ
2843 4102 2934 4162 καὶ
2966 4102 3192 4182 Λυγκεῖς
3222 4104 3462 4186 διάφορος
3489 4106 3624 4182 (διά-

2080 4214 2228 4273 φοροι
2255 4188 2348 4269 G.)
2384 4198 2509 4259 παῖς
2545 4188 2836 4268 Αἰγύπτου,
2869 4188 2959 4250 καὶ
2997 4189 3153 4257 ἄλλος
3182 4188 3503 4272 Ἆμφιάρας,
3533 4193 3621 4251 καὶ

2084 4278 2243 4345 ὢλος
2276 4282 2306 4336 ὁ
2335 4278 2587 4345 Λάκωνος
2623 4278 2889 4358 Λυγκεὺς,
2911 4270 2972 4339 οῦ
2999 4276 3271 4358 μέμνηται
3305 4280 3621 4362 Θεόκρὶτος·

2079 4365 2134 4434 ὃς
2171 4364 2378 4444 ἐλέγετο
2414 4364 2555 4425 πάνυ
2590 4352 2724 4426 εἶναι
2767 4366 3218 4451 ὀξυδερκέστερος,
3262 4366 3400 4426 ὥστε
3434 4368 3526 4426 καὶ
3559 4367 3626 4426 τὰ

2079 4453 2184 4513 ὑπὸ
2215 4458 2310 4533 γῆς
2334 4459 2478 4536 δρᾶν.
2507 4462 2658 4515 τοῦτο
2678 4455 2776 4535 μὲν
2798 4456 3006 4543 εἴρηται
3031 4458 3269 4534 (corrig.
3291 4456 3621 4537 λελήρηται),

2080 4542 2210 4627 πρὸς
2239 4540 2295 4602 δὲ
2327 4548 2400 4603 V.
2419 4566 2580 4618 —27
2605 4546 2718 4606 Τοῦ
2751 4547 2978 4631 ἀδελφοῦ
2997 4542 3118 4607 Ἴδα
3137 4592 3153 4621 ,
3189 4548 3260 4613 ὡς
3292 4546 3338 4604 δ’
3371 4543 3526 4613 αὐτὸς
3538 4548 3613 4607 Θ.

2083 4630 2352 4711 Λυγκεὺς,
2387 4632 2458 4699 ὥς
2491 4632 2644 4700 αῧτὸς
2677 4634 2809 4693 Ald.
2843 4637 2914 4702 ὣς
2949 4634 3019 4695 Θ.
3055 4652 3165 4712 pro
3203 4634 3416 4700 υἱὸς-3
3438 4634 3511 4691 18
3534 4654 3615 4711 sq.

2082 4721 2197 4783 ἐπεὶ
2224 4711 2368 4779 δοκεῖ’
2396 4716 2524 4805 παρ’
2549 4718 2656 4781 ῖστ.Ι
2690 4724 2743 4779 λ.
2779 4724 2918 4781 Haec
2947 4740 3225 4801 quorsum
3255 4723 3616 4800 pertineant,

2082 4831 2234 4889 aegre
2262 4810 2515 4888 perspici
2536 4810 2758 4888 potest,
2785 4810 2897 4869 nisi
2926 4813 2984 4868 in
3005 4808 3372 4869 Da‘uaidibus
3395 4809 3617 4868 Aristo-

2083 4900 2334 4980 phanem
2363 4910 2604 4975 statuas,
2634 4900 2851 4958 comica
2885 4898 3036 4957 forte
3060 4899 3297 4976 jocandi
3333 4898 3618 4970 libertate,

2082 5002 2365 5067 utrosque
2387 4988 2673 5064 Lynceos,
2699 4980 2853 5048 hunc
2880 4989 3115 5068 AEgypti
3133 5035 3149 5063 ,
3178 4989 3339 5046 illum
3364 4986 3619 5065 Apharei

2017 5072 2022 5081 '
2085 5078 2266 5140 filium
2291 5074 2621 5138 confudisse
2639 5122 2655 5153 ‚
2675 5077 2989 5156 alterique,
3021 5076 3177 5156 quod
3203 5076 3438 5137 alterius
3457 5088 3618 5148 erat,
