3859 5725
1395 277 1776 341 SCHOLIA
1829 278 1912 340 IN
1962 276 2307 340 VESPAS.

3337 293 3448 347 15⁷

253 410 452 480 ῐῦτελὲς
505 408 828 492 προσόψημα
886 410 940 466 ἓν
1007 405 1345 475 λθπαδῖσκθῑς
1408 406 1805 485 σκευαζόμενον.
1843 423 1857 507 1
1891 407 2246 487 τρυπημέναι,
2271 405 2495 467 ἀπέλυον
2525 405 2580 466 δὲ
2608 410 2664 467 αἱ
2684 406 2919 490 πλήρεις.
2955 410 3120 469 δεῖται
3141 402 3231 471 οὗν
3260 415 3452 487 αὐτοῦ,

255 498 469 565 Ἄλλως.
495 496 563 556 τὰ
591 496 853 577 κεφάλαια
888 498 992 553 τῶν
1031 492 1244 573 ἰχθύων,
1280 496 1349 559 ὡς
1372 492 1669 565 ἀκανθώδη.
1713 490 1808 552 καί

253 583 594 667 Φερεκράτης
607 587 659 642 ἐν
677 581 1097 659 Ἐπιλήσμοσινκ
1115 579 1256 647 ὅστις
1268 578 1533 661 παρέθηκε
1547 579 1764 660 κράνην.
1782 606 1806 632 n

251 670 625 753 χαρακτηρίζει
653 669 707 728 δὲ
741 668 858 736 τοὺς
886 667 1273 750 μικροκλέπτας
1308 669 1362 725 ἐν
1388 671 1496 734 τοῖς
1523 666 1658 739 ἑξῆς.
1691 669 1810 734 τοὺς

200 781 225 820 5
251 759 382 817 οἴκοι
411 758 659 837 μένοντας
683 760 788 815 τῶν
815 757 1062 829 πολιτῶν,
1085 754 1177 813 καὶ
1205 753 1577 835 ἁρπάζοντας.)
1669 748 1680 754 ’

329 867 425 906 999.
476 841 589 922 (καὶ
613 844 707 912 τὰς
730 842 957 910 ἀκάνθας
978 862 993 902 z
1012 840 1158 919 Ἅμα
1183 839 1277 919 μὲν
1300 841 1388 900 ἐπὶ
1408 847 1500 900 τοῦ
1524 839 1699 913 κυνὸς,
1717 842 1807 898 εὔ-

249 932 422 993 τελέσι
453 956 511 991 τε
544 930 821 1013 χρωμένου
856 929 948 989 καὶ
984 933 1231 1009 πανταχῆ
1265 932 1572 1008 φοιτῶντος,
1607 926 1721 1004 ἅμα
1754 924 1810 984 δὲ

250 1018 340 1077 καὶ
359 1023 431 1086 ὥς
453 1017 541 1076 ἐπὶ
561 1022 856 1099 στρατηγοῦ
876 1014 1158 1097 προίόντος.
1177 1015 1268 1074 καὶ
1288 1015 1476 1095 Λάχης
1493 1015 1596 1094 γὰρ
1617 1009 1690 1082 εἷς
1705 1017 1808 1073 τῶν

249 1104 486 1173 ἐξιόντων
515 1106 824 1184 στρατηγῶν
847 1101 1050 1180 ἐγένετο
1077 1105 1131 1161 ἐν
1157 1109 1272 1167 ταῖς
1294 1100 1521 1180 ἐξόδοις.)

177 1212 225 1251 10
328 1212 429 1252 979.
481 1192 528 1269 (6
556 1191 601 1249 δ’
628 1188 799 1271 ἕτερος
821 1181 923 1257 οἶός
945 1192 1083 1248 ἐστιν
1111 1210 1126 1249 z
1149 1188 1217 1249 ‘O
1244 1187 1545 1269 κατήγορος.
1572 1187 1652 1260 εἴη
1683 1187 1726 1246 δ’
1748 1186 1810 1245 ἂν

248 1282 278 1340 6
305 1277 510 1351 Κλέων,
534 1275 596 1335 ὅν
614 1300 769 1359 φησιν
793 1278 1178 1356 ἐνδομυχοῧντα
1199 1273 1266 1334 τὰ
1297 1280 1391 1347 τῆς
1419 1273 1621 1341 πόλεως
1647 1296 1812 1332 κατε-

249 1366 425 1425 σθίειν.
452 1363 572 1432 τοὺς
596 1364 728 1424 οἴκοι
757 1355 843 1423 οὖν
870 1361 1117 1441 μένοντας
1143 1366 1248 1421 τῶν
1268 1365 1495 1421 πολιτῶν
1524 1361 1614 1420 καὶ
1639 1360 1813 1441 ἁρπά-

250 1454 428 1520 ζοντας
453 1450 883 1532 χαρακτηρίζει.)

325 1557 423 1597 979.
478 1535 645 1615 (αἰδοῖ
667 1556 682 1596 t
710 1536 807 1603 Ὡς
832 1534 1121 1616 μαλαχθεὶς
1142 1539 1170 1593 6
1198 1533 1363 1617 γέρων
1386 1534 1811 1614 δυσαρεστεῖται,

177 1644 223 1684 15
249 1624 409 1684 κακόν
432 1648 484 1682 τι
503 1624 726 1702 νομίζων
751 1622 879 1682 αὐτὸ
908 1614 1069 1695 εἶναι,
1091 1620 1177 1680 διὰ
1200 1622 1261 1681 τὸ
1285 1621 1441 1694 ἄηθες
1466 1613 1596 1681 εἶναι
1622 1622 1810 1703 αὗτῷ.)

325 1732 425 1772 975.
467 1711 741 1792 οἰκτείρατ’
763 1708 918 1769 αὐτόν
940 1731 955 1770 t
974 1710 1082 1771 Τὸν
1100 1708 1335 1790 γέροντα.
1397 1697 1443 1767 ῶ
1466 1707 1638 1790 πάτερ
1672 1726 1688 1768 2
1712 1708 1816 1776 ‘sse

244 1798 373 1880 πρὸς
395 1797 729 1878 δικαστήριον
748 1801 776 1855 6
802 1796 968 1876 λόγος.
1007 1807 1140 1854 Uict.

325 1906 423 1945 979.
487 1884 579 1943 καὶ
612 1883 687 1964 μὴ
718 1883 1048 1964 διαφθείρητε
1083 1902 1099 1942 t
1131 1881 1224 1949 Ὡς
1250 1880 1380 1963 πρὸς
1400 1881 1461 1941 τὸ
1483 1880 1815 1962 δικαστήριον

244 1976 276 2032 6
301 1972 452 2051 λόγος
473 1972 565 2031 καὶ
585 1971 673 2030 τὸν
701 1973 940 2053 γέροντα.

169 2076 221 2115 9ο
331 2062 455 2137 (ποῦ
482 2057 551 2117 τὰ
577 2056 767 2116 παιδία
800 2076 815 2117 :
843 2055 973 2116 Ὅτι
998 2055 1089 2115 καὶ
1115 2053 1182 2114 τὰ
1212 2054 1400 2115 παιδία
1430 2053 1602 2113 κλαίει
1628 2057 1682 2113 ἐν
1709 2056 1815 2123 τοῖς

247 2146 609 2292 δῖικαστηρίοις
654 2148 758 2204 τῶν
804 2143 1288 2225 κατηγορουμένων.
1333 2143 1427 2203 καὶ
1470 2143 1718 2227 ἀνωτέρω
1759 2142 1814 2204 δὲ

245 2257 272 2293 ε
296 2237 431 2310 πεν.)

327 2341 424 2381 977.
487 2318 797 2399 (κνυζόμενα
836 2340 852 2380 :
892 2317 1325 2400 Παρακλαίοντα.
1363 2320 1432 2386 ὣς
1456 2317 1544 2378 ἐπὶ
1566 2321 1733 2377 κυνῶν
1758 2318 1812 2377 δὲ

244 2399 383 2467 εἷπε.
431 2406 723 2485 κνυζηθμὸς
777 2405 879 2488 γὰρ
930 2405 1140 2485 λέγεται
1201 2404 1334 2465 ποιά
1384 2430 1461 2474 τις
1511 2406 1598 2465 ἐπὶ
1647 2409 1813 2466 κυνῶν

167 2517 219 2557 25
331 2494 413 2567 νή.

244 2496 434 2642 φω979)
475 2579 687 2640 κατάὸα
730 2579 942 2639 κατάὸα
972 2598 988 2641 t
1016 2577 1145 2641 Ὅτι
1187 2580 1419 2652 συνήθως
1448 2577 1609 2648 οὕτως
1638 2579 1815 2661 ἔλεγον

243 2671 303 2729 ἔν
326 2673 434 2737 τοῖς
461 2667 811 2749 δικαστηρίοις
832 2666 1116 2740 κατάὸηθι.
1144 2678 1203 2726 R.
1248 2666 1480 2747 (εἰώθασι
1507 2665 1610 2748 γὰρ
1646 2667 1814 2746 λέγειν

246 2759 302 2817 οἰ
342 2756 616 2830 δικασταὶ,
638 2753 764 2815 ὅταν
806 2754 1077 2815 ἀπολύωσι
1099 2754 1190 2813 καὶ
1222 2755 1443 2815 πείθωσι
1465 2762 1573 2822 τοῖς
1615 2752 1813 2832 λόγοις,

245 2843 444 2923 μηκέτι
469 2840 607 2921 λέγε.
628 2840 888 2910 πολλάκις
908 2840 1011 2924 γὰρ
1045 2839 1274 2910 εἰπόντες
1299 2840 1360 2902 τὸ
1383 2839 1593 2901 κατάὸα
1621 2839 1817 2912 ἐξηπά-

165 2947 219 2989 80
243 2953 437 3003 τησαν.

323 2932 457 3079 989.)
482 3015 600 3075 ἀντὶ
638 3021 729 3075 τοῦ
756 3014 929 3096 λόγων
959 3015 1298 3075 ἀκοῦσαικαὶ
1334 3015 1556 3089 ἐλεῆσαι
1583 3005 1696 3074 εἶπε
1729 3018 1815 3098 ῥο-

279 3110 317 3126 ’”’
357 3127 431 3163 αι.
453 3113 516 3160 V.

242 3129 427 3253 wem.
484 3188 588 3271 ἐγὼ
626 3188 729 3273 γὰρ
765 3188 1106 3273 ἀπεδάκρυσα
1150 3210 1166 3251 t
1216 3187 1425 3268 (Κοινόν
1465 3213 1518 3249 τι
1556 3188 1739 3249 παθὼν
1787 3194 1815 3249 6

241 3276 570 3362 πρεσὸύτης,
598 3279 689 3336 καὶ
716 3277 1069 3360 ἐπιδακρύσας
1094 3280 1171 3359 τῷ
1196 3280 1301 3336 τῶν
1332 3276 1536 3336 παίδων
1562 3279 1775 3359 ὀδυρμῷ
1793 3324 1810 3352 ,

163 3380 216 3422 ³⁶
244 3369 483 3426 αἰτιᾶται
518 3369 591 3433 ὥς
616 3368 678 3425 ἐκ
715 3370 811 3438 τῆς
848 3370 1019 3448 φακῆς
1056 3372 1208 3425 τοῦτο
1252 3364 1547 3438 πεπονθὼς,
1584 3366 1676 3425 καὶ
1720 3368 1813 3426 οὐκ

241 3454 299 3523 ἐξ
334 3453 472 3520 ἰδίας
501 3451 887 3535 προαιρέσεως.)
927 3452 1086 3535 φησὶν
1115 3443 1202 3512 οὗν
1239 3451 1320 3511 ὅτι
1349 3451 1409 3511 τὸ
1440 3455 1612 3535 ῥοφεῖν
1647 3459 1813 3512 κακοῦ

242 3563 337 3615 μοι
368 3538 573 3618 ἐγένετο
608 3539 794 3600 αἴτιον.
830 3539 1136 3618 ἠμὸλύνθην
1169 3537 1239 3618 γὰ
1300 3544 1391 3612 τῆς
1419 3543 1601 3621 ὁρμῆς.
1643 3539 1810 3618 (οὐδέ-

238 3651 373 3688 ποτε
399 3626 503 3710 γὰρ
523 3626 622 3700 τὴν
647 3627 862 3706 γνώμην
892 3651 991 3705 μου
1019 3626 1186 3686 οὐδενὶ
1216 3563 1380 3701 εἷπον,
1406 3630 1452 3685 εἰ
1487 3624 1561 3706 μὴ
1590 3633 1700 3702 νῦν,
1733 3627 1814 3687 ὅτι

239 3714 512 3797 ἐρρόφησα
548 3713 645 3786 τὴν
672 3719 864 3796 φακῆν.
900 3714 1013 3793 ἅμα
1042 3714 1100 3774 δὲ
1135 3715 1227 3775 καὶ
1254 3713 1334 3773 ὅτι
1362 3717 1411 3774 οἰ
1440 3715 1692 3783 ἐσθίοντες
1717 3714 1813 3789 τὴν

65 3857 68 3864 ,
155 3830 212 3872 ω
238 3806 418 3884 φακῆν
441 3800 746 3872 ἀὸουλήτως
768 3802 1049 3883 δακρύουσι
1073 3806 1267 3884 θερμῆς
1290 3801 1446 3875 οὔσης
1467 3803 1672 3881 αὐτῆς.)

65 3877 68 3904 ’
325 3887 688 3969 (ἀπεδάκρυσα
725 3908 741 3949 2
779 3888 881 3950 Διὰ
915 3888 1011 3961 τὴν
1041 3888 1348 3969 θερμασίαν.
1387 3887 1677 3971 ἐδάκρυσα,
1707 3912 1812 3971 φη·-

236 3977 345 4050 σὶν,
383 3976 464 4034 ὅτι
489 3974 638 4056 παρὰ
668 3976 730 4036 τὸ
762 3975 874 4043 ἔθος
900 3975 1153 4050 ἐποίησα,
1182 3975 1218 4048 ἢ
1253 3975 1570 4056 ὓπεχάλασα
1596 3981 1691 4049 τῆς
1723 3980 1812 4058 ὀρ-

231 4068 342 4144 γῆς
369 4062 462 4121 καὶ
486 4060 703 4140 γνώμην
727 4061 860 4141 ἐμὴν
883 4052 1073 4140 εἶπον.)

318 4147 538 4228 γνώμην
561 4149 695 4227 ἐμήν
720 4170 736 4210 t
772 4149 887 4208 ἀντὶ
909 4154 1000 4208 τοῦ
1021 4147 1160 4208 κατὰ
1176 4148 1390 4227 γνώμην
1413 4148 1564 4227 ἐμήν.
1590 4161 1650 4210 R.
1683 4160 1807 4217 vict,

148 4265 206 4304 45
320 4256 421 4297 986.
468 4236 720 4315 (χαλεπὸν
748 4233 940 4294 εἰδέναι
969 4255 984 4296 :
1010 4237 1129 4295 Οὔκ
1159 4226 1275 4294 οἶδα
1302 4235 1572 4316 ἀκριὸῶς.)

319 4342 420 4384 999.
467 4321 575 4401 (ἐπὶ
601 4320 668 4381 τὰ
701 4320 890 4403 βελτίω
920 4342 935 4383 :
967 4325 1063 4390 Εἰς
1087 4321 1149 4381 τὸ
1182 4323 1396 4395 ἐλεῆσαι
1425 4323 1626 4399 μᾶλλον
1652 4321 1688 4394 ἢ
1714 4346 1810 4381 κα-

228 4411 570 4486 ταδικάσαι.)

318 4517 420 4558 997.
461 4495 612 4568 τηνδὶ
644 4493 823 4555 λαὸὼν
861 4493 957 4568 τὴν
992 4498 1162 4577 ψῆφον
1203 4516 1218 4557 2
1262 4493 1377 4566 Τὴν
1413 4495 1809 4576 τετρυπημένην

231 4587 389 4667 αὐτῷ
414 4582 643 4643 δείκνυσι
664 4586 854 4664 ψῆφον.
882 4582 971 4643 δύο
994 4583 1094 4664 γὰρ
1123 4586 1372 4665 ἀμφορεῖς
1394 4583 1543 4656 εἰσὶν,
1573 4574 1645 4642 ὧν
1666 4586 1695 4641 6
1714 4582 1808 4661 μὲν

133 4698 200 4738 ,ω
223 4672 415 4753 κύριος
452 4668 726 4748 λεγόμενος
763 4674 1023 4750 χαλκοῦς,
1069 4672 1140 4738 εἰς
1182 4669 1238 4729 ὃν
1274 4668 1370 4742 τὴν
1406 4670 1591 4751 κυρίαν
1638 4673 1809 4753 ᾕφον

226 4757 491 4820 καθίεσαν
517 4760 566 4815 οἱ
589 4757 860 4831 δικασταὶ,
880 4756 915 4829 ἢ
937 4756 1368 4826 καταδικάζοντες
1382 4802 1398 4830 ,
1419 4756 1455 4829 ἢ
1477 4757 1804 4826 ἀπολύοντες.

225 4851 262 4908 ὁ
323 4843 382 4904 δὲ
431 4843 604 4924 ἔτερος
650 4841 871 4915 ξύλινος,
922 4846 994 4912 εἷς
1036 4842 1092 4903 ὃν
1136 4841 1231 4910 τὰς
1276 4843 1495 4925 ἀκύρους
1538 4844 1806 4908 καθίεσαν.

230 4931 408 4995 ὁπότε
436 4930 492 4989 δὲ
518 4929 710 4998 πάντες
736 4930 1134 5012 διεψηφίσαντο,
1164 4933 1237 4998 εἰς
1272 4929 1359 4989 τὸν
1386 4932 1620 5010 χαλκοῦν
1648 4932 1808 4992 κάδον

1887 496 1977 556 ἵνα
2001 495 2097 567 τὴν
2127 494 2522 576 τετρυπημένην
2559 496 2631 561 εἰς
2660 495 2748 554 τὸν
2781 495 2991 577 ὕστερον
3024 497 3112 557 τὸν
3145 498 3335 579 ἄκυρον
3364 524 3455 560 κα-

1891 587 2025 662 ταθῆ
2070 583 2162 641 καὶ
2199 581 2438 661 ἀπολύσῃ
2479 579 2568 640 τὸν
2614 582 3048 661 ἀπολογούμενον.
3096 584 3363 666 φαίνονται
3400 584 3456 644 δὲ

1893 668 2124 740 συνήθως
2149 671 2429 735 καλοῦντες
2464 669 2553 727 τὸν
2591 669 2768 750 κύριον
2800 669 3040 752 ἀμφορέα
3067 670 3336 753 πρότερον,
3365 671 3455 730 τὸν

1893 756 1939 813 δ’
1972 753 2145 836 ἕτερον
2181 754 2371 837 ἄκυρον
2403 753 2652 836 (ὕστερον.
2764 750 2989 824 Ἄλλως.
3024 761 3096 825 εἰς
3124 756 3215 817 τὸν
3239 759 3450 841 ὕστερον
3479 789 3505 829 5

1893 841 1950 902 δὲ
1978 841 2223 902 καδίσκον
2251 842 2349 915 τὴν
2376 843 2865 922 ἀποδοκιμάζουσαν
2892 845 3137 905 ἐνέὸαλον
3165 850 3373 928 ψῆφον.)

1973 951 2069 990 988.
2115 929 2305 1006 (μύσας
2332 929 2564 1011 παρᾷξον
2607 953 2622 991 2
2654 929 2876 1002 Ἐπειδὴ
2903 931 3051 1014 παρὰ
3081 934 3177 1004 τὴν
3204 935 3457 1016 προαίρε-

1896 1039 1977 1076 σιν
2018 1020 2177 1076 αὐτοῦ
2222 1017 2488 1076 ἀναπείθει
2524 1019 2679 1077 αὗτὸν
2724 1018 2871 1100 ῥῖψαι
2909 1018 3004 1091 τὴν
3044 1022 3216 1101 ψῆφον
3256 1023 3327 1089 εἰς
3369 1021 3455 1081 τὸν

1895 1104 2087 1184 ἄκυρον
2125 1103 2301 1176 κάδον,
2344 1103 2500 1184 φησὶν
2542 1105 2701 1182 αὐτῷ·
2740 1102 2909 1182 μύσας
2941 1110 3095 1165 τοῦτο
3126 1106 3362 1183 ποίησον,
3386 1111 3457 1176 ὣς

1896 1188 2094 1249 ἀτόπου
2123 1192 2266 1271 αὐτῷ
2293 1189 2476 1249 τούτου
2505 1189 2856 1271 φαινομένου.)
3489 1220 3542 1261 10

1976 1297 2073 1339 990.
2116 1276 2247 1357 πρὸς
2273 1277 2368 1349 τὴν
2399 1279 2590 1358 ψῆφον.
2619 1289 2678 1336 R.

1976 1383 2072 1424 991.
2115 1362 2189 1422 ὅδ’
2236 1362 2340 1422 ἔσθ’
2384 1366 2414 1421 6
2451 1361 2701 1443 πρότερος
2746 1382 2763 1425 2
2808 1363 2897 1443 (Ὁ
2931 1363 3200 1441 καδίσκος,
3243 1365 3372 1426 ὅπου
3407 1370 3462 1427 αἱ

1896 1453 2003 1508 τῶν
2058 1447 2552 1527 καταδικαζομένων
2605 1453 2769 1531 βφοι
2823 1450 3125 1512 ἐὸάλλοντο.
3245 1453 3461 1523 Ἄλλως.

1899 1536 2213 1597 ἐναλλάσσει
2256 1534 2349 1604 τὰς
2400 1544 2611 1617 χεῖρας,
2656 1537 2948 1619 περιφέρων
2987 1538 3081 1606 τὰς
3122 1540 3331 1620 ὑδρίας,
3376 1541 3463 1601 ἵνα

1899 1622 2162 1700 ἀγνοήσας
2191 1622 2560 1701 ἀποδοκιμάσῃ
2598 1627 2670 1690 εἰς
2705 1623 2794 1682 τὸν
2831 1622 3044 1707 ὕστερον
3081 1626 3330 1687 καδίσκον
3367 1628 3463 1701 τὴν
3494 1655 3544 1695 15

1899 1709 2390 1788 ἀποδοκιμάζουσαν
2418 1708 2664 1786 ἐμὸαλὼν
2693 1713 2881 1792 ψῆφον.
3001 1709 3238 1791 Ἄλλως.)
3277 1720 3464 1794 μιμεῖ-

1896 1820 1987 1856 ται
2035 1796 2155 1865 τοὺς
2204 1800 2257 1857 ἐν
2311 1800 2388 1878 τῷ
2442 1797 2764 1879 δικαστηρίῳ
2822 1797 3079 1867 πολλάκις
3135 1803 3464 1872 ἀπατῶντας.

1900 1885 2147 1964 (ἑστῶτος
2172 1885 2275 1967 γὰρ
2305 1889 2397 1943 τοῦ
2428 1908 2486 1944 τε
2512 1890 2920 1966 κατηγοροῦντος
2946 1885 3036 1945 καὶ
3058 1892 3150 1947 τοῦ
3180 1891 3468 1970 ἀπολογου-

1901 1969 2061 2047 μένου
2077 2016 2094 2044 ,
2120 1970 2313 2053 ῥάὸδον
2335 1970 2552 2050 κατέχει
2580 1973 2857 2052 παρεστὼς
2889 1976 2918 2031 6
2939 1972 3128 2052 κῆρυξ,
3161 1971 3197 2045 ἢ
3222 1975 3468 2054 θεσμοθέ-

1896 2081 2023 2132 της,
2058 2057 2151 2117 καί
2181 2056 2350 2139 τούτῳ
2381 2058 2641 2129 ἐπιτίθησι
2673 2056 2793 2126 τοὺς
2821 2060 3343 2140 καταψηφισθέντας,
3380 2061 3468 2122 ἵνα
3491 2085 3548 2127 20

1900 2146 1976 2222 μὴ
2017 2143 2187 2225 ἕτερος
2221 2145 2331 2203 ἀνθ’
2371 2143 2547 2226 ἑτέρου
2584 2148 2820 2226 ἀπαχθῇ.
2941 2145 3155 2215 Ἄλλως.
3194 2148 3402 2228 βάλλων
3438 2155 3468 2210 6

1900 2229 2209 2292 Φιλοκλέων
2247 2230 2344 2303 τὴν
2380 2230 2551 2313 ψῆφόν
2583 2254 2729 2312 φησι·
2767 2237 2975 2305 καθῆκα
3010 2234 3067 2293 δὲ
3105 2236 3176 2303 εἰς
3211 2235 3296 2295 τὸν
3333 2236 3468 2319 πρό-

1897 2341 1957 2377 τε
1991 2320 2085 2395 ον.)

1962 2341 2137 2484 ρ(αὕτη
2163 2404 2405 2464 ’ντευθενί
2436 2425 2452 2466 t
2491 2404 2600 2466 Δύο
2642 2405 2883 2465 καδίσκοι
2927 2410 3031 2466 τῶν
3067 2407 3255 2490 ψήφων
3310 2401 3465 2484 ἦσαν,

1899 2482 1973 2560 εἷς
2015 2491 2110 2570 μὲν
2151 2495 2179 2550 6
2214 2490 2360 2551 ἐλέου
2378 2536 2395 2565 ,
2440 2496 2470 2551 6
2507 2491 2704 2566 ὀπίσω,
2742 2492 2911 2573 ἕτερος
2950 2493 3037 2569 δὲ,
3083 2498 3113 2553 6
3156 2494 3466 2578 ἔμπροσθεν,
3492 2519 3547 2562 25

1900 2578 2145 2639 θανάτου.
2174 2577 2631 2660 παρασκευάζεται
2665 2572 2755 2637 οὖν
2780 2582 2851 2647 εἰς
2884 2579 2971 2638 τὸν
2998 2585 3089 2640 τοῦ
3121 2581 3266 2640 ἐλέου
3295 2583 3470 2659 ἐμὸα-

1906 2668 2016 2726 λεῖν
2062 2665 2158 2737 τὴν
2185 2669 2378 2748 ψῆφον.
2423 2665 2679 2726 ἀλλάσσει
2719 2664 2822 2748 γὰρ
2861 2666 2981 2735 τοὺς
3018 2668 3206 2737 τόπους
3239 2673 3410 2730 αὐτῶν
3440 2673 3470 2728 6

1901 2752 2258 2828 Βδελυκλέων,
2292 2751 2379 2813 ἵνα
2413 2753 2697 2826 ἀπατηθεὶς
2728 2758 2757 2813 6
2784 2753 2965 2837 πατὴρ
2995 2755 3133 2836 βάλῃ
3163 2758 3234 2824 εἷς
3262 2757 3347 2816 τὸν
3376 2762 3469 2817 τοῦ

1901 2842 2067 2904 ἐλέου.

1980 2843 2090 2991 993.)
2125 2927 2258 3012 (φέρ’
2281 2926 2511 3010 ἐξεράσω
2538 2948 2554 2989 z
2582 2927 2719 2989 Ἀντὶ
2740 2934 2830 2988 τοῦ
2855 2932 2926 2998 εἰς
2945 2929 3041 3002 τὴν
3063 2935 3161 3009 γῆν
3184 2930 3469 3010 μεταὸαλῶ
3491 2964 3544 3006 30

1898 3014 1992 3084 τὰς
2028 3016 2248 3097 ψήφους.
2291 3014 2386 3097 ἔρα
2421 3014 2525 3097 γὰρ
2570 3019 2606 3088 ἡ
2647 3020 2738 3095 γῆ.
2791 3015 3035 3095 βούλεται
3079 3017 3135 3076 δὲ
3179 3022 3469 3099 ἀριθμῆσαι

1899 3102 1994 3172 τὰς
2136 3126 2238 3169 ους.

1981 3102 2466 3272 ωψζίςηέκπίίφευγας
2489 3177 2533 3248 ῶ
2557 3188 2743 3261 Λάδης
2776 3210 2792 3251 2
2825 3189 2924 3258 Ὡς
2956 3193 3335 3271 ἀριθμηθεισῶν
3362 3196 3467 3253 τῶν

1898 3277 2088 3360 ψήφων
2114 3277 2332 3336 καὶτῶν
2361 3279 2702 3336 ἀπολυουσῶν
2730 3278 2980 3338 πλειόνων
3009 3280 3213 3357 οὐσῶν.)

1979 3386 2078 3426 995.
2120 3369 2223 3423 ποῖ
2256 3362 2353 3421 ’σθ’
2381 3361 2519 3445 ὕδωρ
2548 3382 2564 3425 :
2601 3362 2695 3431 Ὡς
2724 3363 3042 3445 παρειμένου
3074 3367 3232 3425 αὐτοῦ
3268 3365 3466 3448 ψυχρὸν
3493 3395 3546 3437 31.

1899 3449 2039 3532 ὕδωρ
2077 3452 2228 3512 αἰτεῖ.
2258 3449 2506 3528 (ἀκούσας
2534 3449 2636 3532 γὰρ
2665 3450 2727 3510 τὸ
2758 3451 3078 3533 ἐκπέφευγας
3109 3456 3137 3511 6
3160 3453 3466 3514 Φιλοκλέων

1900 3537 2308 3619 ἐλιποψύχησεν.
2350 3535 2471 3596 ὅσον
2497 3537 2600 3618 γὰρ
2637 3538 2720 3597 ἐπ’
2755 3540 2898 3617 αὐτῷ
2925 3530 2991 3612 ἦν
3030 3540 3465 3621 καταδικασθείς.)

1979 3646 2076 3685 997.
2124 3626 2300 3709 (ὅντως
2322 3624 2582 3706 ἀπέφυγεν
2607 3643 2622 3686 :
2650 3624 2970 3699 Ὑπεξελύθη
2988 3673 3005 3701 ,
3029 3626 3299 3707 γενόμενος
3320 3628 3465 3698 ἐκτὸς

1896 3713 2152 3795 τιμωρίας
2173 3719 2264 3772 τοῦ
2288 3711 2597 3795 φεύγοντος.)

1978 3821 2075 3861 999.
2122 3798 2420 3877 ξυνείσομαι
2447 3819 2461 3861 :
2493 3800 2733 3878 Συγγνῶ.
2777 3811 2906 3860 Ῡὶοέ.
3489 3835 3543 3878 ⁴0

1981 3907 2099 3947 1001.
2145 3885 2427 3966 (σύγγνωτέ
2461 3909 2551 3964 μοι
2587 3908 2602 3948 :
2633 3886 2728 3953 Ὡς
2752 3887 2889 3966 μέγα
2911 3912 2962 3947 τι
2986 3888 3238 3967 ἀτόπημα
3264 3887 3465 3970 πράξας

1898 3975 2234 4054 ἀπολογεῖται
2255 3983 2362 4041 τοῖς
2385 3978 2551 4054 θεοῖς.)

1980 4082 2099 4121 1005.
2145 4061 2256 4140 (ἐπὶ
2299 4063 2522 4135 δεῖπνον,
2570 4064 2640 4129 εἰς
2685 4060 2966 4140 ξυμπόσιον
2993 4083 3008 4124 :
3035 4062 3140 4125 Ἔν
3185 4065 3324 4123 ἐστιν
3366 4063 3459 4124 ἐπὶ

1898 4148 2101 4208 δεῖπνον
2134 4149 2206 4215 εἰς
2243 4146 2549 4224 συμπόσιον.
2583 4146 2718 4206 οὕτω
2749 4146 2851 4229 γὰρ
2882 4150 3118 4223 ἐκάλουν,
3139 4148 3274 4209 ὥστε
3306 4148 3460 4228 μόνον

1897 4226 2030 4294 εἶναι
2069 4235 2160 4294 τὸν
2200 4225 2334 4294 οἶνον
2367 4233 2556 4308 κοινὸν,
2604 4234 2674 4293 τὰ
2722 4235 2777 4294 δὲ
2806 4234 2970 4295 λοιπὰ
3006 4239 3194 4296 ἑαυτοῦ
3222 4236 3457 4314 κομίζειν
3483 4277 3538 4317 45

1896 4319 2032 4379 οὕτω
2065 4319 2344 4392 κληθέντα.
2371 4320 2675 4380 πανθοινίαν
2716 4319 2772 4379 δὲ
2804 4320 3002 4400 ἔλεγον,
3037 4320 3107 4389 ὥς
3145 4345 3301 4404 φησιν
3351 4324 3460 4383 Εὖ-

1895 4406 2122 4489 φρόνιος,
2146 4406 2303 4466 ὁπότε
2344 4410 2415 4475 εἰς
2454 4407 2622 4466 κοινὸν
2643 4408 2999 4477 κατατιθέντες
3038 4407 3105 4468 τὰ
3143 4408 3458 4488 κομισθέντα

1895 4497 2080 4554 δεῖπνα
2102 4493 2294 4561 πάντες
2322 4492 2632 4573 ἀπέλαυον.)

1974 4601 2094 4643 1007.
2139 4583 2269 4642 κούκ
2295 4585 2593 4661 ἐγχανεῖται
2619 4601 2634 4642 :
2664 4584 2799 4660 (Οὐκ
2832 4581 3103 4660 ἐγγελάσει
3135 4605 3244 4656 σοι,
3276 4582 3454 4663 φησὶν,

1893 4673 1922 4728 6
1950 4667 2292 4750 Ὑπέρὸολος,
2320 4673 2453 4750 ὁρῶν
2483 4693 2540 4728 σε
2566 4669 2808 4729 ταπεινόν
2840 4693 2897 4728 τε
2931 4669 3022 4728 καὶ
3048 4670 3250 4755 οἰκτρὸν
3278 4673 3455 4730 ἐκ“το’ὗ
3478 4704 3534 4745 ω

1894 4755 2119 4826 δικάζειν
2159 4755 2251 4815 καὶ
2290 4760 2427 4836 τρεῖς
2468 4755 2678 4823 ὀὸολοὺς
2717 4753 3007 4834 λαμὸάνειν
3039 4756 3129 4815 καὶ
3172 4756 3254 4816 ἀεὶ
3296 4756 3454 4818 πένε-

1896 4846 2057 4920 σθαι.)
2090 4841 2219 4923 ὓπὲρ
2252 4848 2345 4916 τῆς
2374 4843 2624 4925 πονηρίας
2651 4842 2705 4902 δὲ
2736 4842 3059 4924 Ὑπερὸόλου
3094 4843 3312 4926 εἴρηται.
3344 4846 3453 4922 (καὶ

1891 4937 1982 4990 νῦν
2023 4931 2077 4989 δὲ
2121 4930 2272 5008 ὀλίγα
2312 4930 2751 5013 παραγράψομεν.
2797 4930 3089 5002 Ἀνδοκίδης
3132 4932 3260 5013 φησὶ
3286 4932 3452 4992 τοίνυν

223 5023 612 5100 διηριθμοῢντο
652 5020 706 5077 αἰ
743 5022 939 5100 ψῆφοι,
982 5018 1075 5077 καὶ
1114 5017 1448 5088 κατεδίκαζον
1486 5017 1581 5096 μὲν
1628 5021 1684 5077 αἱ
1719 5041 1806 5078 τε·
1894 5045 1919 5073 α
1943 5017 2064 5099 περὶ
2101 5016 2429 5100 Ὑπερὸόλου
2454 5016 2623 5096 λέγειν
2654 5017 2989 5100 αἰσχύνομαι·
3013 5010 3074 5079 οὗ
3098 5023 3128 5078 6
3155 5017 3249 5098 μὲν
3274 5016 3452 5101 πατὴρ
