3859 5725
1678 261 1957 327 AVIUM.

251 435 334 493 ap.
356 418 641 493 Harpocr.
672 432 730 490 p.
767 411 892 468 132.
917 411 1210 466 »Lentem
1238 407 1328 462 De
1355 411 1539 458 morte
1564 393 1772 455 Bacchi

251 505 523 568 dissertat.
559 522 614 573 2,
640 521 697 579 p.
740 520 763 556 1
782 543 798 571 ,
828 497 927 575 qui
955 494 1026 552 de
1066 494 1159 552 his
1190 489 1522 549 nominibus
1564 488 1770 543 iterum

252 595 387 652 dixit
419 590 708 669 Aglaoph.
741 608 797 666 p.
845 592 1015 651 1044.
1043 581 1184 653 *Ὕης
1210 577 1299 639 καὶ
1342 574 1603 642 Σαὸάζιος
1630 578 1771 669 Larf

253 682 445 740 chen-us
474 681 533 735 in
561 671 1030 735 annotationibus
1055 668 1127 728 ad
1158 666 1410 743 Etymol.
1442 667 1525 721 Μ.
1565 661 1773 720 Orioni

253 768 449 825 additis
472 787 531 843 p.
564 766 696 840 196.
725 760 839 820 ἔστι
866 758 921 817 δὲ
943 747 1040 815 εἷδ.
1070 761 1141 814 V.
1171 793 1234 806 -
1260 756 1331 822 34
1355 756 1508 810 τοῦτο
1537 746 1591 806 δὲ
1614 752 1683 806 G.
1712 783 1775 796 -

257 856 323 912 35
348 853 590 934 ὀρνίθειον
619 858 844 910 Portus·
875 846 1202 923 Legebatur
1229 837 1557 924 ὀρνιθόθειον.

326 943 469 1015 875,
514 941 586 998 38
626 936 759 997 Ὅτι
789 935 875 994 ἐπὶ
907 937 999 992 τοῦ
1033 939 1103 990 G.
1116 977 1134 1006 ,
1177 934 1279 1009 qui
1311 933 1386 1006 39
1418 949 1503 1005 sq.
1537 922 1779 992 ἔπαιξε-

255 1026 593 1110 προσεικάσας
620 1026 856 1084 omittit.

3271 265 3386 316 489

1941 387 2077 465 915,
2103 388 2175 454 34
2200 384 2260 445 τὸ
2284 383 2532 467 ὀπτηρὸν,
2563 385 2635 443 35
2667 382 3008 464 τετριμμένον
3039 388 3109 442 V.

1940 478 2087 554 918,
2149 477 2222 532 36
2270 475 2321 533 Τ
2323 471 2387 545 ὴν
2443 471 2689 545 τοιαύτην
2741 479 2807 532 R.
2856 476 3167 551 vulgatum
3213 471 3392 532 habet

1860 565 2068 626 Suidas
2094 583 2138 620 s.
2166 561 2389 623 Κύκλια.
2415 603 2494 614 -
2524 564 2595 635 37
2631 559 2827 639 ἔλεγον.
2864 565 3143 644 παρθενεῖα
3181 560 3237 621 δὲ
3276 561 3392 620 ἀντὶ

1861 652 1991 712 Ald.
2035 648 2317 732 παρθένεια
2354 651 2909 727 Schweighaeuserus
2947 651 3018 708 ad
3045 651 3256 709 Athen.
3304 661 3394 724 14,

1862 761 1919 819 p.
1959 741 2095 811 631,
2122 744 2197 812 D,
2231 739 2344 796 vol.
2371 759 2423 811 7,
2460 758 2517 816 p.
2548 746 2659 806 444
2690 759 2703 793 :
2733 758 2863 794 nam
2894 739 2974 795 sic
3003 739 3124 795 baec
3140 737 3394 806 differre,

1862 841 1927 886 ut
1950 825 2231 908 παρθένεια
2251 827 2366 884 sint
2389 824 2422 882 ἃ
2445 827 2493 883 οῖ
2512 823 2762 904 παρθένοι
2789 815 2933 904 ᾖδον,
2953 828 3234 906 παρθενεῖα
3261 844 3397 882 vero

1862 913 1928 973 τὰ
1973 916 2043 980 εἰς
2082 911 2365 995 παρθένους
2411 910 2660 994 ᾀδόμενα.
2700 958 2763 970 ....
2803 912 2878 988 39
2919 911 3120 979 Ἄλλως
3159 933 3273 970 om.
3305 918 3399 986 V.‚

1868 1002 2040 1061 habet
2068 1005 2136 1061 G.
2174 1000 2493 1073 ἤτοικατάτ.
2536 1006 2601 1059 V.
2630 1045 2695 1058 -.
2738 1011 2811 1069 40
2848 998 3119 1081 προσῴδια
3166 1001 3296 1059 libri
3344 1013 3403 1057 et

329 1120 462 1190 877,
485 1124 553 1184 [μ
583 1112 726 1193 παρὰ
747 1109 808 1171 τὸ
829 1108 896 1169 τὰ
916 1115 969 1168 V
976 1154 988 1168 ‚
1018 1145 1082 1158 ...
1107 1117 1181 1177 [μ
1235 1104 1325 1165 καὶ
1355 1124 1470 1162 om,
1518 1107 1586 1160 R,
1611 1131 1674 1143 —
1705 1109 1775 1168 44
1866 1092 2088 1150 Suidas.
2113 1130 2194 1142 --
2220 1102 2293 1160 42
2312 1092 2381 1150 τὰ
2404 1094 2683 1172 παρθενεῖα
2714 1109 2827 1146 om.
2849 1094 2920 1146 V.
2943 1089 3105 1147 Idem
3133 1089 3400 1167 διδόμενα.

255 1202 510 1261 διαὸαλεῖν
563 1200 766 1259 Suidas
803 1218 849 1256 5.
896 1193 1133 1267 Κυὸέλη.
1165 1231 1226 1243 --
1259 1193 1331 1262 46
1359 1191 1448 1249 καὶ
1476 1190 1626 1267 δυσγ.
1657 1209 1774 1247 om.

254 1296 319 1349 R.
350 1290 479 1348 Ald.
520 1331 582 1340 -
622 1288 698 1357 46
729 1286 968 1343 fortasse
1003 1294 1237 1362 praestat
1268 1281 1657 1361 προειρήκαμεν
1688 1277 1778 1335 vel

252 1367 570 1450 προείρηται,
615 1367 745 1423 0010
775 1378 909 1443 post
947 1365 1242 1439 Σύμμαχρς
1288 1361 1510 1438 positu,
1557 1369 1621 1414 ut
1660 1358 1782 1414 haec

1949 1202 2087 1260 922,
2116 1190 2148 1250 4
2183 1179 2238 1239 δὲ
2268 1202 2383 1239 om.
2414 1186 2483 1239 R.
2517 1179 2667 1253 Ald„
2691 1198 2820 1256 quae
2841 1177 3027 1245 ἄλλως.
3058 1200 3183 1260 σαφ.

1950 1277 2086 1345 924,
2113 1292 2149 1346 9
2172 1267 2206 1339 ἢ
2239 1290 2351 1327 om.
2373 1274 2444 1328 R.
2468 1273 2539 1325 V.

1950 1362 2064 1436 926
2084 1402 2099 1430 ,
2134 1378 2203 1415 12
2236 1380 2320 1438 sq.
2351 1370 2505 1416 recte
2532 1356 2627 1415 alii
2657 1355 2968 1435 scriptores
3004 1356 3038 1415 δ’
3060 1379 3141 1416 τοι
3179 1355 3320 1435 λέγω
3349 1369 3407 1413 et

251 1457 422 1536 ipsius
451 1454 778 1531 Symmachi
808 1451 981 1509 verba
1007 1451 1139 1508 sint.
1176 1448 1506 1526 Respicitur
1534 1446 1605 1502 ad
1634 1449 1779 1502 Rau.
1869 1444 2137 1525 ὁμώνυμε.

260 1545 419 1616 1437.
456 1547 641 1601 Dum.
678 1578 740 1590 -
780 1550 850 1610 47
892 1536 1128 1617 φαίνεται
1155 1542 1223 1595 R.
1247 1542 1315 1596 V.
1345 1572 1404 1584 --
1436 1535 1509 1592 50
1536 1535 1781 1615 παρῆσαν

255 1630 451 1692 Suidas
492 1650 539 1689 s,
585 1625 926 1709 Κλεόκριτος,
971 1626 1072 1683 5οἀ
1113 1623 1325 1704 πάρεισι
1360 1644 1406 1680 5.
1443 1619 1678 1692 Κυὸέλη.
1707 1652 1787 1664 --

1953 1553 2089 1609 929,
2126 1555 2146 1590 1
2162 1533 2194 1590 5
2224 1531 2535 1615 Πινδάρειον
2555 1537 2621 1590 V.

1954 1624 2091 1698 930,
2123 1624 2191 1679 18
2219 1625 2271 1680 ἐν
2298 1644 2410 1680 om.
2435 1627 2501 1682 V.
2523 1621 2649 1680 Ald.
2679 1620 2958 1703 Δωρισμὸν
2980 1620 3264 1681 Gelenius.
3296 1620 3407 1679 διο-

257 1721 323 1776 51
357 1716 720 1776 scribendum
759 1714 885 1795 παρ’
916 1712 1198 1785 Εὐπόλιδι,
1231 1713 1340 1770 nisi
1368 1706 1785 1791 κωμῳδουμένου
1876 1711 2067 1792 ρισμὸν
2097 1712 2248 1772 libri.

256 1806 484 1865 excidit.
513 1810 695 1866 Dum.
721 1802 892 1883 Δήμῳ
919 1807 1004 1875 V.‚
1031 1801 1227 1878 qui52
1260 1797 1447 1864 ἄλλως.
1482 1797 1605 1877 Ἧρ.
1642 1830 1724 1843 -
1758 1817 1780 1852 1

1956 1804 2029 1877 93
2040 1803 2093 1873 3,
2124 1804 2197 1859 25
2223 1802 2524 1878 legebatur
2549 1824 2640 1859 σπ.
2660 1798 2750 1858 καὶ
2774 1798 2962 1878 βύσσα.
2987 1797 3318 1859 Cori-ectum
3340 1821 3412 1859 ex

255 1891 512 1956 Ἀττικοὺς
540 1892 600 1950 τὸ
621 1913 734 1971 στρ.
761 1896 1060 1949 Kusterus.
1087 1885 1294 1958 Ἀττικὴ
1320 1890 1560 1967 στροῦθος
1572 1886 1786 1945 V.Ald.
1877 1888 2053 1946 Suida
2079 1909 2122 1945 s.
2154 1888 2380 1955 Σπολάς.
2406 1923 2483 1933 -
2506 1909 2580 1963 29
2609 1887 2811 1968 εἴρηκεν
2835 1894 2926 1960 V.‚
2954 1889 3050 1966 qui
3075 1894 3165 1948 τοῦ
3192 1908 3306 1946 om.

255 1982 360 2037 ..3
377 1976 657 2062 Τρύφωνα.
673 1983 977 2036 Kusterus.
1002 1976 1328 2054 Legebatur
1347 1974 1588 2056 τρυγόνα.
1610 1980 1790 2033 Hero-

259 2068 409 2128 dian.
434 2069 505 2126 Il.
534 2088 653 2145 μον.
688 2063 797 2134 λέξ.
825 2085 879 2143 p.
909 2076 1003 2137 42,
1042 2074 1108 2131 14
1128 2062 1520 2142 εσημειῶδεςτὸ
1549 2061 1792 2146 στρουθὸς

1959 1976 2105 2051 935,
2130 1980 2202 2045 34
2227 1981 2318 2036 τοῦ
2338 2000 2396 2035 ου
2421 1978 2676 2035 Pierson.
2708 1977 2781 2035 ad
2811 1979 3017 2034 Moerin
3039 1997 3095 2055 p.
3121 1978 3254 2052 339.

1960 2073 2108 2142 940,
2158 2075 2233 2143 49
2277 2063 2592 2142 ἐπιμένοντα
2634 2071 2700 2122 V.
2744 2063 3083 2124 ἐπιὸαίνοντα
3123 2069 3195 2126 G.
3228 2098 3306 2109 --
3344 2065 3417 2121 50

257 2153 576 2234 ὀξυνόμενον.
598 2152 827 2235 ἷσίχαρις
849 2153 1020 2230 (corr.
1047 2151 1249 2233 Χάρης)
1277 2151 1332 2210 δέ
1355 2174 1512 2234 φησιν
1531 2149 1795 2216 Ἀττικοὺς
1880 2174 2007 2234 φασι
2045 2156 2119 2210 V.
2137 2197 2153 2225 ‚
2187 2174 2305 2211 non
2332 2156 2400 2213 G.
2434 2152 2523 2210 Ad
2551 2172 2780 2209 versum
2824 2133 3170 2229 proximum
3196 2153 3416 2210 adscri-

259 2244 496 2324 βαρύνειν
523 2239 583 2300 τὸ
614 2240 800 2318 ὄνομα,
821 2243 893 2308 ὥς
919 2238 1011 2297 καὶ
1041 2238 1268 2322 Τρύφων
1299 2237 1568 2317 μέμνηται
1594 2240 1648 2298 ἐν
1677 2239 1795 2297 δευ-
1882 2253 2045 2319 ptum
2069 2242 2126 2297 in
2153 2246 2222 2298 V.
2247 2245 2339 2312 τῆς
2369 2240 2618 2318 διανομῆς
2644 2240 2734 2321 ἔχυ
2756 2239 2843 2299 τὸν
2868 2241 2976 2321 βίον
2993 2287 3010 2312 ,
3035 2262 3164 2320 quae
3196 2262 3311 2299 om.
3347 2245 3417 2301 G.

256 2328 390 2411 τέρῳ
413 2328 532 2411 περὶ
557 2328 793 2398 Ἀττικῆς
819 2327 1136 2408 προσῳδίας.
1172 2330 1225 2386 ἐν
1256 2325 1479 2409 δευτέρῳ
1505 2348 1616 2385 om.
1638 2332 1712 2388 V.

1964 2337 2072 2405 941
2096 2371 2117 2398 ,
2166 2329 2235 2386 51
2271 2327 2380 2389 Καὶ
2424 2348 2538 2387 om.
2567 2335 2638 2387 V.
2672 2369 2745 2382 .-
2776 2330 2849 2388 52
2875 2329 2935 2389 τὸ
2964 2332 3022 2389 ἐκ
3058 2334 3122 2387 V.
3150 2329 3420 2408 Νομάδεσι

338 2422 478 2494 880,
516 2438 546 2491 7
584 2416 761 2477 Χίοισι
788 2419 853 2474 V.
891 2415 1015 2473 Ald.
1035 2459 1053 2489 ,
1097 2416 1197 2491 qui
1239 2416 1512 2473 omittunt
1549 2411 1794 2485 ἐπειδὴ-
1882 2416 2126 2476 Ald.hie
2154 2430 2213 2474 et
2238 2418 2300 2475 in
2327 2418 2611 2476 lemmate.
2643 2449 2720 2463 --
2751 2418 2823 2475 53
2849 2420 2920 2484 ὡς
2941 2424 3005 2474 V.
3026 2415 3420 2502 ἇμαξοφόρητον

256 2510 474 2588 προσ-ῆν.
516 2540 595 2550 —-
627 2512 662 2563 8
693 2502 816 2563 ὅταν
845 2509 915 2563 R.
945 2537 1022 2548 —-
1070 2524 1132 2560 11
1179 2502 1351 2569 κοινὰς
1395 2517 1453 2561 et
1486 2506 1550 2562 13
1600 2502 1797 2581 ὁμοίως

260 2625 373 2663 om.
407 2601 527 2661 Ald.
550 2637 631 2649 —
657 2621 732 2659 20
778 2603 1030 2681 Δηλιακῷ
1073 2602 1361 2660 Meursius
1400 2605 1579 2659 Lectt.
1619 2602 1795 2660 Attio.

262 2692 320 2766 3,
352 2693 435 2749 5.·
455 2689 778 2768 Legebatur
804 2691 1010 2769 χαλκῷ.
1045 2689 1208 2748 Conf.
1241 2690 1543 2748 Ruhnken.
1578 2690 1794 2748 Histor.

261 2793 405 2842 orat.
437 2780 495 2837 in
523 2779 711 2838 Reisk.
742 2782 926 2835 Oratt.
950 2778 1070 2834 vol.
1098 2777 1166 2850 8,
1198 2797 1251 2855 p.
1289 2786 1413 2852 149.

244 2862 249 2869 ’
343 2869 489 2942 883,
518 2869 587 2925 31
617 2863 872 2939 πελέκεις,
901 2866 1030 2923 vide
1054 2866 1304 2923 Lobeck.
1337 2869 1395 2923 in
1422 2866 1619 2923 Wolfii
1641 2866 1797 2923 Anal.

265 2959 299 3016 3
323 3001 342 3031 ,
365 2977 422 3037 p.
450 2956 544 3014 58.
574 2950 946 3035 προσενεκτέον
973 2952 1062 3010 καὶ
1092 2952 1278 3019 ἀλίὸας
1298 2959 1365 3011 R.
1386 2990 1449 3002 —
1479 2956 1550 3011 33
1575 2954 1800 3019 πελεκᾶς

266 3044 319 3103 δὲ
347 3045 474 3102 Ald.
505 3055 564 3100 et
591 3041 798 3101 Suidas
820 3061 864 3098 S.
900 3038 1215 3100 Πελεκάντι.
1258 3083 1320 3093 -
1346 3042 1419 3108 34
1460 3042 1681 3106 πελεκᾶς
1709 3040 1800 3098 καὶ

263 3132 460 3190 πελεκᾶ
479 3133 553 3186 V.

350 3218 463 3283 884
481 3260 497 3288 ,
529 3218 599 3286 37
624 3213 953 3295 καταράκται
976 3218 1042 3271 V.
1067 3251 1129 3261 -
1155 3215 1228 3273 38
1258 3212 1373 3271 ἀντὶ
1401 3214 1619 3273 ἔδωλίου
1648 3212 1798 3272 εἰδώ-

263 3308 396 3373 λιος.
450 3303 565 3366 Sed
611 3306 672 3362 in
718 3306 845 3362 loco
890 3303 1289 3380 Aristophanis
1330 3304 1541 3380 legitur
1586 3304 1801 3383 ἐρωδιῷ.

268 3393 665 3469 Quamobrem
699 3404 799 3451 aut
824 3393 881 3450 in
913 3404 1075 3449 textu
1107 3392 1414 3468 legendum
1442 3391 1676 3472 ἐδωλιῷ,
1706 3404 1805 3449 ant

266 3485 331 3547 in
378 3481 609 3539 scholiis
635 3525 651 3554 ‚
694 3479 849 3558 quod
898 3481 1084 3551 malo,
1132 3479 1247 3537 ἀντὶ
1294 3477 1507 3561 ἐρωδιοῧ
1557 3475 1804 3545 εἶδώλιος.

267 3576 487 3645 BER-n..
520 3569 593 3627 ad
628 3568 961 3628 Callimachi
992 3568 1190 3645 fragm.
1221 3587 1279 3647 p.
1310 3569 1443 3641 469.
1468 3605 1530 3616 -
1555 3571 1631 3643 39
1658 3565 1799 3643 αἰγί-

1886 2508 2268 2563 Hermannus.
2312 2505 2685 2564 scribebatur
2740 2503 3164 2586 ἇμαξηφόρητον.
3216 2547 3292 2558 -
3347 2506 3418 2575 54

1885 2606 2017 2671 post
2051 2591 2287 2651 πέπαται
2327 2594 2626 2670 legebatur
2654 2593 2845 2666 ἀκλεὴς
2869 2592 2967 2652 ἔὸα
2999 2595 3162 2653 τῶνδε
3183 2596 3424 2670 (ἇκλεῆτε

1888 2680 2053 2760 βάτην
2081 2679 2135 2739 δὲ
2157 2684 2277 2760 V.)‚
2319 2703 2446 2760 quae
2475 2704 2548 2740 ex
2582 2682 2855 2741 inferiore
2889 2703 3059 2742 versu
3086 2696 3218 2742 sunt
3243 2684 3416 2740 illata.

1889 2770 2117 2828 Servari
2148 2783 2421 2847 possunt,
2451 2771 2501 2828 si
2530 2771 2611 2828 ita
2638 2773 2964 2847 corrigatur
2990 2769 3181 2842 ἀκλεὴς
3211 2770 3254 2827 δ’
3288 2767 3422 2828 ἔδαε

1886 2855 2065 2916 λαὸὼν
2084 2855 2184 2935 γὰρ
2209 2901 2268 2911 .-
2298 2871 2362 2916 ut
2390 2859 2525 2916 novi
2553 2858 2753 2916 scholii
2773 2859 2998 2917 initium
3026 2862 3138 2918 fiat.
3163 2855 3343 2917 λαὸὼν
3369 2855 3426 2916 δὲ

1888 2947 2209 3021 Berglerus.
2246 2947 2463 3005 Aberat
2501 2945 2572 3004 δέ.
2617 2968 2640 3004 1
2686 2947 2986 3024 legebatur
3013 2946 3102 3005 καὶ
3127 2946 3242 3024 ᾔτει
3271 2945 3425 3004 αὐτὸν

1890 3032 1981 3091 καὶ
2006 3031 2261 3112 ἁρμάδιον
2290 3032 2536 3111 (ἁμάδιον
2580 3034 2692 3110 V.).
2723 3035 2876 3092 Male
2909 3036 3211 3111 Berglerus
3246 3033 3429 3112 ἁρμά-

1889 3143 2030 3192 τιον,
2081 3139 2261 3197 quum
2308 3121 2471 3179 litera
2510 3121 2540 3178 δ
2580 3122 2794 3180 indicio
2837 3122 2911 3179 sit
2955 3120 3200 3198 syllabas
3247 3113 3353 3180 δῶν
3395 3142 3429 3180 0

1892 3207 2164 3287 proximo
2188 3208 2344 3279 δῆλον
2369 3229 2492 3268 esse
2524 3222 2700 3267 natas.
2728 3209 2936 3268 Addidi
2960 3208 3090 3290 πρὸς
3113 3230 3187 3268 ex
3208 3212 3429 3269 scholio

1891 3294 2103 3352 Aldino
2126 3294 2299 3351 allato
2322 3296 2393 3353 ad
2418 3316 2473 3353 v.
2498 3305 2631 3372 944.
2657 3301 2836 3353 Dum.

1975 3392 2122 3458 942,
2151 3383 2182 3440 5
2213 3383 2523 3465 ἀπαίρουσιν
2553 3383 2761 3443 Suidas
2791 3403 2835 3441 s.
2873 3382 3114 3461 Νομάδες
3134 3397 3193 3443 et
3221 3382 3429 3465 Ὑφαν-

1892 3471 2192 3543 τοδόνητον.
2224 3473 2552 3549 Legebatur
2576 3471 2830 3553 αἴρουσιν.

1977 3569 2123 3635 944,
2164 3562 2198 3617 8
2242 3560 2398 3631 δῆλον
2428 3559 2509 3619 ὅτι
2535 3563 2740 3640 χιτῶνα
2767 3562 2902 3619 αἰτεῖ
2925 3559 3052 3641 πρὸς
3086 3564 3152 3641 τῇ
3187 3561 3430 3620 σπολάδι.

268 3657 425 3722 θαλος
454 3660 523 3713 V.
566 3654 696 3713 Ald.
734 3661 887 3714 Ante
912 3654 1089 3713 verba
1119 3652 1226 3713 οὔτ’
1252 3651 1562 3734 ἑρισάλπιγξ
1589 3653 1805 3730 aliquid
1896 3646 2088 3719 ἀκλεὴς
2113 3648 2243 3709 Ald.
2279 3649 2438 3731 φησὶν
2472 3670 2588 3708 om.
2607 3655 2677 3709 R.
2698 3693 2760 3705 .-
2780 3671 2816 3725 9
2836 3649 3070 3707 πέπαται
3099 3647 3155 3707 δὲ
3182 3648 3433 3720 κέκτηται

268 3744 514 3814 excidit,
549 3744 660 3800 nisi
688 3741 794 3802 οὔτ’
845 3755 1184 3821 corruptum
1228 3753 1335 3799 est.
1377 3747 1644 3800 Ceterum
1688 3743 1808 3799 haec
1897 3756 2014 3794 om.
2037 3741 2105 3794 V.

267 3834 392 3901 avis
425 3833 637 3891 rectius
659 3830 978 3913 ἠρισάλπιγξ
1010 3830 1124 3889 dici
1150 3832 1375 3890 videtur
1403 3831 1475 3891 ab
1500 3832 1805 3908 Hesychia

265 3926 449 3980 Dum.
474 3916 604 3998 ὑπὲρ
625 3918 714 3976 τὸν
739 3924 803 3977 V.

1979 3825 2122 3900 946,
2166 3844 2235 3899 19
2262 3845 2345 3902 sq.
2384 3824 2471 3883 ἐπὶ
2499 3827 2757 3908 ἅρσενικῷ
2784 3832 2856 3885 V.
2887 3825 3109 3884 Deinde
3135 3826 3436 3904 legebatur

1897 3914 2134 3991 χιτῶνος.
2163 3910 2217 3969 δὲ
2239 3933 2351 3970 om.
2374 3918 2443 3971 R.
2463 3918 2535 3970 V.
2557 3912 2828 3993 οὖδετέρου
2849 3913 2979 3971 Ald.
2998 3958 3014 3988 ,
3046 3935 3078 3972 a
3109 3928 3436 3972 correctore

358 4007 472 4082 893
495 4049 512 4079 ,
550 4006 619 4062 51
657 4004 733 4083 μὴ
768 4002 1056 4083 δυναμένου
1096 4010 1164 4064 R.
1200 4005 1488 4082 δυναμένου
1523 4005 1616 4065 καὶ
1652 4008 1810 4065 αὐτοῦ
1900 4002 2173 4079 positum,
2195 4001 2432 4078 quinon
2461 4004 2816 4080 perspiceret
2832 4016 3081 4061 mentem
3100 4003 3434 4062 scholiastae.

267 4101 340 4151 V.
372 4089 503 4150 Ald.
528 4092 751 4150 Deinde
776 4092 1182 4170 corrigendum
1206 4096 1536 4174 αὖταρκῆσαι
1560 4094 1811 4153 arbitra-

271 4193 373 4240 tur
412 4178 762 4237 DindorfiuS.

1983 4097 2119 4163 949,
2150 4089 2219 4144 23
2250 4087 2317 4146 τὰ
2342 4103 2399 4147 et
2421 4110 2490 4162 27
2514 4089 2575 4147 τὸ
2594 4110 2706 4147 om.
2733 4094 2801 4147 R.

1981 4177 2125 4251 95²2
2171 4178 2242 4244 34
2271 4180 2363 4247 τῆς
2392 4176 2673 4259 νιφοὸόλας
2699 4182 2770 4235 R.
2805 4180 2877 4231 V.
2907 4220 2968 4233 ..,.
3009 4178 3083 4235 36
3108 4181 3198 4234 τοῦ
3224 4198 3338 4235 om,
3367 4180 3435 4234 v,

356 4268 508 4345 895,
554 4287 587 4324 2
637 4266 686 4346 β’
733 4264 889 4332 ποδὸς
927 4270 1227 4326 Kusterus.
1250 4265 1304 4327 α’
1328 4266 1483 4333 ποδὸς
1505 4270 1636 4327 Ald.
1667 4304 1747 4314 --
1779 4272 1810 4327 3
1904 4262 2030 4321 ΑΙά.
2056 4309 2118 4320 ..
2142 4265 2212 4335 37
2245 4263 2574 4344 δοκῇ-ἔχειν
2597 4285 2710 4322 om.
2745 4263 2899 4336 Ald.‚
2929 4284 3057 4341 quae
3089 4278 3221 4343 post
3248 4263 3434 4332 λέξεων

269 4354 366 4417 καὶ
398 4355 448 4435 β’
475 4355 699 4414 addidit
731 4361 1032 4413 Kusterus.

1903 4351 2064 4410 addit
2102 4354 2414 4418 ἀπατῶντας
2446 4351 2610 4429 μηδὲν
2649 4349 2703 4410 δὲ
2739 4349 2986 4429 λέγοντας
3022 4349 3282 4429 διαὸάλλῃ
3318 4348 3438 4416 τοὺς

359 4446 498 4522 899,
530 4465 550 4502 1
570 4465 592 4501 1
623 4444 787 4503 ἑνικὸν
817 4446 1122 4504 Bentleius.
1156 4448 1340 4507 ἑαυτοῦ
1371 4445 1522 4520 Ald„
1547 4459 1604 4505 et
1625 4451 1720 4520 R„
1747 4458 1816 4504 ut
1902 4439 2138 4511 ποιητάς·
2165 4444 2308 4512 Quae
2332 4462 2401 4498 ex
2434 4440 2656 4498 scholio
2677 4461 2731 4498 v·
2753 4439 2869 4515 950
2891 4453 3120 4516 sumpta
3140 4452 3294 4497 sunt-

270 4533 532 4592 videtur.

360 4642 495 4699 902,
533 4621 601 4678 13
632 4620 737 4679 ἀπὸ
760 4620 1043 4705 παροιμίας
1070 4610 1157 4680 οὗν
1177 4625 1248 4680 V.
1271 4620 1395 4678 Ald.

362 4718 503 4786 904,
534 4709 609 4766 25
642 4707 870 4789 Εὔχεται
894 4715 961 4768 R.
991 4710 1118 4769 Ald.
1149 4732 1226 4774 τις
1255 4730 1367 4767 om.
1400 4714 1471 4769 V.

365 4818 506 4875 911,
532 4818 601 4869 27
635 4797 739 4856 Διὰ
767 4803 920 4858 τοῦτο
942 4804 1012 4855 V.
1041 4802 1069 4857 ὃ
1098 4799 1276 4863 δοῦλος
1310 4800 1377 4856 G.

365 4905 403 4960 9
416 4908 437 4942 1
449 4890 505 4959 3,
520 4906 610 4967 29.
631 4888 941 4945 Annotatio
966 4885 1194 4968 περισσὰ
1215 4887 1349 4952 τινὲς
1371 4890 1534 4945 ταῦτα
1549 4884 1622 4943 ad
1640 4884 1819 4944 verba

1985 4528 2121 4604 954,
2153 4538 2223 4597 41
2255 4527 2316 4587 τὸ
2341 4526 2396 4586 δὲ
2414 4526 2700 4609 περιχώρει
2730 4527 2858 4607 πρὸς
2890 4526 2977 4587 τὸν
3011 4530 3108 4610 ἱερ.
3135 4527 3290 4609 φησὶν
3323 4527 3437 4585 ἀντὶ

1901 4623 1992 4676 τοῦ
2008 4641 2067 4676 π.
2085 4616 2173 4676 καὶ
2193 4615 2405 4698 πέραινε
2432 4617 2565 4674 Ald.
2595 4614 2893 4698 περίρραινε
2922 4620 2991 4673 V.

1985 4707 2123 4783 959,
2154 4705 2219 4762 51
2261 4703 2605 4785 εὖφημιάσθω
2638 4709 2707 4761 V.

1987 4796 2119 4870 961,
2147 4793 2220 4862 54
2246 4792 2333 4850 ἐπὶ
2360 4799 2467 4857 τοῖς
2493 4797 2755 4871 χρησμοῖς
2788 4789 2994 4848 Suidas
3014 4811 3059 4851 S.
3081 4788 3331 4859 Φαῦλως.

1989 4886 2134 4962 962,
2172 4904 2203 4939 2
2238 4879 2544 4940 delendum
2578 4877 2770 4955 οὕτως,
2801 4899 2980 4957 quum
3012 4900 3128 4938 non
3174 4880 3441 4958 apposita

272 4991 426 5030 κατα
466 4970 553 5030 τὸν
577 4970 825 5055 Ὅμηρον
865 4976 1167 5035 reserenda
1204 4975 1459 5050 videtur,
1493 4995 1526 5033 a
1550 4974 1818 5044 metricis»,
1907 4973 2023 5029 sint
2042 4973 2164 5050 ipsa
2185 4969 2425 5029 Philetas
2453 4968 2645 5026 verba.
2674 4972 2852 5023 Dum.
2872 5003 2935 5015 —
2958 4969 2992 5024 6
3022 4970 3117 5039 τῆς
3144 4987 3258 5025 om.
3289 4972 3358 5026 R.
3377 5011 3441 5025 .-

276 5071 351 5116 ut
375 5059 627 5138 videtur,
655 5060 853 5139 ejecta.
885 5069 1061 5122 Dum.

1911 5081 1943 5135 7
1971 5061 2024 5119 ἐν
2054 5061 2130 5141 τῷ
2159 5059 2202 5117 θ’
2228 5058 2300 5120 V.
2331 5055 2555 5145 Deinde
2579 5053 2880 5133 legebatur
2905 5051 2974 5112 τά
2995 5077 3053 5113 τε
3085 5055 3218 5113 ἄλλα
3248 5051 3438 5114 πολλὰ.
