3859 5725
282 189 392 242 188

275 308 585 392 Εὐριπίδεια
617 302 913 382 ἀντιλογίας
949 299 1149 368 πολλὰς
1187 297 1299 378 ἔχει
1339 296 1430 357 καὶ
1470 295 1837 376 δικαζομένους

279 397 395 458 εἰσά
432 420 496 458 ει.

359 421 456 546 53γ5.
497 397 778 564 Ξρυγοίπου
804 498 819 539 :
846 479 1187 556 Διυλιστῆρος
1205 472 1241 546 ἢ
1270 472 1604 551 πλέγματος,
1635 471 1755 531 ἔνθα
1779 473 1840 530 ἐκ

278 580 370 634 τοῦ
396 575 559 645 ληνοῦ
587 567 828 629 εἰώθασιν
854 562 1127 633 ἐκπιέζειν.
1160 562 1252 621 καὶ
1284 559 1422 620 ἔστιν
1454 565 1489 631 ἡ
1519 561 1690 618 εὐθεῖα
1716 557 1837 640 τρύ-

230 675 257 718 5
281 685 459 743 γοιπος
487 653 977 740 προπαροξυτόνως,
1003 654 1105 732 οὐχ
1134 654 1163 709 6
1196 647 1507 731 τρυγοίπης,
1542 650 1613 713 ὡς
1649 644 1842 706 οἴονταί

282 774 361 810 τιν
417 793 433 809 .
464 758 527 805 V.
659 755 662 758 ’

364 772 688 918 (προόατίων
709 826 1099 911 βληχωμένωνε
1122 825 1298 887 Πάλιν
1319 823 1408 883 ἐπὶ
1426 821 1492 882 τὰ
1512 826 1606 894 τῆς
1627 819 1843 900 θεωρίας

286 922 644 1002 ἐπανέδραμεν
663 916 919 998 ἐγκώμια.
941 917 1017 975 δεῖ
1038 907 1126 972 οῦν
1147 911 1253 971 ἀπὸ
1271 917 1445 971 κοινοῦ
1463 918 1597 968 νοεῖν
1615 908 1696 967 ὅτι
1712 906 1846 986 μετὰ

286 1015 389 1070 τῶν
420 1009 593 1068 ἄλλων
620 1009 838 1087 προεῖπε
863 1003 956 1063 καὶ
981 1007 1072 1062 τοῦ
1096 1000 1327 1076 ὄδωδεν.)

212 1109 263 1149 10
367 1119 463 1158 535.
508 1095 722 1174 (κόλπου
757 1090 997 1171 γυναικὸς
1029 1110 1044 1150 :
1076 1088 1232 1148 Ἐπεὶ
1264 1086 1388 1147 ὅταν
1412 1083 1545 1144 πολὺ
1574 1091 1723 1150 σταῖς
1757 1105 1846 1141 κο·

291 1185 526 1264 μίζωσιν,
550 1180 720 1259 ὀλίγον
743 1202 795 1238 τι
820 1175 1165 1238 κολπώσασαι
1188 1180 1277 1234 τοῦ
1305 1177 1522 1254 χιτῶνος
1546 1175 1605 1231 ἐκ
1627 1166 1850 1251 περιζώ-

292 1296 453 1351 ματος
472 1273 582 1328 ἐκεῖ
600 1265 900 1326 ἐντιθέασιν.
959 1261 1174 1329 Ἄλλως.
1200 1257 1452 1325 πολλάκις
1473 1256 1576 1339 γὰρ
1597 1260 1648 1316 ἐν
1670 1255 1847 1337 εἰρήνῃ

293 1359 394 1418 ὑπὸ
422 1358 645 1422 κόλπους
669 1350 883 1435 φέρουσί
918 1374 996 1423 τι,
1032 1349 1124 1408 καὶ
1159 1348 1318 1407 πάλιν
1350 1345 1557 1428 εἰρήνης
1592 1344 1750 1415 οὔσης
1790 1346 1846 1401 αἰ

293 1452 534 1524 γυναῖκες
560 1443 724 1507 ἀδεῶς
744 1441 814 1506 εἰς
839 1437 958 1505 τοὺς
980 1434 1166 1517 ἀγροὺς
1193 1433 1491 1514 ἐξέρχονται
1518 1431 1611 1491 κα),
1638 1431 1852 1489 ἀνθολο-

221 1547 270 1587 15
293 1537 490 1610 γοῦσιν.
514 1526 770 1610 γράφεται
797 1526 868 1593 εἰς
899 1521 1065 1583 ἰπνόν·
1095 1521 1240 1589 ἰπνὸς
1267 1520 1349 1594 δὲ,
1377 1520 1406 1580 δ
1432 1525 1585 1598 ἡμεῖς
1611 1517 1851 1595 καμίνιον

294 1619 456 1678 καλοῦ
502 1639 575 1676 εν.

375 1641 500 1765 5³7?-
521 1618 705 1774 δούλης
733 1695 1020 1779 μεθυούσης
1051 1718 1066 1758 :
1093 1694 1392 1778 Ὑπερὸολὴ
1419 1692 1639 1774 εὐωχίας
1661 1692 1740 1752 ὅτι
1763 1689 1854 1750 καί

297 1795 346 1853 οἱ
375 1792 547 1851 δοῦλοι
571 1787 846 1868 μεθύουσιν
872 1786 950 1866 (ἐν
980 1784 1201 1865 εἰρήνῃ).

378 1873 836 1956 ἀνατετραμμένου
850 1869 985 1954 χοώς
1009 1892 1024 1932 2
1051 1868 1479 1952 ἀνακαμφθέντος
1497 1867 1532 1939 ἢ
1551 1864 1857 1931 κενωθέντος

218 1979 273 2019 2⁰
300 1969 372 2033 εἰς
396 1970 516 2045 γ’ῆν,
544 1967 613 2030 ὥς
644 1965 693 2021 οἱ
725 1963 780 2020 ἐν
817 1962 923 2027 τοῖς
953 1957 1130 2025 πότοις
1167 1956 1519 2039 σφαλλόμενοι
1558 1953 1661 2013 ὑπὸ
1698 1951 1857 2031 μέθης

300 2056 354 2112 ἐν
381 2056 459 2133 τῷ
486 2050 758 2131 ὑπηρετεῖν
787 2046 823 2118 ἢ
851 2045 1056 2115 παίζειν
1085 2044 1153 2103 τὰ
1179 2050 1397 2103 τοιαῦτα
1433 2041 1645 2101 εἰώθασι
1672 2047 1857 2098 ποιεῖν.

379 2160 476 2200 535.
523 2136 718 2215 (ἄλλων
750 2136 959 2193 πολλῶν
1000 2153 1015 2193 :
1056 2131 1209 2192 Μετὰ
1234 2131 1295 2190 τὸ
1330 2129 1467 2190 κατὰ
1504 2128 1656 2210 μέρος
1686 2126 1858 2186 πάντα

302 2226 464 2284 εἰπεῖν
491 2221 727 2302 ἐπήγαγε
754 2220 845 2280 καὶ
871 2219 932 2279 τὸ
958 2218 1180 2298 γενικὸν,
1208 2216 1295 2277 ἵνα
1324 2218 1416 2278 καὶ
1449 2216 1621 2275 ἄλλων
1650 2216 1859 2274 πολλῶν

303 2312 456 2382 δόξαν
483 2310 868 2391 παράσχηται.)
1042 2329 1049 2335 ·

223 2419 278 2458 25
382 2420 480 2460 539.
524 2394 890 2477 ἁπλουστέρως
921 2392 1187 2453 ἐκδεκτέον
1224 2397 1391 2452 τοῦτο·
1425 2389 1538 2451 ἔστι
1569 2390 1670 2472 γὰρ
1697 2392 1751 2449 ἐν
1774 2390 1863 2448 οὖ-

309 2491 448 2569 pontif>
476 2484 544 2546 τὰ
570 2484 883 2566 πράγματα.
916 2493 976 2540 V.

383 2595 481 2635 541.
525 2569 956 2654 (ὑπωπιασμέναι
984 2590 999 2631 :
1038 2570 1287 2650 Σφοδρῶς
1322 2568 1607 2645 πληγεῖσαι
1641 2564 1743 2624 ὑπὸ
1770 2568 1862 2623 τοῦ

304 2661 540 2740 πολέμου
571 2659 692 2742 περὶ
716 2657 785 2717 τὰ
812 2657 1058 2730 ὑπώπια,
1095 2656 1130 2714 ἅ
1163 2660 1303 2716 ἐστιν
1337 2654 1438 2714 ὑπὸ
1467 2658 1572 2713 τῶν
1602 2653 1771 2735 ὄψεων
1799 2652 1868 2712 τὰ

306 2749 593 2829 ὀγκώματα
624 2747 716 2807 καὶ
751 2745 1086 2828 κρούσματα,
1116 2744 1251 2826 ἅπερ
1283 2741 1537 2825 κορδύλας
1566 2741 1762 2824 φασίν.)
1792 2782 1865 2795 ...-

227 2858 282 2901 20
308 2838 393 2900 διὰ
420 2835 509 2898 τοὺ
538 2833 888 2904 ἁπαξάπασαι
909 2831 1069 2892 πάλιν
1094 2830 1213 2900 τοὺς
1240 2829 1539 2904 Ἀθηναίους
1563 2829 1866 2911 θεραπεύει,

307 2928 393 2987 ἵνα
419 2926 494 3006 μὴ
524 2917 666 2986 οὗτοι
690 2923 844 3002 μόνον
870 2921 1006 2981 ἀλλὰ
1028 2920 1120 2982 καὶ
1149 2920 1339 2988 πάντες
1369 2918 1677 2980 ἐπταικέναι
1705 2918 1866 2988 δόξω-

309 3040 413 3094 σιν,
454 3015 625 3082 ἄλλως
657 3037 714 3072 τε
751 3011 841 3072 καὶ
883 3009 1097 3084 αὔξησις
1136 3016 1226 3070 τοῦ
1268 3015 1462 3082 κακοῦ,
1508 3013 1553 3069 εἰ
1595 3008 1671 3088 μὴ
1718 3007 1872 3091 μέρος

310 3101 508 3182 ἔὸλαψε
542 3104 646 3160 τῶν
684 3099 956 3171 Ἑλλήνων
994 3102 1023 3158 6
1056 3097 1309 3177 πόλεμος,
1348 3098 1465 3157 ἀλλ’
1501 3097 1680 3165 ἁπλῶς
1708 3099 1871 3157 εἰπεῖν

312 3189 521 3256 ἇπάσας
542 3187 634 3256 τὰς
655 3187 848 3255 πόλεις.
872 3200 936 3247 V.

234 3305 290 3346 25
395 3296 491 3336 542.
534 3275 625 3334 καὶ
647 3273 856 3341 κυάθοις
881 3296 895 3334 :
928 3273 1055 3341 Τοῖς
1080 3271 1286 3340 κυάθοις
1311 3275 1610 3353 προσθλῶσι
1636 3270 1703 3330 τὰ
1730 3269 1871 3330 ὑπώ-

312 3386 428 3422 πια.
447 3361 563 3421 ἐπεὶ
582 3365 637 3421 ἐν
654 3360 928 3442 ὀξυὸάφοις
947 3360 1164 3440 χαλκοῖς
1179 3358 1250 3418 τὰ
1268 3358 1484 3419 ὑπώπια
1509 3357 1873 3437 ἀνατρίὸοντες

312 3449 348 3522 ἢ
370 3447 618 3515 τοιούτοις
638 3447 774 3506 τισὶν
798 3451 971 3523 ἀφανῆ
997 3452 1222 3506 ποιοῦσι.
1256 3480 1329 3490 -
1355 3445 1446 3504 καὶ
1478 3443 1873 3524 Ἀπολλοφάνης

315 3540 369 3596 ἐν
389 3534 691 3617 Ἰφιγέροντι
719 3561 742 3586 α
770 3533 961 3593 κύαθον
982 3532 1202 3609 λάθοιμι
1229 3541 1335 3600 τοῖς
1362 3531 1634 3598 ὑπωπίοις.
1666 3558 1688 3581 ³»
1718 3543 1778 3590 R.
1809 3543 1871 3590 V.

319 3621 552 3701 (Ἄλλως.
572 3620 809 3701 ὀξύὸαφα
829 3624 1009 3701 χαλκᾶ
1027 3621 1363 3703 πυρώσαντες
1383 3620 1475 3680 καὶ
1497 3616 1753 3687 ἐπιθέντες
1774 3623 1877 3679 ἐθε·

237 3735 294 3776 ω
322 3710 542 3791 ράπευον
561 3708 676 3776 τοὺς
693 3710 756 3768 ἐκ
772 3711 879 3767 τῶν
900 3710 1116 3786 πληγῶν
1142 3706 1454 3784 μώλωπας.)

405 3798 541 3875 (544).
582 3795 668 3854 ἵνα
683 3800 848 3877 γνῷςε
874 3792 995 3854 Ἵνα
1022 3796 1263 3875 [διαγνῷς
1287 3793 1399 3872 καὶ]
1425 3791 1689 3872 διακρίνῃς
1707 3795 1765 3851 ἐκ
1783 3797 1874 3851 τοῦ

318 3884 530 3965 ἱλαροὺς
566 3874 698 3942 εἶναι
729 3883 821 3942 καὶ
861 3884 1134 3965 κατηφεῖς,
1168 3881 1322 3940 ποίαν
1361 3904 1438 3948 τις
1474 3881 1647 3939 αὑτῶν
1687 3879 1876 3959 τέχνην

318 3971 754 4054 μεταχειρίζεται.
798 3974 846 4029 οἱ
894 3969 989 4047 μὲν
1028 3968 1130 4051 γὰρ
1173 3968 1241 4026 τὰ
1298 3965 1560 4044 πολεμικὰ
1601 3969 1877 4034 ἀσκοῦντες

321 4062 599 4143 ἀχθόμενοι
611 4059 716 4126 τοῖς
741 4062 1015 4139 παροῦσιν,
1031 4054 1120 4114 καὶ
1134 4055 1214 4127 ὅτι
1238 4055 1387 4135 ἀργοὶ
1407 4054 1640 4132 ἔσονται,
1669 4054 1879 4135 στυγνοί

247 4168 300 4210 45
323 4154 449 4210 εἰσιν
469 4145 505 4219 ἢ
530 4146 776 4228 κατηφεῖς
790 4190 808 4220 ,
830 4147 878 4203 οἱ
897 4143 953 4203 δὲ
971 4141 1040 4202 τὰ
1062 4141 1296 4226 εἰρηνικὰ
1317 4143 1512 4225 ἱλαροί.

405 4254 503 4295 545.
543 4233 763 4293 τίλλονθ’
786 4231 966 4291 ἑαυτὸν
992 4253 1007 4291 :
1032 4231 1244 4291 Τίλλειν
1266 4230 1449 4290 ἑαυτὸν
1468 4229 1674 4308 λέγεται
1695 4230 1756 4289 τὸ
1773 4231 1877 4289 τῶν

326 4326 511 4382 ἑαυτοῦ
533 4324 726 4403 τριχῶν
751 4317 1203 4397 ἐπιλαμὸάνεσθαι
1225 4317 1316 4378 καὶ
1340 4317 1653 4400 σπαράττειν
1672 4316 1765 4385 τὰς
1787 4318 1876 4377 κό-

327 4433 447 4488 μας.
474 4406 892 4489 προσφορώτατα
923 4396 1013 4465 οῦν
1041 4408 1126 4466 τὸν
1152 4404 1429 4487 λοφοποιὸν
1457 4410 1521 4484 τῇ
1554 4407 1758 4486 κεφαλῇ
1787 4405 1879 4464 καὶ

325 4505 439 4564 ταῖς
467 4493 626 4576 θριξὶν
650 4495 806 4553 αὐτοῦ
832 4493 1046 4566 ἐποίησε
1069 4491 1399 4572 λωὸώμενον,
1421 4491 1533 4552 ἐπεὶ
1560 4492 1652 4552 καὶ
1675 4496 1704 4552 6
1725 4492 1881 4575 λόφος

250 4599 305 4640 5ο
329 4586 422 4655 τῆς
442 4584 673 4665 κεφαλῆς
694 4581 807 4641 ἐστὶ
832 4581 1231 4663 σκεπαστήριον.

408 4689 506 4730 549.
547 4667 855 4748 ἐσκιμάλισε
900 4689 917 4730 2
954 4672 1050 4750 Τῷ
1090 4668 1234 4750 μέσῳ
1274 4666 1518 4748 δακτύλῳ
1552 4668 1881 4750 συναρμόσας

328 4756 417 4816 τὸν
448 4755 613 4836 μέγαν
641 4757 730 4816 καὶ
755 4756 957 4829 πλήξας
982 4756 1259 4839 ἐφυὸρίζει.
1384 4754 1619 4831 (Ἄλλως.
1651 4755 1765 4815 ἀντὶ
1788 4763 1881 4817 τοῦ

331 4842 766 4904 κατεδακτύλισε·
812 4845 1122 4923 σκιμαλίσαι
1167 4842 1266 4925 γάρ
1311 4844 1424 4903 ἔστι
1458 4843 1650 4924 κυρίως
1692 4843 1753 4903 τὸ
1793 4844 1879 4904 τὸν

333 4930 583 4991 δάκτυλον
608 4933 680 4999 εἰς
713 4931 800 4991 τὸν
819 4930 1058 5014 πρωκτὸν
1086 4937 1175 4990 τοῦ
1203 4929 1376 5013 ὀρνέου
1407 4933 1605 5010 βαλεῖν.
1631 4933 1690 4992 οὗ
1724 4931 1879 5011 μόνον

1437 167 1813 230 SCHOLIA
1860 168 1952 228 IN
2001 169 2318 229 PACEM.

1920 296 1977 356 δὲ
2009 304 2192 371 τοῦτο,
2229 297 2367 357 ἀλλὰ
2407 298 2498 358 καὶ
2536 298 2662 358 ὅταν
2705 300 3005 380 βουλόμενοι
3045 302 3322 386 ἐφυὸρίσαι
3360 306 3478 366 τινὰ

1920 384 2010 443 τὸν
2031 385 2189 462 μέσον
2217 385 2470 446 δάκτυλον
2499 385 2802 456 ἐντείνοντες
2825 389 2917 448 καὶ
2942 389 3061 457 τοὺς
3085 390 3294 461 λοιποὺς
3321 394 3480 454 συνά-

1922 495 2098 552 γοντες
2123 472 2353 541 δείξωσιν
2383 476 2571 555 αὐτῷ.)

2004 579 2104 622 553.
2154 563 2244 638 (ὥς
2275 560 2481 641 τάχιστ’
2510 561 2633 621 ἄνευ
2668 562 2904 645 δορατίου
2934 584 2948 624 :
2980 567 3141 643 Παρὰ
3167 564 3234 625 τὰ
3260 573 3352 625 τοῦ
3378 591 3483 627 πο-

1923 646 2088 724 λέμου
2111 646 2270 707 κακά.
2301 645 2484 728 πρώην
2519 648 2622 729 γὰρ
2657 650 2820 716 οὐδεὶς
2843 648 2967 729 δίχα
2997 650 3211 734 σιδήρου
3249 653 3385 733 ἐξῄει
3414 657 3486 722 εἰς
3515 684 3542 722 5

1925 733 2013 792 τὸν
2042 735 2198 816 ἀγρὸν
2227 735 2554 817 ὑφορώμενος
2579 736 2696 804 τοὺς
2728 737 3032 814 πολεμίους·
3065 745 3153 798 νῦν
3185 739 3240 798 δὲ
3278 741 3485 820 εἰρήνης

1927 819 2087 894 οὔσης
2115 821 2537 903 παρακελεύεται
2562 821 2637 900 μὴ
2667 823 2933 903 βαστάσαι
2955 824 3204 906 σίδηρον.)

2001 927 2125 967 554..
2148 918 2353 989 σαπρᾶς
2389 929 2403 970 :
2445 912 2689 977 Παλαιᾶς
2723 910 2814 970 καὶ
2853 911 3097 993 ἀρχαίας.
3146 911 3350 994 (κυρίως
3390 912 3486 993 μὲν

1932 994 2131 1076 σαπρὸν
2154 998 2202 1055 οἱ
2236 996 2456 1056 παλαιοὶ
2484 996 2660 1075 ἔλεγον
2695 998 2756 1058 τὸ
2784 999 3012 1070 σεσηπὸς
3045 998 3132 1058 διὰ
3157 999 3245 1059 τὸν
3279 1001 3486 1081 χρόνον.

1929 1085 2164 1162 χρῶνται
2191 1082 2248 1143 δὲ
2273 1087 2413 1165 αὐτῷ
2436 1083 2527 1143 καὶ
2554 1084 2669 1143 ἀντὶ
2695 1091 2786 1144 τοῦ
2811 1085 3033 1167 ἀρχαίου
3060 1085 3151 1145 καὶ
3177 1090 3447 1167 παλαιοῦ.)
3521 1116 3571 1154 ιο

2012 1189 2109 1230 555.
2151 1171 2440 1239 παιωνίσας
2481 1193 2496 1231 t
2543 1171 2843 1251 Εὐξάμενος
2878 1172 2969 1232 καὶ
3007 1174 3114 1238 τοῖς
3157 1179 3289 1242 θεοῖς
3332 1175 3490 1257 χάριν

1934 1255 2281 1335 ὁμολογήσας.
2304 1256 2476 1317 παιὼν
2494 1257 2597 1340 γάρ
2620 1261 2758 1318 ἐστιν
2780 1259 2936 1337 ὕμνος
2959 1259 3370 1340 εὗχαριστῆριος.

2016 1364 2113 1404 555.
2163 1334 2224 1421 (ὦ
2243 1344 2454 1417 ποθεινὴ
2481 1365 2497 1405 z
2525 1348 2597 1405 Οἱ
2623 1347 2842 1427 γεωργοὶ
2863 1348 3031 1406 ταῦτά
3055 1370 3181 1429 φασι
3202 1347 3494 1417 πεισθέντες

1936 1431 2013 1509 τῷ
2033 1428 2369 1510 κηρύγματι.)

2016 1537 2113 1576 555.
2157 1516 2218 1582 ἃς
2241 1515 2343 1594 ἐγὼ
2365 1516 2596 1599 ’φύτευον
2620 1518 2867 1598 νεώτερος
2889 1538 2904 1579 :
2929 1516 3368 1600 Περισπούδαστα
3388 1518 3491 1601 γὰρ
3526 1549 3574 1589 1⁶

1937 1611 2040 1669 πᾶς
2075 1607 2281 1681 ἡγεῖται
2309 1602 2445 1686 ἅπερ
2480 1605 2543 1664 ἂν
2573 1606 2725 1673 αὐτὸς
2752 1606 3058 1687 ἐργάσηται.
3089 1604 3176 1667 διὰ
3211 1608 3396 1667 τούτου
3440 1609 3496 1668 δὲ

1940 1689 2029 1748 τὸν
2066 1689 2229 1749 πολὺν
2254 1695 2345 1750 τοῦ
2372 1695 2605 1770 πολέμου
2628 1692 2812 1773 χρόνον
2842 1695 3018 1767 δηλοῖ,
3047 1694 3126 1755 ὅτι
3157 1697 3402 1778 νεώτερος
3424 1695 3496 1755 ὧν

1941 1775 2187 1858 ἐφύτευσε
2215 1777 2309 1845 τὰς
2331 1789 2523 1857 συκᾶς,
2550 1780 2610 1848 ἃς
2632 1783 2724 1840 οὐκ
2753 1772 2855 1839 εἶδε
2881 1780 3137 1861 γηράσας.
3163 1786 3256 1844 καὶ
3281 1787 3390 1844 οὖιί
3403 1787 3499 1866 ἀρ-

1942 1865 2139 1932 κεσθεὶς
2164 1864 2333 1947 τούτῳ
2359 1868 2594 1945 ἐπήγαγε
2613 1870 2889 1950 πολλοστῷ
2911 1869 3102 1952 χρόνῳ.

2022 1973 2121 2013 551.
2163 1952 2255 2020 τὰς
2274 1953 2518 2035 γοργόνας
2539 1975 2552 2015 2
2577 1957 2716 2033 (Πᾶν
2737 1962 2917 2024 σκεῦος
2934 1958 3157 2037 ἁρμόζον
3173 1961 3226 2019 ἐν
3240 1959 3501 2046 πολέμῳ.)
3527 1996 3581 2036 20

1945 2074 2023 2083 —
2039 2045 2207 2098 ταῦτα
2225 2041 2385 2100 πάλιν
2404 2045 2473 2110 εἰς
2499 2043 2578 2101 τὸν
2597 2042 2857 2124 Λάμαχον
2878 2044 3175 2107 αἰνίττεται.
3200 2058 3261 2107 R.
3287 2061 3350 2108 V.

2026 2148 2122 2188 552.
2164 2120 2256 2187 εἶθ’
2295 2130 2439 2198 ὅπως
2472 2132 2840 2210 λιταργιοῦμεν
2874 2154 2888 2194 :
2927 2123 3078 2210 (Εἶτα
3101 2135 3242 2213 μετὰ
3266 2136 3328 2195 τὸ
3355 2134 3506 2204 εὔξα-

1948 2225 2067 2279 σθαι
2085 2226 2150 2301 τῇ
2175 2225 2321 2305 θεῷ.)
2347 2225 2462 2283 ἀντὶ
2482 2231 2576 2284 τοῦ
2600 2224 2853 2296 συντόνως
2874 2226 3232 2309 δραμούμεθα.
3255 2227 3422 2312 (παρὰ
3443 2228 3505 2288 τὸ

1945 2305 2063 2367 λίαν
2083 2310 2277 2390 ἀργόν.)

2027 2417 2123 2456 553.
2169 2398 2522 2476 ἀγοράσαντες
2538 2400 2798 2480 χρήσιμόν
2820 2424 2891 2462 τι.
2916 2413 2976 2462 R.
3532 2426 3586 2467 25

2029 2503 2128 2544 554.
2171 2474 2216 2544 ὦ
2247 2484 2500 2546 Πόσειδον
2531 2507 2545 2548 :
2586 2486 2654 2546 ‘0
2683 2487 2887 2568 Ἑρμῆς
2918 2492 3052 2568 ὁρῶν
3085 2488 3205 2557 τοὺς
3241 2488 3509 2571 ἀγροίκους

1951 2572 2023 2637 εἰς
2043 2571 2199 2653 ἀγρὸν
2224 2572 2450 2642 ἐξιόντας
2468 2573 2597 2656 φησὶ
2618 2574 2678 2634 τὸ
2695 2565 2740 2636 ὦ
2758 2574 3032 2637 Πόσειδον.

1954 2744 1984 2802 δ
2030 2679 2127 2822 5ρ5.
2172 2661 2281 2738 (καὶ
2303 2660 2491 2743 γοργὸν
2516 2681 2531 2723 :
2558 2661 2715 2723 Ἐπεὶ
2747 2663 2833 2722 διὰ
2861 2662 3051 2744 χρόνου
3082 2663 3295 2734 ἐξιόντες
3322 2663 3508 2724 ἔσπευ-

1985 2766 2058 2803 ον.

2035 2838 2176 2911 μᾶζα
2215 2834 2307 2896 καί
2344 2834 2632 2897 πανδαισία
2677 2857 2691 2899 :
2735 2837 3041 2900 Πανδαισία
3081 2844 3116 2911 ἡ
3160 2835 3381 2920 δαψιλὴς
3419 2837 3510 2898 καὶ
3538 2872 3590 2912 ³0

1953 2921 2176 2982 παντοία
2196 2923 2408 3004 εὐωχία.
2432 2929 2573 3003 μᾶζα
2594 2925 2652 2985 δέ
2669 2928 2809 2985 ἐστιν
2827 2930 2855 2984 6
2875 2927 3123 3009 στρυφνὸς
3141 2926 3308 3009 ἄρτος.
3386 2925 3512 2986 Ἀλ-

1955 3010 2073 3076 λως.
2099 3009 2224 3070 ὅταν
2251 3009 2354 3093 γὰρ
2391 3014 2463 3080 εἰς
2490 3012 2659 3073 κοινὸν
2692 3016 2997 3087 ἑστιῶνται,
3030 3013 3249 3074 ἑκάστου
3277 3012 3515 3096 φέροντος

1956 3099 2124 3178 ἐαυτῷ
2144 3099 2366 3172 δεῖπνον,
2383 3098 2555 3159 πυκνὰ
2576 3100 2786 3179 (πάντα)
2806 3100 3062 3183 φαίνεται,
3081 3105 3156 3180 πῇ
3169 3099 3262 3179 μὲν
3276 3100 3344 3159 τὰ
3357 3121 3516 3182 προσ-

1957 3182 2120 3265 φάγια
2160 3185 2435 3268 φερόντων,
2459 3192 2536 3268 πῇ
2568 3186 2622 3262 δὲ
2658 3192 2828 3248 αὐτῶν
2869 3188 3214 3267 ἑστιωμένων.
3271 3180 3512 3254 νἌλλως.

1958 3271 2088 3352 φασὶ
2108 3272 2210 3354 γὰρ
2234 3283 2339 3331 πᾶν
2364 3276 2588 3347 δεῖπνον,
2617 3278 2671 3334 ἐν
2699 3268 2743 3357 ᾧ
2770 3275 2990 3343 ἕκαστος
3018 3279 3161 3356 αὑτῷ
3188 3274 3412 3351 κομίζων
3442 3276 3515 3341 εἰς
3541 3312 3592 3352 35

1956 3358 2127 3418 κοινὸν
2162 3360 2498 3419 κατατίθεται
2530 3361 2621 3419 καὶ
2647 3363 2840 3430 πάντες
2865 3361 3076 3420 πάντων
3106 3359 3407 3438 μετέχουσι.
3435 3358 3515 3436 (τὸ

1960 3444 2015 3504 δὲ
2038 3449 2212 3527 στῖφος
2240 3448 2411 3505 αὐτῶν
2438 3447 2632 3516 εἰκάζει
2660 3448 2895 3528 ἀλφίτοις
2917 3447 3009 3505 καὶ
3038 3447 3178 3525 μάζῃ
3210 3444 3298 3504 διὰ
3324 3444 3386 3504 τὸ
3413 3468 3515 3503 πυ-

1959 3531 2095 3590 κνόν.
2118 3542 2208 3590 και
2229 3532 2407 3603 ἐπειδὴ
2426 3539 2771 3604 πυκνοῦνται,
2796 3532 2925 3593 ὅπου
2946 3532 3128 3611 μὲνχτὰ
3148 3532 3362 3613 ἄλφιτα,
3386 3530 3515 3592 ὅπου

1960 3617 2014 3675 δὲ
2044 3619 2091 3676 οἱ
2110 3617 2441 3696 νἑστιώμενοι.
2479 3618 2796 3678 πανδαισίαν
2835 3617 3012 3691 δὲτὴν
3047 3619 3290 3690 ποικίλην
3324 3619 3416 3680 καὶ
3453 3623 3514 3680 ἐκ

1962 3704 2219 3785 διαφόρων
2246 3706 2387 3787 ὄψων
2414 3706 2656 3786 εὐωχίαν,
2689 3708 2813 3766 ὅταν
2852 3706 3065 3775 ἕκαστος
3089 3705 3157 3766 τὰ
3193 3711 3382 3767 ἑαυτοῦ
3413 3708 3517 3789 ὄψα
3542 3744 3597 3783 40

1961 3790 2212 3870 ἀνενέγκῃ
2249 3792 2340 3851 καὶ
2377 3798 2603 3865 καθῆται
2645 3795 2716 3861 εἰς
2751 3793 2813 3852 τὸ
2849 3793 3035 3866 κοινὸν,
3064 3791 3100 3865 ἢ
3145 3793 3271 3853 ὅταν
3307 3797 3518 3855 πολλῶν

1962 3878 2314 3958 προκειμένων
2336 3880 2634 3957 ἐδεσμάτων
2654 3880 2796 3960 λάὸῃ
2819 3905 2896 3949 τις
2914 3879 2942 3941 ὃ
2964 3881 3116 3942 θέλει.
3146 3884 3195 3941 οἱ
3218 3880 3274 3941 δὲ
3296 3884 3519 3941 πανδαι-

1963 3965 2081 4025 σίαν
2097 3966 2328 4047 λάχανόν
2346 3992 2425 4042 τι,
2445 3968 2566 4047 ἔχον
2589 3970 2831 4028 παντοῖον
2856 3969 3071 4046 ἔδεσμα.
3092 3969 3155 4030 τὸ
3176 3968 3232 4030 δὲ
3254 3967 3390 4044 ὅλον,
3412 3993 3517 4030 πυ·-

1962 4054 2079 4113 κνὸν
2104 4045 2191 4113 οῧν
2213 4054 2389 4137 ὥσπερ
2411 4060 2550 4134 μᾶζα
2569 4055 2661 4116 καὶ
2678 4057 3004 4137 πανδαισία.)

2043 4163 2140 4203 555.
2183 4148 2217 4215 ἡ
2256 4143 2356 4225 γὰρ
2385 4150 2555 4225 σφῦρα
2594 4165 2611 4206 t
2653 4149 2860 4218 Νοῆσαι
2887 4148 2967 4206 δεῖ
2998 4147 3086 4206 τὸν
3125 4146 3281 4228 χορὸν
3318 4143 3515 4226 σφύρας
3545 4195 3596 4233 ,δ

1963 4228 2154 4310 ἔχοντα
2166 4277 2182 4305 ,
2203 4223 2287 4299 αἷς
2307 4233 2664 4311 βωλοκοποῦσι
2676 4278 2692 4307 ,
2712 4234 2802 4293 καὶ
2825 4233 3068 4317 θρίνακας
3085 4234 3176 4293 καὶ
3195 4230 3354 4305 σκεύη
3379 4232 3516 4291 ἄλλα

1964 4318 2254 4399 γεωργικὰ,
2280 4319 2347 4379 δι’
2369 4311 2441 4379 ὧν
2464 4319 2558 4388 τὰς
2581 4319 2775 4401 βώλους
2795 4326 2888 4393 τῆς
2904 4326 3000 4400 γ’ἥς
3023 4321 3238 4399 ἔμελλον
3261 4319 3516 4401 θραύσειν,

2044 4428 2139 4468 557.
2182 4406 2419 4489 θρίνακες
2455 4427 2469 4469 :
2509 4408 2597 4468 Τὰ
2630 4408 2798 4482 πτύα,
2843 4411 3129 4491 (ἐργαλεῖον
3166 4401 3210 4490 ᾧ
3246 4405 3519 4488 ἀποχωρί-

1967 4497 2110 4563 ζουσι
2135 4499 2239 4554 τῶν
2268 4495 2586 4576 σπερμάτων
2612 4496 2679 4555 τὰ
2706 4496 2920 4576 ἄχυρα.)
2942 4495 3218 4578 [παρέοικε
3242 4495 3295 4553 δὲ
3323 4496 3377 4553 ἐν
3406 4494 3520 4559 ταῖς

1969 4581 2136 4641 ἅλωσι
2176 4582 2304 4664 πρὸς
2329 4582 2417 4642 τὸν
2449 4582 2654 4661 ἄνεμον.
2693 4583 2967 4665 ἐπαίρουσι
2996 4582 3052 4642 δὲ
3084 4582 3152 4641 τὰ
3180 4581 3351 4662 ἄχυρα
3387 4580 3517 4658 ὑπὲρ
3545 4626 3597 4665 ⁶0

1966 4673 2056 4728 τοῦ
2074 4671 2374 4740 ἀποπτῆναι
2393 4670 2486 4729 καὶ
2503 4674 2879 4750 καθαρισθῆναι
2890 4669 2981 4728 τὸν
2999 4668 3159 4750 πυρὸν
3177 4666 3212 4740 ἢ
3231 4666 3324 4736 τὰς
3340 4663 3519 4749 κριθὰς

1966 4754 2001 4828 ἢ
2026 4756 2156 4816 ἄλλο
2175 4782 2227 4816 τι
2248 4761 2354 4817 τῶν
2381 4756 2623 4818 τοιούτων
2645 4755 3033 4837 γεννημάτων]

2047 4866 2145 4907 558.
2189 4845 2462 4926 μετόρχιον
2488 4866 2502 4906 :
2527 4845 2608 4907 Τὸ
2636 4844 2828 4923 μεταξὺ
2847 4850 2951 4905 τῶν
2972 4844 3160 4926 ὄρχων.
3179 4843 3325 4926 όρχοι
3342 4841 3397 4903 δὲ
3420 4865 3518 4901 κα-

1966 4934 2180 4994 λοῦνται
2200 4932 2268 4993 τὰ
2297 4933 2437 5011 μέσα
2462 4936 2564 4993 τῶν
2588 4934 2777 4993 ἐλαιῶν
2803 4934 2893 4993 καὶ
2917 4937 3020 4994 τῶν
3046 4932 3313 5011 ἀμπέλων.
3393 4929 3520 4992 Ἄλ-
