3859 5725
1686 280 1940 340 PLu'n.

3281 293 3390 344 567

247 411 490 494 βλάψας)
516 411 708 472 παύσει
732 412 927 484 ταύτην
956 411 1049 486 τὴν
1082 412 1295 473 Πενίαν.
1325 412 1432 472 Hic
1459 412 1789 472 scholiastes
1878 429 1995 467 non
2025 417 2094 469 G.
2119 447 2178 460 —
2209 420 2237 481 4
2276 413 2451 488 μεῖζον
2474 409 2729 470 additum
2759 429 2828 470 ex
2861 417 2961 484 V„
2995 413 3093 490 qui
3143 413 3258 481 τοὺς
3303 417 3400 473 ἀν-

243 500 459 577 legisse
486 500 748 566 videtur,
770 502 956 559 οὐκοῦν
996 489 1129 557 εἶναί
1162 521 1333 580 φημι,
1363 500 1557 573 ταύτην
1599 499 1788 559 παύσει

247 585 563 667 βλάψας-,
590 601 746 645 certe
783 589 1044 645 voculam
1082 600 1214 665 post
1258 587 1397 670 φημὶ
1439 589 1691 658 omittit,
1721 601 1787 645 ut

247 673 439 751 liquet
475 695 546 734 ex
584 676 744 748 istis,
778 696 883 731 xm
911 672 978 732 τὰ
1018 674 1189 753 ἀγαθὰ
1222 687 1353 749 etc„
1389 676 1610 734 collatis
1655 696 1784 733 cum

242 761 370 819 fine
398 763 599 820 scholii
628 761 881 820 secundi.
906 762 1011 840 ‚Vel
1040 762 1233 838 potius
1253 804 1268 833 ‚
1296 760 1376 821 ὅτι
1397 807 1415 835 ,
1446 763 1536 822 ἐὰν
1563 760 1731 843 βλέψῃ
1758 765 1787 821 ὀ

244 849 527 922 Πλοῦτος,
555 846 730 907 οὐκέτι
757 847 1139 925 κακοδαιμονία
1162 847 1244 920 εἴη
1268 870 1283 909 :
1309 883 1383 898 —
1419 849 1481 909 τὸ
1514 850 1629 921 ἑξῆς
1650 873 1665 888 ·
1693 853 1789 907 οὐ-

243 939 703 1002 κοῦν-Πλοῦτος
730 933 941 1015 βλέψει,
980 934 1174 995 παύσει
1208 935 1406 1008 ταύτην
1426 983 1444 1015 ,
1484 936 1574 995 καὶ
1604 934 1673 995 τὰ
1696 939 1783 1015 ἀγ.

241 1030 335 1084 Ut
360 1025 455 1082 hic
479 1023 713 1101 legerit,
745 1024 924 1081 οὐκοῦν
958 1013 1093 1080 εἷναί
1125 1046 1294 1104 φημι,
1323 1024 1518 1085 παύσει
1550 1023 1746 1096 ταύτην
1768 1070 1785 1099 ,

248 1111 460 1191 βλέψει.
491 1112 667 1170 Aliud
687 1111 894 1188 incipit
924 1111 963 1169 Ι.
996 1113 1086 1183 13,
1106 1109 1326 1178 Ἄλλως.
1352 1115 1400 1170 οῖ
1419 1113 1783 1195 γράφοντες-.

243 1202 485 1273 Lectio,
531 1219 661 1276 quae
704 1199 1191 1276 reprehenditur,
1237 1203 1423 1261 οὐκοῦν
1465 1192 1600 1259 εἶναί
1648 1223 1789 1282 φημι

242 1287 443 1347 παύσει
479 1286 629 1346 ταῦτ’
656 1286 720 1359 ἢν
765 1286 933 1367 βλέψῃ
965 1331 983 1360 ,
1032 1289 1233 1347 eadem
1273 1304 1360 1348 est
1394 1310 1566 1367 quam
1613 1290 1786 1348 habet

243 1376 589 1434 scholiastes
633 1374 939 1434 secundus.
969 1380 1103 1452 Ipse
1148 1377 1328 1434 schol.
1377 1378 1556 1455 legit,
1588 1377 1720 1459 φημ’
1751 1376 1786 1448 ἣ

241 1461 444 1521 παύσει
474 1462 622 1521 ταῦτ’
646 1461 711 1534 ἢν
739 1461 908 1542 βλέψῃ
929 1507 946 1536 ,
976 1462 1147 1539 plane
1177 1476 1240 1520 ut
1267 1477 1479 1522 nostrae
1509 1464 1640 1523 edd.
1670 1470 1779 1523 Ce-

247 1562 443 1609 terum
471 1569 675 1608 omnes
702 1550 885 1608 οὐκοῦν
916 1563 976 1607 et
994 1547 1424 1620 ἥντιν’-Μείζω
1453 1551 1571 1610 scil.
1592 1552 1785 1630 expli-

243 1650 387 1695 cant
408 1651 477 1695 ut
503 1638 899 1696 Hemsterhus.
930 1649 988 1695 et
1015 1659 1093 1703 τις
1119 1637 1189 1695 de
1219 1657 1327 1696 suo
1351 1639 1645 1717 supplent,
1668 1658 1783 1696 non

247 1745 283 1782 e
317 1737 479 1782 textu
505 1725 716 1795 citant,
752 1723 896 1780 utin
921 1729 1053 1783 Pac.
1083 1724 1194 1798 567
1213 1769 1230 1798 ‚
1260 1724 1360 1783 ubi
1390 1725 1539 1784 vide.
1577 1728 1785 1786 Omni-

249 1812 366 1870 bus
392 1812 627 1870 tentatis
649 1810 826 1869 redeo
853 1810 923 1868 ad
951 1813 1196 1889 primam
1226 1814 1633 1890 suspicionem,
1656 1834 1788 1871 cor·

252 1900 562 1977 rigendum
610 1900 671 1956 in
706 1901 878 1957 tertio
919 1900 1224 1958 scholiaste
1242 1943 1261 1973 ,
1303 1898 1396 1959 ἰὼν
1443 1904 1472 1958 ὁ
1518 1903 1787 1976 Πλοῦτος,

255 1988 458 2069 βλέψας
485 1985 726 2068 [παύσει]
766 1985 968 2059 ταύτην
990 2031 1007 2065 ,
1051 2000 1118 2045 ut
1169 1989 1264 2046 ille
1293 1989 1534 2065 legerit,
1578 1991 1787 2050 Οὐκοῦν

253 2064 391 2133 εἶναί
433 2097 609 2157 φημι,
656 2072 848 2132 παύσει
888 2073 1085 2145 ταύτην
1132 2073 1343 2155 βλέψας.
1366 2108 1443 2123 -
1470 2082 1536 2135 In
1582 2078 1788 2136 scholii

253 2163 425 2220 initio
456 2182 530 2220 an
571 2162 875 2241 legendum
905 2165 934 2220 ὁ
981 2167 1095 2229 νοῦς
1121 2181 1230 2241 pro
1264 2161 1391 2222 δτιΡ
1436 2165 1524 2224 vel
1550 2209 1567 2238 ‚
1614 2169 1643 2224 ὁ
1673 2171 1790 2231 νοῦς

252 2250 377 2308 &21³
397 2283 478 2294 —-
504 2255 775 2309 Ceterum
804 2269 923 2308 non
958 2263 1105 2328 puto
1134 2253 1279 2310 alius
1303 2253 1637 2331 interpretis
1666 2274 1789 2312 esse

252 2337 317 2397 τὸ
338 2337 455 2409 ἑξῆς
482 2351 591 2396 etc.
616 2343 899 2397 Dominus
924 2339 1229 2398 Adversar.
1252 2341 1367 2398 vol.
1389 2361 1445 2414 α,
1473 2362 1531 2420 p.
1567 2350 1676 2409 140
1705 2362 1789 2420 sq.

252 2429 324 2484 In
349 2425 549 2484 codice
580 2424 888 2484 Harleiano
931 2425 1087 2499 5725
1112 2427 1394 2505 scriptum
1440 2431 1625 2488 οὐκοῦν
1659 2420 1794 2488 εἶναι

258 2513 395 2594 φημ’
422 2513 457 2586 ἢ
492 2512 750 2573 παύσοιτο
775 2512 923 2570 ταῦτ’
947 2510 1010 2571 ἂν
1059 2512 1496 2595 βλέψῃ-ἥντινα
1518 2525 1626 2584 τοῖς
1651 2509 1791 2586 ἀνῖίς

257 2600 352 2661 ἰὼν
382 2603 533 2682 ἀγάθ’
565 2602 626 2662 ἂν
672 2625 730 2680 μ.
764 2625 823 2660 π.
869 2622 1003 2660 cum
1046 2604 1271 2662 scholio
1301 2607 1448 2664 alius
1488 2626 1689 2668 manus
1711 2651 1728 2682 ‚
1753 2612 1788 2680 ἡ

257 2690 496 2760 σύνταξις
515 2689 680 2760 οὕτως
701 2713 716 2727 ·
741 2693 923 2749 οὐκοῦν
951 2688 1145 2751 παύσει
1166 2692 1336 2752 ταῦτά
1359 2717 1489 2754 ποτε
1512 2700 1540 2757 ὃ
1567 2699 1792 2763 πλοῦτος

257 2776 347 2838 ἐὰν
375 2778 665 2862 ἀναὸλέψῃ.
696 2777 882 2850 ἥντινα
900 2778 1017 2837 ὁδὸν
1045 2778 1551 2865 ἐλθὼν-πορίσειεν
1592 2783 1656 2844 ἂν
1683 2793 1791 2854 τοῖς

257 2869 545 2950 ἀνθρώποις
569 2868 731 2947 μείζω
758 2867 948 2945 ἀγαθά.
978 2868 1259 2949 προτάττει
1287 2869 1498 2947 (forsan
1530 2874 1791 2955 πρόταττε

260 2959 350 3016 vel
373 2958 731 3040 προτακτέον)
761 2957 822 3014 τὸ
867 2947 1004 3014 εἶναι
1032 2958 1200 3038 φημὶ,
1237 2959 1353 3018 ἀντὶ
1403 2968 1528 3032 τοῦ,
1571 2961 1788 3021 δυνατὸν

258 3052 412 3104 τοῦτο
430 3045 593 3123 λέγω.
619 3042 805 3103 πολλοὶ
828 3042 884 3101 δὲ
902 3046 1208 3122 ἀγνοοῦντες
1228 3044 1366 3105 οὕτω
1386 3050 1790 3125 συντάσσουσιν,

260 3130 613 3211 λαμὸάνοντες
637 3129 737 3209 γὰρ
754 3128 853 3198 ἔξω
880 3131 1010 3208 (leg.
1046 3128 1254 3209 ἔξωθεν)
1282 3133 1409 3214 πρὸς
1430 3132 1493 3192 τὸ
1519 3136 1658 3216 φημί
1679 3151 1790 3196 ete.

260 3224 513 3302 Legebat
556 3223 788 3300 ineptus
823 3221 921 3278 ille
966 3222 1151 3280 οὐκοῦν
1173 3266 1192 3297 ,
1229 3212 1381 3282 εἶναι·
1405 3226 1570 3305 φημὶ,
1599 3227 1793 3287 παύσει

262 3310 412 3370 ταῦτ’
451 3309 515 3382 ἢν
567 3306 986 3389 βλέψῃ-ἥντιν’.
1016 3311 1294 3387 Sequitur
1338 3312 1449 3370 alia
1496 3317 1792 3374 annotatio

263 3400 436 3460 etiam
462 3398 779 3470 recentior,
811 3384 856 3453 ὦ
894 3393 1100 3467 Τζίτζη
1120 3440 1135 3467 ,
1163 3398 1257 3455 οὐκ
1276 3395 1415 3458 ἔστιν
1443 3404 1472 3458 ὁ
1495 3400 1671 3481 στίχος
1690 3426 1789 3461 κα-

264 3486 530 3568 κόμετρος.
559 3482 623 3542 σὺ
643 3483 745 3564 γὰρ
779 3473 915 3541 εἶναι
943 3484 1081 3564 φημὶ
1108 3484 1327 3567 γράφεις
1346 3510 1359 3525 ·
1396 3485 1484 3546 διὰ
1518 3495 1674 3550 τοῦτο
1701 3490 1793 3550 καὶ

265 3574 487 3655 ἄμετρον
518 3571 675 3632 αὐτὸν
700 3577 864 3634 ποιεῖς
891 3571 982 3627 καὶ
1011 3568 1131 3629 οὐδὲ
1163 3578 1520 3655 συνταχθῆναι
1564 3576 1794 3656 δυνάμε-

263 3685 348 3723 νον
367 3686 381 3700 ·
408 3657 780 3742 Ἀριστοφάνης
811 3655 866 3714 δὲ
890 3656 983 3715 καὶ
1011 3657 1114 3736 ἐγὼ
1144 3650 1277 3720 εἶναί
1310 3663 1443 3744 φημ’
1465 3662 1501 3736 ἣ
1523 3664 1793 3747 γράφομεν

265 3766 373 3810 etc.
407 3756 693 3809 Dona-:us
716 3751 778 3806 in
811 3758 1007 3805 annot.
1042 3748 1114 3805 ad
1167 3754 1506 3810 Porsonum.
1544 3755 1792 3830 Regius:

263 3829 331 3889 ‘fl
354 3827 592 3897 σύνταξις
610 3827 776 3893 οὕτως
800 3851 815 3865 ·
839 3826 1029 3886 οὗκοῧν
1049 3871 1067 3902 ,
1095 3825 1187 3886 ἐὰν
1217 3830 1385 3911 βλέψῃ
1410 3829 1541 3889 ποτὲ
1559 3837 1588 3890 ὁ
1612 3834 1793 3892 Πλοῦ-

265 3943 350 3986 τος
368 3965 384 3993 ,
413 3916 550 3999 φημὶ
582 3906 718 3974 εἶναι
747 3914 864 3975 ὁδὸν
884 3962 901 3993 ,
925 3918 1041 3991 ἥτις
1065 3914 1259 3975 παύσει
1280 3922 1451 3976 ταῦτα
1467 3960 1485 3990 ,
1513 3916 1679 3989 ἥντιν’
1700 3918 1792 3979 ἰὼν

268 4007 356 4068 καὶ
378 4006 540 4066 ἐλθὼν
571 4010 600 4064 ὁ
625 4006 865 4071 Πλοῦτος
894 4005 1136 4078 δηλονότι
1167 4003 1376 4084 βλέπων
1404 4006 1681 4084 γενόμενος
1699 4031 1796 4068 πο-

268 4097 452 4181 ρίσειεν
480 4093 544 4154 ἂν
572 4101 679 4158 τοῖς
708 4093 855 4173 ἀνθρ.
878 4116 937 4170 μ.
966 4096 1050 4172 ἀγ.
1073 4090 1161 4150 ἵνα
1182 4090 1236 4150 δὲ
1263 4091 1419 4170 μήτις
1438 4092 1561 4174 εἴπῃ
1587 4098 1658 4163 ὡς
1679 4096 1797 4155 ἀδύ-

268 4206 420 4244 νατον
468 4173 603 4240 εἶναι
647 4178 946 4260 ἀναὸλέψαι
984 4179 1139 4238 αὐτὸν
1177 4222 1195 4254 ,
1233 4180 1517 4260 προτάττει
1560 4182 1621 4240 τὸ
1664 4174 1796 4243 εἶναι

269 4273 433 4357 φημί,
468 4270 587 4331 ἀντὶ
627 4273 721 4328 τοῦ
767 4267 986 4328 δυνατὸν
1033 4259 1168 4328 εἶναι
1218 4275 1370 4328 τοῦτο
1399 4266 1540 4349 λέγω
1562 4293 1576 4308 ·
1609 4270 1697 4331 ἵνα
1722 4278 1794 4355 τῷ

272 4363 514 4443 μέλλοντι
548 4358 676 4441 πρὸς
719 4356 875 4416 αὐτὸν
915 4358 1199 4440 ἀπορήσειν
1248 4358 1406 4430 δῆλον
1464 4359 1660 4440 ποιήσῃ
1704 4362 1796 4420 καὶ

270 4450 445 4532 παύσῃ
467 4453 561 4521 τῆς
590 4444 809 4527 ἀπορίας
848 4445 1026 4509 αὐτόν.
1069 4443 1279 4513 εἰκότως
1320 4446 1375 4506 δὲ
1402 4438 1516 4507 εἶπε
1551 4448 1614 4507 τὸ
1640 4451 1756 4510 ὁδόν
1780 4476 1793 4489 ·

271 4538 418 4621 ὃγὰρ
447 4539 647 4616 πάσχει
674 4558 751 4599 τις
767 4580 784 4608 ,
811 4535 964 4593 οἱονεὶ
1009 4539 1165 4592 τοῦτο
1210 4534 1436 4614 ἔρχεται.
1455 4572 1518 4584 --
1553 4557 1575 4593 ι
1633 4540 1796 4617 μείζω

273 4627 531 4699 ποιήσειεν
591 4628 687 4694 O„
734 4636 798 4682 ut
842 4629 917 4682 R.
948 4660 1012 4673 —
1036 4643 1070 4681 ο
1099 4622 1374 4684 Scholion
1419 4624 1528 4682 hoc
1572 4631 1795 4688 Tzetzae

276 4716 524 4775 tribuere
540 4713 773 4773 videtur
792 4711 1097 4770 scholiasta
1114 4713 1332 4771 codicis
1352 4715 1662 4774 Harleiaui.
1683 4717 1794 4775 Sed

277 4825 386 4863 uon
422 4822 545 4862 esse
574 4822 609 4860 a
657 4805 867 4859 Tzetza
892 4800 1218 4878 profectum
1242 4821 1313 4860 ex
1337 4822 1407 4859 eo
1430 4802 1611 4879 liquet
1639 4804 1794 4881 quod

276 4894 333 4951 in
361 4892 560 4950 codice
588 4895 811 4947 Veneto
837 4889 1059 4966 legitur.
1095 4894 1273 4948 Diuo.
1304 4887 1359 4948 δὲ
1388 4881 1536 4960 οὗτος
1568 4893 1639 4951 Θ.
1663 4893 1793 4953 Ald.

279 4981 360 5039 lb.
405 4984 434 5036 ὁ
465 4976 641 5057 στίχος
685 4977 943 5035 additum
979 4998 1051 5037 ex
1086 4982 1154 5039 G.
1189 4981 1245 5038 ἐν
1290 4978 1347 5037 δὲ
1374 4979 1525 5047 ἐνίοις
1567 4984 1659 5051 V..
1695 4983 1796 5058 qui

282 5089 388 5127 um.
425 5071 452 5126 δ
478 5065 533 5124 δὲ
557 5070 672 5131 νοῦς
701 5066 868 5136 δῆλος.
891 5103 952 5116 -
977 5070 1010 5125 3
1040 5066 1225 5127 οὔκουν
1262 5074 1356 5147 V.,
1410 5070 1511 5146 qui
1546 5088 1661 5128 om.
1699 5069 1792 5145 ἣν,

1876 494 2129 576 θρώπους.
2159 499 2348 557 Ceteri
2373 507 2479 564 τοῖς
2515 501 2822 578 ἀνθρώποις.
2867 498 2951 557 lb.
2982 498 3269 580 ἐργάσηται
3293 507 3360 560 V.
3383 545 3401 573 ,

1874 586 1973 660 qui
2006 586 2038 641 5
2064 583 2143 643 ὅτι
2176 606 2289 645 om.
2316 586 2569 667 προσθείη
2596 587 2723 646 Ald.
2753 586 2841 645 καὶ
2858 630 2875 660 ,
2902 583 3116 645 δύναται
3145 592 3402 661 σταθῆναι

1872 675 1907 742 ἡ
1936 694 2021 753 φρ.
2059 673 2122 742 ἢν
2168 671 2335 753 βλέψῃ
2369 678 2398 733 ὁ
2432 676 2672 740 πλοῦτος.
2715 672 2898 732 οὔκουν
2927 665 3059 732 εἶναι
3099 676 3237 757 φημὶ
3261 677 3401 750 ὁδὸν,

1873 757 2062 830 ἥντινα
2089 768 2158 820 V.
2185 800 2248 811 -
2274 763 2309 818 8
2351 760 2548 834 ταύτην
2575 760 2665 820 καὶ
2695 767 2767 820 V.
2802 761 2864 820 ἂν
2898 763 3118 820 addidit
3154 766 3404 823 Dindor⁴

1873 847 2104 925 flus.-9
2122 846 2304 907 οὔκουν
2324 854 2419 922 V.,
2442 851 2596 926 quod
2619 850 2805 927 ipsum
2831 851 3146 927 reponebat
3167 857 3405 922 Hemst„

1874 934 2228 1016 ἀποφαντικόν
2263 936 2321 993 in
2353 936 2676 1016 ἀποφατικόν
2711 947 2964 1009 mutato,
2994 937 3153 1015 quod
3187 941 3404 996 confir-

1874 1043 2033 1081 mare
2073 1024 2304 1082 videtur
2346 1030 2459 1101 R.;
2520 1024 2619 1082 scd
2662 1022 3013 1105 ἀποφαντικόν
3055 1031 3125 1082 V.
3175 1027 3244 1085 Θ.
3277 1053 3300 1078 «ι
3327 1032 3405 1085 Ut

1874 1109 2164 1192 ἀπόφανσις
2188 1126 2273 1170 est
2304 1118 2655 1169 manciacum
2691 1114 2782 1169 vei
2819 1120 3243 1187 pronunciatum
3264 1158 3281 1187 ,
3322 1116 3404 1171 sic

1874 1199 2229 1280 ἀποφαντικὸν
2244 1245 2261 1273 ,
2301 1204 2452 1277 quod
2469 1207 2585 1256 vim
2614 1200 2786 1272 effati
2803 1220 2920 1275 per
2959 1204 3403 1273 adfirmationem

1876 1292 1977 1344 vel
2000 1295 2345 1364 negationem
2362 1287 2663 1362 formandi·
2701 1296 2944 1345 conte'net
2955 1331 2977 1358 ,
3018 1288 3091 1347 de
3131 1309 3247 1366 quo
3283 1294 3404 1347 Bu-

1877 1375 2036 1433 daeus
2065 1377 2289 1436 Comm.
2326 1380 2390 1434 L.
2418 1379 2518 1433 Gr.
2556 1395 2612 1452 p.
2650 1377 2764 1452 ²93
2792 1395 2878 1453 sq.
2901 1376 3002 1435 Sic
3035 1373 3266 1450 ἔγκλισις
3292 1381 3407 1457 ὁρι-

1878 1462 2032 1534 στικὴ
2071 1463 2269 1522 itidem
2317 1463 2672 1541 appellatur,
2723 1476 2865 1522 teste
2898 1464 3212 1540 Apollonio
3241 1462 3406 1522 Alex.

1880 1571 1937 1628 p.
1976 1554 2087 1622 243
2108 1594 2124 1622 ‚
2147 1549 2478 1631 ἀποφαντική
2501 1575 2513 1587 ·
2539 1551 2646 1628 εἴγε
2670 1550 2762 1609 καὶ
2787 1550 2846 1609 τὸ
2869 1551 3246 1631 ἀποφαίνεσθαι
3271 1551 3408 1610 κατὰ

1878 1636 2055 1709 πάσης
2080 1638 2321 1719 φράσεως
2346 1637 2828 1719 παραλαμβάνεται
2849 1662 2863 1676 ·
2887 1638 3025 1697 ἀλλὰ
3051 1638 3144 1697 καὶ
3179 1638 3406 1721 ἐπιρρή-

1880 1726 2029 1802 ματά
2055 1750 2173 1786 τινα
2202 1725 2532 1806 ἀποφαντικὰ
2555 1729 2837 1803 καλοῦμεν.
2867 1727 3023 1785 Talis
3063 1739 3321 1804 potestas
3349 1728 3410 1785 in

1875 1815 2030 1872 hunc
2057 1816 2248 1873 locum
2293 1835 2410 1872 non
2443 1815 2747 1886 convenit;
2788 1834 2894 1872 nec
2937 1814 3258 1892 periculum
3286 1829 3405 1888 est,

1875 1922 1949 1959 ne
1973 1903 2102 1978 quis
2124 1902 2420 1981 Apollonii
2441 1902 2637 1962 verbis
2654 1901 2728 1959 ad
2753 1902 3031 1960 tuendum
3052 1902 3405 1983 ἀποφαντικὸν

1876 1989 2263 2048 abutatur-:id
2283 1992 2435 2049 enim
2465 1992 2648 2049 solum
2666 1991 2726 2048 in
2745 1992 3198 2049 contraiersiam
3229 1993 3407 2066 venit,

1876 2092 2072 2136 utrum
2101 2079 2162 2135 in
2188 2080 2404 2136 Comici
2442 2079 2572 2136 loco
2604 2083 2789 2137 οὔκουν
2823 2098 2894 2137 eo
2935 2091 3172 2137 accentu
3213 2082 3408 2139 ornari

1879 2166 2119 2238 debeat,
2152 2167 2252 2244 qui
2301 2165 2772 2235 affirmationem,
2806 2187 2877 2224 an
2927 2168 3027 2225 illo
3048 2210 3063 2238 ‚
3093 2167 3194 2244 qui
3230 2187 3410 2245 nega·

1880 2255 2093 2312 tionem
2134 2254 2350 2312 infert:
2384 2255 2667 2333 posterius
2709 2255 2848 2332 quia
2900 2255 3035 2313 huic
3089 2255 3410 2318 scholiasta

1880 2341 2198 2420 probatur,
2222 2341 2443 2400 idcirco
2468 2342 2838 2400 scribendum
2859 2343 3031 2400 etiam
3059 2343 3168 2399 fuit
3193 2341 3408 2417 οὔκουν,

1877 2450 2028 2502 non,
2060 2430 2218 2507 quod
2244 2429 2465 2508 priores
2492 2429 2830 2500 ediderunt,
2859 2431 3057 2488 οὐκοῦν.
3087 2431 3215 2488 Pari
3240 2431 3410 2508 plane

1880 2518 2057 2575 modo
2085 2531 2322 2577 notatur
2346 2519 2417 2576 ad
2448 2540 2504 2576 v.
2535 2521 2649 2595 916
2669 2562 2688 2592 ,
2706 2517 2965 2600 γράφεται
2999 2516 3054 2576 δὲ
3082 2517 3173 2576 καὶ
3200 2520 3254 2577 ἐν
3282 2518 3412 2598 σχή-

1879 2627 2011 2682 ματι
2042 2607 2353 2686 ἀποφατικῷ
2396 2606 2578 2666 οὔκουν
2601 2630 2615 2643 ·
2642 2627 2759 2684 quo
2789 2606 2975 2663 fulcro
3003 2626 3173 2665 causa
3211 2619 3412 2666 nostra

1878 2692 2014 2749 satis
2038 2704 2124 2750 est
2151 2694 2329 2751 firma.
2352 2693 2581 2751 Deinde
2606 2693 2642 2751 1.
2679 2712 2746 2749 ια
2766 2735 2784 2767 ,
2813 2693 2897 2750 uti
2929 2692 3160 2772 πορίσειε
3179 2737 3198 2771 ,
3237 2693 3318 2751 sic
3353 2705 3411 2750 et

1878 2778 2058 2836 scribi
2079 2780 2272 2837 malim
2318 2779 2520 2862 βλάψαι
2549 2781 2639 2838 vel
2671 2778 2917 2862 βλάψειε·
2962 2801 3035 2838 ex
3081 2800 3198 2857 quo
3226 2780 3411 2839 verbo

1879 2870 2100 2946 ceperit
2139 2870 2347 2947 aliquis
2392 2870 2777 2948 suspicionem
2800 2912 2818 2941 ,
2860 2870 3010 2926 forte
3048 2870 3239 2946 ipsum
3271 2869 3411 2928 illud

1882 2953 2086 3035 βλάψαι
2127 2958 2419 3015 nonnullis
2459 2959 2520 3015 in
2565 2957 2784 3017 Comici
2820 2955 3115 3015 codicibus
3154 2956 3411 3016 extitisee

1880 3061 1993 3120 pro
2036 3042 2225 3125 βλέψῃ.
2252 3069 2277 3095 υ
2305 3049 2602 3103 Htusr.-
2643 3047 2710 3102 13
2745 3057 2804 3102 et
2835 3064 2960 3122 sqq.
2986 3064 3097 3102 om.
3129 3045 3301 3101 etiam
3335 3047 3408 3103 Θ.

1965 3129 2101 3206 509,
2133 3151 2207 3207 29
2240 3133 2287 3189 εἰ
2313 3136 2469 3192 τοῦτο
2494 3130 2723 3211 γίνοιθ’;
2755 3130 2919 3212 εἰγὰρ
2947 3136 2976 3190 ὁ
3017 3132 3255 3197 Πλοῦτος
3282 3130 3410 3210 βλί-

1880 3221 1996 3299 ψειε
2019 3218 2179 3279 πάλιν
2212 3218 2475 3296 διανέμειε
2500 3220 2547 3278 τ’
2566 3211 2685 3279 Ιἴσον
2715 3219 2899 3278 ἑαυτὸν
2934 3227 3070 3277 πᾶσι
3096 3218 3410 3298 (διανέμειεν

1880 3304 2065 3365 ἑαυτὸν
2090 3315 2251 3365 πᾶσιν
2276 3306 2388 3366 ἴσον
2417 3309 2510 3385 Θ.)
2533 3306 2772 3379 δηλονότι
2796 3309 2893 3367 οὐκ
2926 3309 3001 3367 Θ.
3035 3307 3167 3368 Ald.

1966 3396 2080 3452 510
2120 3394 2306 3467 ἐπίσης
2359 3415 2473 3457 om.
2516 3398 2674 3456 Θ.-
2702 3401 2772 3464 34
2803 3394 3096 3477 Ἱστορίαν,
3136 3398 3209 3455 36
3251 3400 3412 3468 αὐτῆς

1880 3485 2059 3540 Dorv.
2087 3481 2445 3564 μεταχείρισιν
2474 3490 2614 3562 Reg.

1967 3570 2079 3627 512
2117 3570 2281 3638 οὐδείς
2308 3594 2321 3629 :
2348 3569 2621 3644 Ἐθελήσει
2641 3572 2760 3645 δηλ.
2787 3574 2980 3655 ἀμφοῖν
3007 3595 3020 3629 =
3051 3571 3173 3651 Ἤγ.
3195 3575 3291 3643 τῆς
3311 3595 3409 3632 σο·

1881 3657 2004 3741 φίας
2028 3658 2115 3717 καὶ
2145 3661 2239 3730 τῆς
2277 3657 2465 3739 τέχνης
2496 3662 2672 3721 Parit-2.
2705 3659 3067 3741 τῆς-τέχνης
3098 3672 3157 3718 et
3186 3673 3255 3730 41
3287 3684 3413 3743 τρο·

1880 3747 2009 3828 χοὸς
2042 3747 2248 3826 ἁμάξης
2275 3758 2443 3807 ποιεῖν
2487 3750 2661 3809 habet
2692 3752 2763 3810 Θ.
2789 3749 2997 3829 ἁμάξας
3027 3756 3194 3808 ποιεῖν
3226 3755 3410 3808 ΒοιὟ.

1882 3874 1947 3887 -
1967 3839 2038 3907 45
2061 3836 2277 3904 πλίνθας
2308 3839 2490 3896 Paris.

1967 3926 2105 3999 515,
2133 3928 2207 3993 46
2237 3946 2321 4003 sq.
2357 3925 2937 4005 Ἀνὰ-ἐπιμελεῖσθαι
2963 3940 3090 4004 post
3110 3927 3218 3995 ὄζει
3239 3928 3412 3985 habet

1880 4016 1953 4070 R.
1984 4012 2241 4094 γεωργοὺς
2265 4012 2395 4072 Ald.
2414 4048 2474 4060 —
2506 4022 2578 4084 47
2610 4018 2762 4072 τοῦτο
2787 4012 2849 4071 τὸ
2880 4011 3001 4081 ἔπος
3027 4017 3092 4072 V.

1968 4102 2102 4173 516,
2131 4101 2206 4158 52
2237 4100 2344 4159 ἄνω
2371 4106 2441 4160 R.
2466 4100 2674 4171 θελήσει
2697 4102 2765 4160 V.
2788 4137 2852 4149 -
2882 4100 2954 4168 54
2978 4099 3181 4168 Ἄλλως
3205 4114 3263 4159 et
3283 4121 3411 4180 sqq.

1883 4207 2002 4246 om.
2031 4190 2207 4246 etiam
2231 4189 2304 4246 Θ.
2335 4224 2399 4235 -
2439 4209 2461 4245 1
2498 4186 2595 4265 μὲν
2618 4194 2771 4246 τοῦτο
2792 4186 2922 4261 τίθ,,
2959 4190 2992 4246 3
3026 4188 3222 4246 τούτων
3242 4187 3412 4246 ἁπάν·

1881 4296 1987 4332 των
2016 4288 2075 4333 et
2110 4272 2175 4344 ἢν
2209 4272 2298 4353 ἐξῇ
2343 4275 2436 4345 ζῆν
2462 4273 2599 4351 λέγ.,
2631 4282 2662 4342 4
2715 4274 2803 4334 καὶ
2840 4273 2902 4332 τὸ
2926 4295 3012 4333 cx.
3047 4287 3104 4332 et
3146 4277 3207 4333 οὐ
3237 4279 3411 4342 καλῶς

1882 4361 2123 4441 λέγουσιν
2153 4368 2325 4442 Reg.·

1966 4453 2102 4525 517,
2127 4454 2163 4509 8
2186 4451 2248 4511 τὸ
2267 4455 2456 4531 σχῆμα
2484 4450 2717 4511 Ἀττικὸν
2740 4452 2811 4516 ὡς
2829 4446 2890 4508 τὸ
2912 4455 2981 4509 V.
3011 4450 3236 4508 omissis
3266 4448 3404 4512 Ἀττ.

1882 4560 2049 4619 -φρ,
2065 4537 2220 4600 Ib.8.².
2235 4540 2493 4599 additum
2505 4559 2576 4598 ex
2591 4545 2660 4601 R.
2684 4552 2743 4598 et
2763 4537 2937 4599 Suida
2955 4558 2999 4596 s.
3018 4541 3194 4617 Λῆρον
3216 4539 3409 4619 ληρεῖς.

1883 4664 1944 4675 -
1967 4649 2004 4704 9
2033 4626 2197 4708 μαίνῃ
2225 4628 2315 4689 καὶ
2357 4625 2524 4708 φυγὴν
2569 4626 2768 4709 φεύγεις
2812 4625 2942 4685 ΔΙά.
2983 4630 3237 4702 Pergunt
3280 4639 3409 4702 post

1884 4714 2049 4796 μαίνῃ
2069 4718 2140 4776 Θ.
2171 4730 2229 4774 et
2252 4717 2474 4788 SuidaS,
2498 4714 2559 4774 τὸ
2582 4719 2770 4794 σχῆμα
2791 4713 2846 4772 δὲ
2866 4711 3095 4773 Ἀττικὸν
3117 4710 3179 4770 τὸ
3193 4712 3409 4772 εἰπόντα

1881 4803 1944 4863 τὸ
1965 4812 2189 4885 πρᾶγμα
2215 4806 2500 4882 ἐπαγαγεῖν
2538 4802 2600 4861 τὸ
2626 4800 3050 4882 ἀπὸ-φεύγεις,
3090 4800 3199 4858 nisi
3246 4801 3405 4877 quod

1882 4892 2090 4953 Suidas
2118 4891 2231 4951 ἔστι
2255 4892 2311 4952 δὲ
2338 4890 2568 4951 Ἀττικὸν
2592 4890 2653 4950 τὸ
2672 4895 2858 4970 σχῆμα
2889 4903 2999 4948 etc.
3018 4925 3081 4939 —
3114 4908 3183 4946 1ο
3213 4888 3408 4966 luni-fe·-

1881 5003 1971 5039 ται
2010 4985 2173 5038 Junt.
2228 4978 2554 5059 ἑπαγάγεται
2597 4980 2726 5037 ΔΜ.
2761 5014 2827 5029 -
2867 4998 2935 5036 ia
2990 4975 3403 5056 Ἀπηρίθμησας.

1883 5069 2171 5129 Nimirum
2225 5066 2398 5147 λέγειν
2454 5069 2661 5147 saepius
2706 5079 3006 5147 exponunt
3049 5064 3401 5143 grammatici
