<?xml version="1.0" encoding="UTF-8"?>
<!DOCTYPE html PUBLIC "-//W3C//DTD XHTML 1.0 Transitional//EN"
    "http://www.w3.org/TR/xhtml1/DTD/xhtml1-transitional.dtd">
<html xmlns="http://www.w3.org/1999/xhtml" xml:lang="en" lang="en">
 <head>
  <title>
</title>
<meta http-equiv="Content-Type" content="text/html;charset=utf-8" />
  <meta name='ocr-system' content='tesseract 3.04.00' />
  <meta name='ocr-capabilities' content='ocr_page ocr_carea ocr_par ocr_line ocrx_word'/>
</head>
<body>
  <div class='ocr_page' id='page_1' title='image "./scholiagraecain02dbgoog_0232.png"; bbox 0 0 3859 5725; ppageno 0'>
   <div class='ocr_carea' id='block_1_1' title="bbox 309 234 422 289">
    <p class='ocr_par' dir='ltr' id='par_1_1' title="bbox 309 234 422 289">
     <span class='ocr_line' id='line_1_1' title="bbox 309 234 422 289; baseline 0 -1"><span class='ocrx_word' id='word_1_1' title='bbox 309 234 422 289; x_wconf 74' lang='lat'>1⁹0</span> 
     </span>
    </p>
   </div>
   <div class='ocr_carea' id='block_1_2' title="bbox 218 371 1876 4947">
    <p class='ocr_par' dir='ltr' id='par_1_2' title="bbox 299 371 1873 718">
     <span class='ocr_line' id='line_1_2' title="bbox 300 371 1869 454; baseline -0.001 -20"><span class='ocrx_word' id='word_1_2' title='bbox 300 396 389 443; x_wconf 86' lang='grc' dir='ltr'>τος</span> <span class='ocrx_word' id='word_1_3' title='bbox 422 372 484 434; x_wconf 78' lang='grc' dir='ltr'>τὸ</span> <span class='ocrx_word' id='word_1_4' title='bbox 526 371 747 454; x_wconf 82' lang='grc' dir='ltr'>ἄγαλμα</span> <span class='ocrx_word' id='word_1_5' title='bbox 790 375 885 445; x_wconf 87' lang='grc' dir='ltr'>τῆς</span> <span class='ocrx_word' id='word_1_6' title='bbox 929 373 1147 446; x_wconf 74' lang='grc' dir='ltr'>Ἀθηνᾶς</span> <span class='ocrx_word' id='word_1_7' title='bbox 1188 371 1592 441; x_wconf 72' lang='grc' dir='ltr'>κατασκευάσας</span> <span class='ocrx_word' id='word_1_8' title='bbox 1633 371 1869 454; x_wconf 74' lang='grc' dir='ltr'>ὑφείλετο</span> 
     </span>
     <span class='ocr_line' id='line_1_3' title="bbox 299 459 1873 545; baseline -0.002 -23"><span class='ocrx_word' id='word_1_9' title='bbox 299 462 364 522; x_wconf 76' lang='grc' dir='ltr'>τὸ</span> <span class='ocrx_word' id='word_1_10' title='bbox 403 461 618 545; x_wconf 86' lang='grc' dir='ltr'>χρυσίον</span> <span class='ocrx_word' id='word_1_11' title='bbox 668 463 730 520; x_wconf 81' lang='grc' dir='ltr'>ἐκ</span> <span class='ocrx_word' id='word_1_12' title='bbox 775 464 880 520; x_wconf 84' lang='grc' dir='ltr'>τῶν</span> <span class='ocrx_word' id='word_1_13' title='bbox 924 459 1221 544; x_wconf 84' lang='grc' dir='ltr'>δρακόντων</span> <span class='ocrx_word' id='word_1_14' title='bbox 1266 465 1360 532; x_wconf 85' lang='grc' dir='ltr'>τῆς</span> <span class='ocrx_word' id='word_1_15' title='bbox 1399 460 1873 544; x_wconf 80' lang='grc' dir='ltr'>χρυσελεφαντίνης</span> 
     </span>
     <span class='ocr_line' id='line_1_4' title="bbox 302 539 1870 663; baseline -0.003 -52"><span class='ocrx_word' id='word_1_16' title='bbox 302 550 549 624; x_wconf 76' lang='grc' dir='ltr'>Ἀθηνᾶς,</span> <span class='ocrx_word' id='word_1_17' title='bbox 577 548 655 663; x_wconf 45' lang='grc' dir='ltr'>ἐᾷ’</span> <span class='ocrx_word' id='word_1_18' title='bbox 688 539 734 631; x_wconf 68' lang='grc' dir='ltr'><em>ᾧ</em></span> <span class='ocrx_word' id='word_1_19' title='bbox 761 549 1145 629; x_wconf 79' lang='grc' dir='ltr'><strong>καταγνωσθεὶς</strong></span> <span class='ocrx_word' id='word_1_20' title='bbox 1172 547 1439 627; x_wconf 82' lang='grc' dir='ltr'>ἐζημιώθη</span> <span class='ocrx_word' id='word_1_21' title='bbox 1469 554 1625 632; x_wconf 77' lang='grc' dir='ltr'>φυγῇ·</span> <span class='ocrx_word' id='word_1_22' title='bbox 1654 548 1870 628; x_wconf 83' lang='grc' dir='ltr'>γενόμε-</span> 
     </span>
     <span class='ocr_line' id='line_1_5' title="bbox 299 635 1871 718; baseline -0.001 -20"><span class='ocrx_word' id='word_1_23' title='bbox 299 662 383 706; x_wconf 90' lang='grc' dir='ltr'>νος</span> <span class='ocrx_word' id='word_1_24' title='bbox 410 638 464 698; x_wconf 82' lang='grc' dir='ltr'>δὲ</span> <span class='ocrx_word' id='word_1_25' title='bbox 494 641 567 705; x_wconf 89' lang='grc' dir='ltr'>εἰς</span> <span class='ocrx_word' id='word_1_26' title='bbox 623 639 777 709; x_wconf 85' lang='grc' dir='ltr'>Ηλιν,</span> <span class='ocrx_word' id='word_1_27' title='bbox 808 636 900 696; x_wconf 74' lang='grc' dir='ltr'>καὶ</span> <span class='ocrx_word' id='word_1_28' title='bbox 930 635 1294 718; x_wconf 72' lang='grc' dir='ltr'>ἐργολαὸήσας</span> <span class='ocrx_word' id='word_1_29' title='bbox 1324 635 1473 717; x_wconf 69' lang='grc' dir='ltr'>παρὰ</span> <span class='ocrx_word' id='word_1_30' title='bbox 1507 639 1612 696; x_wconf 86' lang='grc' dir='ltr'>τῶν</span> <span class='ocrx_word' id='word_1_31' title='bbox 1646 636 1871 698; x_wconf 78' lang='grc' dir='ltr'>Ἠλείων</span> 
     </span>
    </p>

    <p class='ocr_par' dir='ltr' id='par_1_3' title="bbox 245 723 1873 894">
     <span class='ocr_line' id='line_1_6' title="bbox 245 723 1873 805; baseline -0.002 -18"><span class='ocrx_word' id='word_1_32' title='bbox 245 744 273 786; x_wconf 71' lang='grc' dir='ltr'><strong>ὕ</strong></span> <span class='ocrx_word' id='word_1_33' title='bbox 297 726 361 787; x_wconf 83' lang='grc' dir='ltr'>τὸ</span> <span class='ocrx_word' id='word_1_34' title='bbox 384 726 605 805; x_wconf 83' lang='grc' dir='ltr'>ἄγαλμα</span> <span class='ocrx_word' id='word_1_35' title='bbox 628 731 721 784; x_wconf 85' lang='grc' dir='ltr'>τοῦ</span> <span class='ocrx_word' id='word_1_36' title='bbox 749 723 870 792; x_wconf 81' lang='grc' dir='ltr'>Διὸς</span> <span class='ocrx_word' id='word_1_37' title='bbox 891 731 983 784; x_wconf 88' lang='grc' dir='ltr'>τοῦ</span> <span class='ocrx_word' id='word_1_38' title='bbox 1018 724 1347 802; x_wconf 77' lang='grc' dir='ltr'><strong>Ὀλυμπίου,</strong></span> <span class='ocrx_word' id='word_1_39' title='bbox 1371 724 1463 783; x_wconf 78' lang='grc' dir='ltr'>καὶ</span> <span class='ocrx_word' id='word_1_40' title='bbox 1486 725 1873 805; x_wconf 75' lang='grc' dir='ltr'>καταγνωσθεὶς</span> 
     </span>
     <span class='ocr_line' id='line_1_7' title="bbox 297 811 1380 894; baseline -0.002 -19"><span class='ocrx_word' id='word_1_41' title='bbox 297 815 386 875; x_wconf 78' lang='grc' dir='ltr'>ὑπ’</span> <span class='ocrx_word' id='word_1_42' title='bbox 418 816 588 874; x_wconf 76' lang='grc' dir='ltr'>αὐτῶν</span> <span class='ocrx_word' id='word_1_43' title='bbox 614 817 684 880; x_wconf 77' lang='grc' dir='ltr'>ὡς</span> <span class='ocrx_word' id='word_1_44' title='bbox 710 811 1083 894; x_wconf 80' lang='grc' dir='ltr'>νοσφισάμενος</span> <span class='ocrx_word' id='word_1_45' title='bbox 1109 812 1380 894; x_wconf 83' lang='grc' dir='ltr'>ἀνῃρέθη.)</span> 
     </span>
    </p>

    <p class='ocr_par' dir='ltr' id='par_1_4' title="bbox 223 891 1875 1604">
     <span class='ocr_line' id='line_1_8' title="bbox 377 891 1874 983; baseline -0.001 -21"><span class='ocrx_word' id='word_1_46' title='bbox 377 922 476 963; x_wconf 71' lang='grc' dir='ltr'>σου.</span> <span class='ocrx_word' id='word_1_47' title='bbox 522 891 655 979; x_wconf 70' lang='grc' dir='ltr'>(εἶτα</span> <span class='ocrx_word' id='word_1_48' title='bbox 690 901 984 981; x_wconf 80' lang='grc' dir='ltr'>Περικλέης</span> <span class='ocrx_word' id='word_1_49' title='bbox 1026 899 1320 980; x_wconf 70' lang='grc' dir='ltr'>φοὸηθεὶςε</span> <span class='ocrx_word' id='word_1_50' title='bbox 1358 892 1497 962; x_wconf 77' lang='grc' dir='ltr'>Εἶτα</span> <span class='ocrx_word' id='word_1_51' title='bbox 1538 904 1567 960; x_wconf 99' lang='lat'><em>6</em></span> <span class='ocrx_word' id='word_1_52' title='bbox 1608 902 1874 983; x_wconf 76' lang='grc' dir='ltr'>Περικλῆς</span> 
     </span>
     <span class='ocr_line' id='line_1_9' title="bbox 299 988 1875 1071; baseline -0.003 -20"><span class='ocrx_word' id='word_1_53' title='bbox 299 989 479 1059; x_wconf 83' lang='grc' dir='ltr'>δεδιὼς</span> <span class='ocrx_word' id='word_1_54' title='bbox 515 988 590 1067; x_wconf 79' lang='grc' dir='ltr'>μὴ</span> <span class='ocrx_word' id='word_1_55' title='bbox 618 994 711 1062; x_wconf 87' lang='grc' dir='ltr'>τῆς</span> <span class='ocrx_word' id='word_1_56' title='bbox 748 988 911 1068; x_wconf 80' lang='grc' dir='ltr'>τύχης</span> <span class='ocrx_word' id='word_1_57' title='bbox 946 988 1235 1069; x_wconf 80' lang='grc' dir='ltr'>κοινωνήσῃ</span> <span class='ocrx_word' id='word_1_58' title='bbox 1277 988 1746 1071; x_wconf 78' lang='grc' dir='ltr'>αὖτῷ,·τουτέστιν</span> <span class='ocrx_word' id='word_1_59' title='bbox 1787 990 1875 1047; x_wconf 83' lang='grc' dir='ltr'>εὗ-</span> 
     </span>
     <span class='ocr_line' id='line_1_10' title="bbox 296 1075 1874 1159; baseline -0.004 -18"><span class='ocrx_word' id='word_1_60' title='bbox 296 1078 622 1157; x_wconf 78' lang='grc' dir='ltr'>λαόούμενος</span> <span class='ocrx_word' id='word_1_61' title='bbox 649 1075 724 1157; x_wconf 71' lang='grc' dir='ltr'>μὴ</span> <span class='ocrx_word' id='word_1_62' title='bbox 752 1077 844 1136; x_wconf 79' lang='grc' dir='ltr'>καὶ</span> <span class='ocrx_word' id='word_1_63' title='bbox 874 1076 1027 1145; x_wconf 78' lang='grc' dir='ltr'>αὐτὸς</span> <span class='ocrx_word' id='word_1_64' title='bbox 1054 1080 1295 1158; x_wconf 81' lang='grc' dir='ltr'>ζημιωθῇ</span> <span class='ocrx_word' id='word_1_65' title='bbox 1328 1082 1488 1159; x_wconf 84' lang='grc' dir='ltr'>φυγῇ.</span> <span class='ocrx_word' id='word_1_66' title='bbox 1523 1077 1689 1137; x_wconf 81' lang='grc' dir='ltr'>ἐδόκει</span> <span class='ocrx_word' id='word_1_67' title='bbox 1716 1076 1818 1158; x_wconf 79' lang='grc' dir='ltr'>γὰρ</span> <span class='ocrx_word' id='word_1_68' title='bbox 1846 1080 1874 1134; x_wconf 92' lang='lat'><em>6</em></span> 
     </span>
     <span class='ocr_line' id='line_1_11' title="bbox 223 1164 1874 1249; baseline 0.001 -28"><span class='ocrx_word' id='word_1_69' title='bbox 223 1181 272 1221; x_wconf 73' lang='grc' dir='ltr'>ιο</span> <span class='ocrx_word' id='word_1_70' title='bbox 298 1170 566 1249; x_wconf 74' lang='grc' dir='ltr'>Περικλῆς</span> <span class='ocrx_word' id='word_1_71' title='bbox 588 1164 965 1245; x_wconf 78' lang='grc' dir='ltr'>συνεγνωκέναι</span> <span class='ocrx_word' id='word_1_72' title='bbox 992 1169 1058 1245; x_wconf 83' lang='grc' dir='ltr'>τῇ</span> <span class='ocrx_word' id='word_1_73' title='bbox 1088 1165 1292 1246; x_wconf 90' lang='grc' dir='ltr'>κλοπῇ,</span> <span class='ocrx_word' id='word_1_74' title='bbox 1317 1164 1431 1226; x_wconf 71' lang='grc' dir='ltr'>ἐπεὶ</span> <span class='ocrx_word' id='word_1_75' title='bbox 1454 1164 1544 1224; x_wconf 73' lang='grc' dir='ltr'>καὶ</span> <span class='ocrx_word' id='word_1_76' title='bbox 1568 1169 1874 1247; x_wconf 78' lang='grc' dir='ltr'>ἐργεπιστα-</span> 
     </span>
     <span class='ocr_line' id='line_1_12' title="bbox 296 1243 1872 1336; baseline -0.003 -20"><span class='ocrx_word' id='word_1_77' title='bbox 296 1260 404 1316; x_wconf 88' lang='grc' dir='ltr'>τεῖν</span> <span class='ocrx_word' id='word_1_78' title='bbox 440 1255 542 1315; x_wconf 70' lang='grc' dir='ltr'>ὕπὸ</span> <span class='ocrx_word' id='word_1_79' title='bbox 575 1258 679 1314; x_wconf 85' lang='grc' dir='ltr'>τῶν</span> <span class='ocrx_word' id='word_1_80' title='bbox 712 1253 995 1326; x_wconf 85' lang='grc' dir='ltr'>Ἀθηναίων</span> <span class='ocrx_word' id='word_1_81' title='bbox 1024 1253 1468 1336; x_wconf 84' lang='grc' dir='ltr'>κεχειροτόνηται.</span> <span class='ocrx_word' id='word_1_82' title='bbox 1500 1253 1745 1334; x_wconf 73' lang='grc' dir='ltr'>φοὸηθείς</span> <span class='ocrx_word' id='word_1_83' title='bbox 1783 1243 1872 1313; x_wconf 70' lang='grc' dir='ltr'>οῦν</span> 
     </span>
     <span class='ocr_line' id='line_1_13' title="bbox 298 1341 1871 1424; baseline -0.004 -19"><span class='ocrx_word' id='word_1_84' title='bbox 298 1347 458 1405; x_wconf 73' lang='grc' dir='ltr'>αὐτοῦ</span> <span class='ocrx_word' id='word_1_85' title='bbox 494 1345 859 1424; x_wconf 86' lang='grc' dir='ltr'>διελεγχθῆναι</span> <span class='ocrx_word' id='word_1_86' title='bbox 900 1342 993 1410; x_wconf 80' lang='grc' dir='ltr'>τὰς</span> <span class='ocrx_word' id='word_1_87' title='bbox 1027 1342 1257 1423; x_wconf 77' lang='grc' dir='ltr'>κλοπὰς,</span> <span class='ocrx_word' id='word_1_88' title='bbox 1305 1341 1513 1416; x_wconf 77' lang='grc' dir='ltr'>ἐκίνησε</span> <span class='ocrx_word' id='word_1_89' title='bbox 1556 1341 1646 1401; x_wconf 82' lang='grc' dir='ltr'>τὸν</span> <span class='ocrx_word' id='word_1_90' title='bbox 1692 1342 1871 1403; x_wconf 87' lang='grc' dir='ltr'>Πελο-</span> 
     </span>
     <span class='ocr_line' id='line_1_14' title="bbox 298 1428 1875 1513; baseline -0.002 -21"><span class='ocrx_word' id='word_1_91' title='bbox 298 1430 647 1505; x_wconf 79' lang='grc' dir='ltr'>ποννησιακὸν</span> <span class='ocrx_word' id='word_1_92' title='bbox 703 1430 952 1509; x_wconf 86' lang='grc' dir='ltr'>πόλεμον,</span> <span class='ocrx_word' id='word_1_93' title='bbox 1017 1430 1237 1499; x_wconf 77' lang='grc' dir='ltr'>ἐλπίσας</span> <span class='ocrx_word' id='word_1_94' title='bbox 1298 1435 1537 1513; x_wconf 83' lang='grc' dir='ltr'>ταραχῆς</span> <span class='ocrx_word' id='word_1_95' title='bbox 1598 1428 1875 1507; x_wconf 78' lang='grc' dir='ltr'>γενομένης</span> 
     </span>
     <span class='ocr_line' id='line_1_15' title="bbox 297 1517 1871 1604; baseline -0.002 -24"><span class='ocrx_word' id='word_1_96' title='bbox 297 1521 389 1581; x_wconf 77' lang='grc' dir='ltr'>καὶ</span> <span class='ocrx_word' id='word_1_97' title='bbox 410 1520 531 1604; x_wconf 74' lang='grc' dir='ltr'>περὶ</span> <span class='ocrx_word' id='word_1_98' title='bbox 562 1520 652 1579; x_wconf 81' lang='grc' dir='ltr'>τὸν</span> <span class='ocrx_word' id='word_1_99' title='bbox 677 1517 909 1597; x_wconf 88' lang='grc' dir='ltr'>πόλεμον</span> <span class='ocrx_word' id='word_1_100' title='bbox 942 1518 1418 1601; x_wconf 83' lang='grc' dir='ltr'>ἀπασχοληθέντων</span> <span class='ocrx_word' id='word_1_101' title='bbox 1445 1521 1550 1580; x_wconf 90' lang='grc' dir='ltr'>τῶν</span> <span class='ocrx_word' id='word_1_102' title='bbox 1588 1517 1871 1593; x_wconf 83' lang='grc' dir='ltr'>Ἀθηναίων</span> 
     </span>
    </p>

    <p class='ocr_par' dir='ltr' id='par_1_5' title="bbox 222 1607 1538 1691">
     <span class='ocr_line' id='line_1_16' title="bbox 222 1607 1538 1691; baseline -0.005 -19"><span class='ocrx_word' id='word_1_103' title='bbox 222 1633 271 1672; x_wconf 71' lang='lat'>15</span> <span class='ocrx_word' id='word_1_104' title='bbox 299 1610 507 1676; x_wconf 73' lang='grc' dir='ltr'>εὐθύνας</span> <span class='ocrx_word' id='word_1_105' title='bbox 531 1607 605 1687; x_wconf 80' lang='grc' dir='ltr'>μὴ</span> <span class='ocrx_word' id='word_1_106' title='bbox 633 1610 969 1691; x_wconf 84' lang='grc' dir='ltr'>παρασχεῖν.)</span> <span class='ocrx_word' id='word_1_107' title='bbox 1000 1640 1068 1653; x_wconf 89' lang='lat'>--</span> <span class='ocrx_word' id='word_1_108' title='bbox 1086 1614 1178 1669; x_wconf 89' lang='grc' dir='ltr'>τοῦ</span> <span class='ocrx_word' id='word_1_109' title='bbox 1210 1607 1447 1670; x_wconf 85' lang='grc' dir='ltr'>Φειδίου.</span> <span class='ocrx_word' id='word_1_110' title='bbox 1478 1618 1538 1667; x_wconf 81' lang='lat' dir='ltr'>R.</span> 
     </span>
    </p>

    <p class='ocr_par' dir='ltr' id='par_1_6' title="bbox 299 1693 1874 1954">
     <span class='ocr_line' id='line_1_17' title="bbox 376 1693 1874 1774; baseline -0.004 -15"><span class='ocrx_word' id='word_1_111' title='bbox 376 1718 476 1759; x_wconf 66' lang='grc' dir='ltr'>σον.</span> <span class='ocrx_word' id='word_1_112' title='bbox 517 1697 607 1756; x_wconf 79' lang='grc' dir='ltr'>τὸν</span> <span class='ocrx_word' id='word_1_113' title='bbox 641 1693 862 1766; x_wconf 73' lang='grc' dir='ltr'>αὐτοδὰξ</span> <span class='ocrx_word' id='word_1_114' title='bbox 912 1715 926 1756; x_wconf 76' lang='lat'>2</span> <span class='ocrx_word' id='word_1_115' title='bbox 973 1696 1083 1757; x_wconf 74' lang='grc' dir='ltr'>Τὸν</span> <span class='ocrx_word' id='word_1_116' title='bbox 1120 1695 1417 1774; x_wconf 72' lang='grc' dir='ltr'>ἐμπεσόντα</span> <span class='ocrx_word' id='word_1_117' title='bbox 1459 1695 1550 1756; x_wconf 79' lang='grc' dir='ltr'>καὶ</span> <span class='ocrx_word' id='word_1_118' title='bbox 1585 1695 1842 1756; x_wconf 78' lang='grc' dir='ltr'>δάκνοντα</span> <span class='ocrx_word' id='word_1_119' title='bbox 1856 1737 1874 1769; x_wconf 91' lang='grc'>,</span> 
     </span>
     <span class='ocr_line' id='line_1_18' title="bbox 299 1782 1870 1866; baseline -0.003 -21"><span class='ocrx_word' id='word_1_120' title='bbox 299 1784 527 1859; x_wconf 78' lang='grc' dir='ltr'>αὐθάδη,</span> <span class='ocrx_word' id='word_1_121' title='bbox 556 1782 782 1866; x_wconf 82' lang='grc' dir='ltr'>ὀργίλον.</span> <span class='ocrx_word' id='word_1_122' title='bbox 811 1782 927 1842; x_wconf 70' lang='grc' dir='ltr'>ἐπεὶ</span> <span class='ocrx_word' id='word_1_123' title='bbox 955 1786 1001 1842; x_wconf 76' lang='grc' dir='ltr'>οἱ</span> <span class='ocrx_word' id='word_1_124' title='bbox 1026 1783 1223 1866; x_wconf 83' lang='grc' dir='ltr'>ὀργίλοι</span> <span class='ocrx_word' id='word_1_125' title='bbox 1256 1783 1504 1844; x_wconf 88' lang='grc' dir='ltr'>δάκνουσι</span> <span class='ocrx_word' id='word_1_126' title='bbox 1529 1787 1640 1853; x_wconf 88' lang='grc' dir='ltr'>τοῖς</span> <span class='ocrx_word' id='word_1_127' title='bbox 1672 1784 1870 1843; x_wconf 84' lang='grc' dir='ltr'>ὀδοῦσι.</span> 
     </span>
     <span class='ocr_line' id='line_1_19' title="bbox 300 1871 1092 1954; baseline -0.001 -20"><span class='ocrx_word' id='word_1_128' title='bbox 300 1873 464 1954; x_wconf 75' lang='grc' dir='ltr'>(οὐδὲν</span> <span class='ocrx_word' id='word_1_129' title='bbox 490 1872 526 1946; x_wconf 77' lang='grc' dir='ltr'><strong>ἢ</strong></span> <span class='ocrx_word' id='word_1_130' title='bbox 556 1872 760 1933; x_wconf 80' lang='grc' dir='ltr'>δάκνειν</span> <span class='ocrx_word' id='word_1_131' title='bbox 792 1871 1092 1954; x_wconf 79' lang='grc' dir='ltr'>βλέποντα.)</span> 
     </span>
    </p>

    <p class='ocr_par' dir='ltr' id='par_1_7' title="bbox 377 1960 1873 2044">
     <span class='ocr_line' id='line_1_20' title="bbox 377 1960 1873 2044; baseline -0.004 -20"><span class='ocrx_word' id='word_1_132' title='bbox 377 1983 475 2024; x_wconf 73' lang='lat' dir='ltr'><strong>ooo.</strong></span> <span class='ocrx_word' id='word_1_133' title='bbox 517 1961 766 2043; x_wconf 80' lang='grc' dir='ltr'>ἐμὸαλὼν</span> <span class='ocrx_word' id='word_1_134' title='bbox 794 1966 1056 2043; x_wconf 72' lang='grc' dir='ltr'>σπινθῆρα</span> <span class='ocrx_word' id='word_1_135' title='bbox 1089 1982 1104 2023; x_wconf 88' lang='lat'>:</span> <span class='ocrx_word' id='word_1_136' title='bbox 1139 1960 1295 2022; x_wconf 68' lang='grc' dir='ltr'>Ἐπεὶ</span> <span class='ocrx_word' id='word_1_137' title='bbox 1326 1960 1576 2044; x_wconf 83' lang='grc' dir='ltr'>ψήφισμα</span> <span class='ocrx_word' id='word_1_138' title='bbox 1615 1960 1739 2042; x_wconf 75' lang='grc' dir='ltr'>περὶ</span> <span class='ocrx_word' id='word_1_139' title='bbox 1768 1963 1873 2019; x_wconf 84' lang='grc' dir='ltr'>τῶν</span> 
     </span>
    </p>

    <p class='ocr_par' dir='ltr' id='par_1_8' title="bbox 219 2045 1873 2310">
     <span class='ocr_line' id='line_1_21' title="bbox 219 2045 1871 2131; baseline -0.005 -16"><span class='ocrx_word' id='word_1_140' title='bbox 219 2074 272 2115; x_wconf 76' lang='lat'>20</span> <span class='ocrx_word' id='word_1_141' title='bbox 297 2049 593 2131; x_wconf 77' lang='grc' dir='ltr'>Μεγαρέων</span> <span class='ocrx_word' id='word_1_142' title='bbox 635 2053 664 2108; x_wconf 87' lang='lat'><em>6</em></span> <span class='ocrx_word' id='word_1_143' title='bbox 702 2051 966 2128; x_wconf 85' lang='grc' dir='ltr'>Περικλῆς</span> <span class='ocrx_word' id='word_1_144' title='bbox 1005 2047 1230 2131; x_wconf 70' lang='grc' dir='ltr'>ἔγραψε,</span> <span class='ocrx_word' id='word_1_145' title='bbox 1260 2048 1396 2127; x_wconf 86' lang='grc' dir='ltr'>μήτε</span> <span class='ocrx_word' id='word_1_146' title='bbox 1427 2054 1523 2128; x_wconf 87' lang='grc' dir='ltr'>γῆς</span> <span class='ocrx_word' id='word_1_147' title='bbox 1560 2048 1695 2126; x_wconf 90' lang='grc' dir='ltr'>μήτε</span> <span class='ocrx_word' id='word_1_148' title='bbox 1721 2045 1871 2125; x_wconf 80' lang='grc' dir='ltr'>λιμέ-</span> 
     </span>
     <span class='ocr_line' id='line_1_22' title="bbox 298 2135 1872 2224; baseline -0.003 -25"><span class='ocrx_word' id='word_1_149' title='bbox 298 2163 399 2199; x_wconf 89' lang='grc' dir='ltr'>νων</span> <span class='ocrx_word' id='word_1_150' title='bbox 441 2135 625 2205; x_wconf 70' lang='grc' dir='ltr'>αὐτοὺς</span> <span class='ocrx_word' id='word_1_151' title='bbox 663 2135 949 2197; x_wconf 77' lang='grc' dir='ltr'>ἐπιὸαίνειν</span> <span class='ocrx_word' id='word_1_152' title='bbox 998 2137 1266 2213; x_wconf 75' lang='grc' dir='ltr'>Ἀττικῶν,</span> <span class='ocrx_word' id='word_1_153' title='bbox 1305 2140 1351 2196; x_wconf 91' lang='grc' dir='ltr'>εἰ</span> <span class='ocrx_word' id='word_1_154' title='bbox 1403 2137 1459 2196; x_wconf 86' lang='grc' dir='ltr'>δὲ</span> <span class='ocrx_word' id='word_1_155' title='bbox 1502 2135 1609 2224; x_wconf 62' lang='grc' dir='ltr'>μὴ,</span> <span class='ocrx_word' id='word_1_156' title='bbox 1649 2136 1739 2195; x_wconf 82' lang='grc' dir='ltr'>τὸν</span> <span class='ocrx_word' id='word_1_157' title='bbox 1773 2137 1872 2207; x_wconf 82' lang='grc' dir='ltr'>λη·</span> 
     </span>
     <span class='ocr_line' id='line_1_23' title="bbox 298 2215 1873 2310; baseline -0.001 -25"><span class='ocrx_word' id='word_1_158' title='bbox 298 2225 491 2310; x_wconf 78' lang='grc' dir='ltr'>φθέντα</span> <span class='ocrx_word' id='word_1_159' title='bbox 552 2224 820 2306; x_wconf 81' lang='grc' dir='ltr'>ἀγώγιμον</span> <span class='ocrx_word' id='word_1_160' title='bbox 871 2215 1019 2284; x_wconf 75' lang='grc' dir='ltr'>εἶναι.</span> <span class='ocrx_word' id='word_1_161' title='bbox 1066 2226 1170 2305; x_wconf 73' lang='grc' dir='ltr'>(ἐφ’</span> <span class='ocrx_word' id='word_1_162' title='bbox 1227 2215 1273 2308; x_wconf 74' lang='grc' dir='ltr'><em>ᾧ</em></span> <span class='ocrx_word' id='word_1_163' title='bbox 1326 2229 1596 2298; x_wconf 83' lang='grc' dir='ltr'>κινηθεῖσα</span> <span class='ocrx_word' id='word_1_164' title='bbox 1638 2233 1788 2284; x_wconf 80' lang='grc' dir='ltr'>πᾶσα</span> <span class='ocrx_word' id='word_1_165' title='bbox 1838 2228 1873 2296; x_wconf 83' lang='grc' dir='ltr'>ἡ</span> 
     </span>
    </p>

    <p class='ocr_par' dir='ltr' id='par_1_9' title="bbox 222 2311 1874 2482">
     <span class='ocr_line' id='line_1_24' title="bbox 222 2311 1873 2393; baseline -0.004 -17"><span class='ocrx_word' id='word_1_166' title='bbox 222 2389 226 2393; x_wconf 16' lang='grc' dir='ltr'><strong>Δ</strong></span> <span class='ocrx_word' id='word_1_167' title='bbox 299 2311 498 2383; x_wconf 76' lang='grc' dir='ltr'>Ἑλλὰς</span> <span class='ocrx_word' id='word_1_168' title='bbox 555 2313 643 2372; x_wconf 82' lang='grc' dir='ltr'>τὸν</span> <span class='ocrx_word' id='word_1_169' title='bbox 702 2311 934 2392; x_wconf 88' lang='grc' dir='ltr'>πόλεμον</span> <span class='ocrx_word' id='word_1_170' title='bbox 997 2313 1233 2386; x_wconf 84' lang='grc' dir='ltr'>ἐποίησε.</span> <span class='ocrx_word' id='word_1_171' title='bbox 1289 2312 1423 2380; x_wconf 79' lang='grc' dir='ltr'>τινὲς</span> <span class='ocrx_word' id='word_1_172' title='bbox 1476 2312 1533 2372; x_wconf 81' lang='grc' dir='ltr'>δέ</span> <span class='ocrx_word' id='word_1_173' title='bbox 1581 2336 1738 2393; x_wconf 80' lang='grc' dir='ltr'>φασιν</span> <span class='ocrx_word' id='word_1_174' title='bbox 1793 2311 1873 2371; x_wconf 80' lang='grc' dir='ltr'>ὅτι</span> 
     </span>
     <span class='ocr_line' id='line_1_25' title="bbox 298 2400 1874 2482; baseline -0.003 -20"><span class='ocrx_word' id='word_1_175' title='bbox 298 2401 509 2472; x_wconf 83' lang='grc' dir='ltr'>ἔπλεξεν</span> <span class='ocrx_word' id='word_1_176' title='bbox 539 2402 747 2479; x_wconf 75' lang='grc' dir='ltr'>αὐτοῖς,</span> <span class='ocrx_word' id='word_1_177' title='bbox 776 2400 869 2460; x_wconf 76' lang='grc' dir='ltr'>καὶ</span> <span class='ocrx_word' id='word_1_178' title='bbox 914 2400 1275 2482; x_wconf 86' lang='grc' dir='ltr'>κατηγόρησεν</span> <span class='ocrx_word' id='word_1_179' title='bbox 1304 2404 1475 2461; x_wconf 82' lang='grc' dir='ltr'>αὐτῶν</span> <span class='ocrx_word' id='word_1_180' title='bbox 1501 2404 1571 2470; x_wconf 80' lang='grc' dir='ltr'>ὥς</span> <span class='ocrx_word' id='word_1_181' title='bbox 1602 2400 1874 2482; x_wconf 76' lang='grc' dir='ltr'>ἁρπασάν·</span> 
     </span>
    </p>

    <p class='ocr_par' dir='ltr' id='par_1_10' title="bbox 219 2488 1873 2572">
     <span class='ocr_line' id='line_1_26' title="bbox 219 2488 1873 2572; baseline -0.001 -21"><span class='ocrx_word' id='word_1_182' title='bbox 219 2513 271 2551; x_wconf 77' lang='lat'>25</span> <span class='ocrx_word' id='word_1_183' title='bbox 297 2515 402 2552; x_wconf 91' lang='grc' dir='ltr'>των</span> <span class='ocrx_word' id='word_1_184' title='bbox 429 2492 680 2571; x_wconf 89' lang='grc' dir='ltr'>γυναῖκας</span> <span class='ocrx_word' id='word_1_185' title='bbox 704 2488 989 2563; x_wconf 81' lang='grc' dir='ltr'>Ἀθηναίων</span> <span class='ocrx_word' id='word_1_186' title='bbox 1019 2491 1074 2548; x_wconf 81' lang='grc' dir='ltr'>ἐν</span> <span class='ocrx_word' id='word_1_187' title='bbox 1096 2493 1270 2572; x_wconf 70' lang='grc' dir='ltr'>ἑορτῇ,</span> <span class='ocrx_word' id='word_1_188' title='bbox 1297 2488 1693 2569; x_wconf 64' lang='grc' dir='ltr'>συμβουλεύσας</span> <span class='ocrx_word' id='word_1_189' title='bbox 1709 2491 1873 2550; x_wconf 79' lang='grc' dir='ltr'>πολι-</span> 
     </span>
    </p>

    <p class='ocr_par' dir='ltr' id='par_1_11' title="bbox 296 2581 1875 2927">
     <span class='ocr_line' id='line_1_27' title="bbox 343 2581 553 2658; baseline 0 -18"><span class='ocrx_word' id='word_1_190' title='bbox 343 2581 553 2658; x_wconf 89' lang='grc' dir='ltr'>εῖσθαι.)</span> 
     </span>
     <span class='ocr_line' id='line_1_28' title="bbox 298 2605 1875 2750; baseline -0.004 -21"><span class='ocrx_word' id='word_1_191' title='bbox 298 2605 341 2660; x_wconf 75' lang='grc' dir='ltr'>μ</span> <span class='ocrx_word' id='word_1_192' title='bbox 377 2689 472 2729; x_wconf 76' lang='grc' dir='ltr'>οιο.</span> <span class='ocrx_word' id='word_1_193' title='bbox 515 2664 797 2750; x_wconf 76' lang='grc' dir='ltr'>ἐξεφύσησε</span> <span class='ocrx_word' id='word_1_194' title='bbox 832 2663 932 2747; x_wconf 74' lang='grc' dir='ltr'>γὰρ</span> <span class='ocrx_word' id='word_1_195' title='bbox 975 2686 991 2726; x_wconf 87' lang='lat'><strong>:</strong></span> <span class='ocrx_word' id='word_1_196' title='bbox 1036 2662 1395 2739; x_wconf 78' lang='grc' dir='ltr'>Ἐξεκίνησεν,</span> <span class='ocrx_word' id='word_1_197' title='bbox 1445 2663 1709 2747; x_wconf 76' lang='grc' dir='ltr'>ἐτάραξεν.</span> <span class='ocrx_word' id='word_1_198' title='bbox 1758 2662 1875 2734; x_wconf 70' lang='grc' dir='ltr'>ἑξῆς</span> 
     </span>
     <span class='ocr_line' id='line_1_29' title="bbox 298 2749 1874 2835; baseline -0.003 -19"><span class='ocrx_word' id='word_1_199' title='bbox 298 2754 355 2816; x_wconf 82' lang='grc' dir='ltr'>δὲ</span> <span class='ocrx_word' id='word_1_200' title='bbox 403 2755 509 2816; x_wconf 81' lang='grc' dir='ltr'>ἀπὸ</span> <span class='ocrx_word' id='word_1_201' title='bbox 543 2760 634 2814; x_wconf 90' lang='grc' dir='ltr'>τοῦ</span> <span class='ocrx_word' id='word_1_202' title='bbox 676 2757 955 2835; x_wconf 75' lang='grc' dir='ltr'>σπινθῆρος</span> <span class='ocrx_word' id='word_1_203' title='bbox 992 2751 1055 2812; x_wconf 84' lang='grc' dir='ltr'>τὸ</span> <span class='ocrx_word' id='word_1_204' title='bbox 1097 2756 1331 2834; x_wconf 82' lang='grc' dir='ltr'>φυσῆσαι</span> <span class='ocrx_word' id='word_1_205' title='bbox 1372 2752 1551 2814; x_wconf 77' lang='grc' dir='ltr'>ἔλαὸε.</span> <span class='ocrx_word' id='word_1_206' title='bbox 1590 2755 1778 2833; x_wconf 76' lang='grc' dir='ltr'>καπνῷ</span> <span class='ocrx_word' id='word_1_207' title='bbox 1817 2749 1874 2811; x_wconf 78' lang='grc' dir='ltr'>δὲ</span> 
     </span>
     <span class='ocr_line' id='line_1_30' title="bbox 296 2837 1552 2927; baseline -0.002 -23"><span class='ocrx_word' id='word_1_208' title='bbox 296 2846 556 2927; x_wconf 79' lang='grc' dir='ltr'>τροπικῶς</span> <span class='ocrx_word' id='word_1_209' title='bbox 583 2842 765 2914; x_wconf 83' lang='grc' dir='ltr'>εἰπὼν,</span> <span class='ocrx_word' id='word_1_210' title='bbox 795 2839 1036 2920; x_wconf 73' lang='grc' dir='ltr'>ἐπέμεινε</span> <span class='ocrx_word' id='word_1_211' title='bbox 1072 2837 1244 2900; x_wconf 86' lang='grc' dir='ltr'>διόλου</span> <span class='ocrx_word' id='word_1_212' title='bbox 1269 2843 1335 2918; x_wconf 87' lang='grc' dir='ltr'>τῇ</span> <span class='ocrx_word' id='word_1_213' title='bbox 1363 2842 1552 2921; x_wconf 81' lang='grc' dir='ltr'>τροπῇ.</span> 
     </span>
    </p>

    <p class='ocr_par' dir='ltr' id='par_1_12' title="bbox 218 2926 1876 3361">
     <span class='ocr_line' id='line_1_31' title="bbox 218 2926 1876 3011; baseline -0.004 -18"><span class='ocrx_word' id='word_1_214' title='bbox 218 2962 273 3002; x_wconf 76' lang='lat'>30</span> <span class='ocrx_word' id='word_1_215' title='bbox 377 2953 476 2993; x_wconf 66' lang='grc' dir='ltr'>σω.</span> <span class='ocrx_word' id='word_1_216' title='bbox 525 2934 614 3009; x_wconf 79' lang='grc' dir='ltr'>(ὥς</span> <span class='ocrx_word' id='word_1_217' title='bbox 649 2930 693 2989; x_wconf 80' lang='grc' dir='ltr'>δ’</span> <span class='ocrx_word' id='word_1_218' title='bbox 735 2928 879 2999; x_wconf 78' lang='grc' dir='ltr'>ἅπαξ</span> <span class='ocrx_word' id='word_1_219' title='bbox 918 2928 981 2989; x_wconf 76' lang='grc' dir='ltr'>τὸ</span> <span class='ocrx_word' id='word_1_220' title='bbox 1025 2932 1230 3011; x_wconf 83' lang='grc' dir='ltr'>πρῶτον</span> <span class='ocrx_word' id='word_1_221' title='bbox 1272 2950 1287 2990; x_wconf 76' lang='lat'>2</span> <span class='ocrx_word' id='word_1_222' title='bbox 1322 2928 1546 2997; x_wconf 82' lang='grc' dir='ltr'>Οἰκείως</span> <span class='ocrx_word' id='word_1_223' title='bbox 1586 2927 1718 3009; x_wconf 84' lang='grc' dir='ltr'>πρὸς</span> <span class='ocrx_word' id='word_1_224' title='bbox 1756 2926 1876 2995; x_wconf 76' lang='grc' dir='ltr'>τοὺς</span> 
     </span>
     <span class='ocr_line' id='line_1_32' title="bbox 295 3014 1874 3104; baseline -0.004 -24"><span class='ocrx_word' id='word_1_225' title='bbox 295 3018 557 3104; x_wconf 79' lang='grc' dir='ltr'>γεωργοὺς</span> <span class='ocrx_word' id='word_1_226' title='bbox 582 3016 752 3099; x_wconf 90' lang='grc' dir='ltr'>λέγων</span> <span class='ocrx_word' id='word_1_227' title='bbox 767 3016 1036 3087; x_wconf 77' lang='grc' dir='ltr'>τοιαύταις</span> <span class='ocrx_word' id='word_1_228' title='bbox 1056 3026 1276 3100; x_wconf 89' lang='grc' dir='ltr'>τροπαῖς</span> <span class='ocrx_word' id='word_1_229' title='bbox 1293 3016 1575 3099; x_wconf 84' lang='grc' dir='ltr'>ἐχρήσατο·</span> <span class='ocrx_word' id='word_1_230' title='bbox 1595 3014 1874 3095; x_wconf 76' lang='grc' dir='ltr'>συμὸαίνει</span> 
     </span>
     <span class='ocr_line' id='line_1_33' title="bbox 295 3102 1874 3191; baseline -0.004 -23"><span class='ocrx_word' id='word_1_231' title='bbox 295 3107 396 3191; x_wconf 78' lang='grc' dir='ltr'>γὰρ</span> <span class='ocrx_word' id='word_1_232' title='bbox 431 3110 483 3167; x_wconf 85' lang='grc' dir='ltr'>ἐν</span> <span class='ocrx_word' id='word_1_233' title='bbox 523 3111 590 3187; x_wconf 86' lang='grc' dir='ltr'>τῇ</span> <span class='ocrx_word' id='word_1_234' title='bbox 624 3104 858 3165; x_wconf 83' lang='grc' dir='ltr'>συνθέσει</span> <span class='ocrx_word' id='word_1_235' title='bbox 897 3109 1002 3164; x_wconf 87' lang='grc' dir='ltr'>τῶν</span> <span class='ocrx_word' id='word_1_236' title='bbox 1045 3104 1211 3165; x_wconf 89' lang='grc' dir='ltr'>πίθων</span> <span class='ocrx_word' id='word_1_237' title='bbox 1241 3105 1334 3164; x_wconf 74' lang='grc' dir='ltr'>ἕνα</span> <span class='ocrx_word' id='word_1_238' title='bbox 1376 3106 1754 3187; x_wconf 87' lang='grc' dir='ltr'>διαρραγῆναι,</span> <span class='ocrx_word' id='word_1_239' title='bbox 1782 3102 1874 3164; x_wconf 80' lang='grc' dir='ltr'>καί</span> 
     </span>
     <span class='ocr_line' id='line_1_34' title="bbox 294 3191 1873 3275; baseline -0.004 -19"><span class='ocrx_word' id='word_1_240' title='bbox 294 3195 478 3256; x_wconf 88' lang='grc' dir='ltr'>τούτου</span> <span class='ocrx_word' id='word_1_241' title='bbox 502 3194 570 3254; x_wconf 80' lang='grc' dir='ltr'>τὰ</span> <span class='ocrx_word' id='word_1_242' title='bbox 603 3192 838 3275; x_wconf 81' lang='grc' dir='ltr'>ὄστρακα</span> <span class='ocrx_word' id='word_1_243' title='bbox 859 3194 1217 3266; x_wconf 85' lang='grc' dir='ltr'>πλησιάζοντα</span> <span class='ocrx_word' id='word_1_244' title='bbox 1250 3192 1528 3275; x_wconf 79' lang='grc' dir='ltr'>διαρρῆξαι</span> <span class='ocrx_word' id='word_1_245' title='bbox 1559 3192 1752 3275; x_wconf 75' lang='grc' dir='ltr'>ἕτερον,</span> <span class='ocrx_word' id='word_1_246' title='bbox 1781 3191 1873 3251; x_wconf 83' lang='grc' dir='ltr'>καὶ</span> 
     </span>
     <span class='ocr_line' id='line_1_35' title="bbox 296 3278 1874 3361; baseline -0.003 -18"><span class='ocrx_word' id='word_1_247' title='bbox 296 3290 477 3343; x_wconf 88' lang='grc' dir='ltr'>τοῦτον</span> <span class='ocrx_word' id='word_1_248' title='bbox 513 3281 674 3341; x_wconf 88' lang='grc' dir='ltr'>πάλιν</span> <span class='ocrx_word' id='word_1_249' title='bbox 713 3280 803 3341; x_wconf 84' lang='grc' dir='ltr'>τὸν</span> <span class='ocrx_word' id='word_1_250' title='bbox 850 3281 1002 3361; x_wconf 74' lang='grc' dir='ltr'>ἐγγὺς</span> <span class='ocrx_word' id='word_1_251' title='bbox 1016 3326 1034 3359; x_wconf 95' lang='grc'>,</span> <span class='ocrx_word' id='word_1_252' title='bbox 1080 3279 1219 3341; x_wconf 79' lang='grc' dir='ltr'>ὥστε</span> <span class='ocrx_word' id='word_1_253' title='bbox 1265 3280 1467 3353; x_wconf 83' lang='grc' dir='ltr'>πολλὴν</span> <span class='ocrx_word' id='word_1_254' title='bbox 1508 3281 1747 3361; x_wconf 80' lang='grc' dir='ltr'>γενέσθαι</span> <span class='ocrx_word' id='word_1_255' title='bbox 1777 3278 1874 3353; x_wconf 78' lang='grc' dir='ltr'>τὴν</span> 
     </span>
    </p>

    <p class='ocr_par' dir='ltr' id='par_1_13' title="bbox 218 3367 1875 3713">
     <span class='ocr_line' id='line_1_36' title="bbox 218 3367 1875 3452; baseline -0.003 -21"><span class='ocrx_word' id='word_1_256' title='bbox 218 3399 271 3438; x_wconf 75' lang='lat'>35</span> <span class='ocrx_word' id='word_1_257' title='bbox 302 3370 526 3452; x_wconf 79' lang='grc' dir='ltr'>βλάὸην.</span> <span class='ocrx_word' id='word_1_258' title='bbox 555 3370 615 3427; x_wconf 83' lang='grc' dir='ltr'>τὸ</span> <span class='ocrx_word' id='word_1_259' title='bbox 645 3370 700 3428; x_wconf 80' lang='grc' dir='ltr'>δὲ</span> <span class='ocrx_word' id='word_1_260' title='bbox 727 3367 1009 3448; x_wconf 86' lang='grc' dir='ltr'>λεγόμενον</span> <span class='ocrx_word' id='word_1_261' title='bbox 1036 3367 1272 3429; x_wconf 87' lang='grc' dir='ltr'>τοιοῦτόν</span> <span class='ocrx_word' id='word_1_262' title='bbox 1302 3372 1468 3442; x_wconf 87' lang='grc' dir='ltr'>ἐστιν,</span> <span class='ocrx_word' id='word_1_263' title='bbox 1499 3373 1571 3436; x_wconf 81' lang='grc' dir='ltr'>ὥς</span> <span class='ocrx_word' id='word_1_264' title='bbox 1597 3367 1739 3438; x_wconf 78' lang='grc' dir='ltr'>ἅπαξ</span> <span class='ocrx_word' id='word_1_265' title='bbox 1767 3372 1875 3428; x_wconf 83' lang='grc' dir='ltr'>ἐκι-</span> 
     </span>
     <span class='ocr_line' id='line_1_37' title="bbox 298 3456 1870 3538; baseline -0.003 -19"><span class='ocrx_word' id='word_1_266' title='bbox 298 3460 427 3533; x_wconf 91' lang='grc' dir='ltr'>νήθη</span> <span class='ocrx_word' id='word_1_267' title='bbox 462 3456 555 3517; x_wconf 75' lang='grc' dir='ltr'>καὶ</span> <span class='ocrx_word' id='word_1_268' title='bbox 582 3480 770 3516; x_wconf 87' lang='grc' dir='ltr'>συνετα</span> <span class='ocrx_word' id='word_1_269' title='bbox 807 3456 944 3537; x_wconf 85' lang='grc' dir='ltr'>άχθη</span> <span class='ocrx_word' id='word_1_270' title='bbox 975 3457 1042 3516; x_wconf 74' lang='grc' dir='ltr'>τὰ</span> <span class='ocrx_word' id='word_1_271' title='bbox 1070 3458 1362 3538; x_wconf 89' lang='grc' dir='ltr'>πράγματα</span> <span class='ocrx_word' id='word_1_272' title='bbox 1391 3462 1483 3516; x_wconf 90' lang='grc' dir='ltr'>τοῦ</span> <span class='ocrx_word' id='word_1_273' title='bbox 1518 3456 1752 3534; x_wconf 84' lang='grc' dir='ltr'>πολέμου</span> <span class='ocrx_word' id='word_1_274' title='bbox 1778 3480 1870 3536; x_wconf 91' lang='grc' dir='ltr'>γε-</span> 
     </span>
     <span class='ocr_line' id='line_1_38' title="bbox 297 3480 1874 3624; baseline -0.003 -17"><span class='ocrx_word' id='word_1_275' title='bbox 297 3544 543 3624; x_wconf 86' lang='grc' dir='ltr'>νομένου,</span> <span class='ocrx_word' id='word_1_276' title='bbox 578 3543 747 3604; x_wconf 81' lang='grc' dir='ltr'>οὐκέτι</span> <span class='ocrx_word' id='word_1_277' title='bbox 776 3480 846 3616; x_wconf 46' lang='grc' dir='ltr'>ἓν</span> <span class='ocrx_word' id='word_1_278' title='bbox 874 3543 992 3603; x_wconf 79' lang='grc' dir='ltr'>οὐδὲ</span> <span class='ocrx_word' id='word_1_279' title='bbox 1024 3535 1097 3613; x_wconf 77' lang='grc' dir='ltr'>εἷς</span> <span class='ocrx_word' id='word_1_280' title='bbox 1130 3543 1185 3612; x_wconf 84' lang='grc' dir='ltr'>ὃς</span> <span class='ocrx_word' id='word_1_281' title='bbox 1219 3544 1447 3616; x_wconf 83' lang='grc' dir='ltr'>ἠδύνατο</span> <span class='ocrx_word' id='word_1_282' title='bbox 1477 3544 1614 3604; x_wconf 71' lang='grc' dir='ltr'>αὐτὰ</span> <span class='ocrx_word' id='word_1_283' title='bbox 1640 3550 1874 3617; x_wconf 90' lang='grc' dir='ltr'>παῦσαι,</span> 
     </span>
     <span class='ocr_line' id='line_1_39' title="bbox 297 3629 1275 3713; baseline -0.002 -19"><span class='ocrx_word' id='word_1_284' title='bbox 297 3633 389 3694; x_wconf 76' lang='grc' dir='ltr'>καὶ</span> <span class='ocrx_word' id='word_1_285' title='bbox 415 3632 577 3700; x_wconf 74' lang='grc' dir='ltr'>οὕτως</span> <span class='ocrx_word' id='word_1_286' title='bbox 604 3636 638 3703; x_wconf 87' lang='grc' dir='ltr'>ἠ</span> <span class='ocrx_word' id='word_1_287' title='bbox 669 3629 846 3712; x_wconf 90' lang='grc' dir='ltr'>εἰρήνη</span> <span class='ocrx_word' id='word_1_288' title='bbox 877 3630 1275 3713; x_wconf 84' lang='grc' dir='ltr'>παραπώλετο.)</span> 
     </span>
    </p>

    <p class='ocr_par' dir='ltr' id='par_1_14' title="bbox 378 3717 1872 3798">
     <span class='ocr_line' id='line_1_40' title="bbox 378 3717 1872 3798; baseline -0.002 -17"><span class='ocrx_word' id='word_1_289' title='bbox 378 3740 475 3781; x_wconf 70' lang='grc'>813.</span> <span class='ocrx_word' id='word_1_290' title='bbox 522 3719 632 3798; x_wconf 76' lang='grc' dir='ltr'>(καὶ</span> <span class='ocrx_word' id='word_1_291' title='bbox 668 3718 816 3786; x_wconf 87' lang='grc' dir='ltr'>πίθος</span> <span class='ocrx_word' id='word_1_292' title='bbox 860 3719 1079 3797; x_wconf 81' lang='grc' dir='ltr'>πληγεὶς</span> <span class='ocrx_word' id='word_1_293' title='bbox 1124 3739 1138 3780; x_wconf 87' lang='lat'>:</span> <span class='ocrx_word' id='word_1_294' title='bbox 1182 3724 1357 3781; x_wconf 88' lang='grc' dir='ltr'>Τοῦτο</span> <span class='ocrx_word' id='word_1_295' title='bbox 1395 3717 1548 3796; x_wconf 87' lang='grc' dir='ltr'>λόγον</span> <span class='ocrx_word' id='word_1_296' title='bbox 1593 3721 1689 3778; x_wconf 78' lang='grc' dir='ltr'>οὔκ</span> <span class='ocrx_word' id='word_1_297' title='bbox 1733 3718 1872 3797; x_wconf 79' lang='grc' dir='ltr'>ἔχει,</span> 
     </span>
    </p>

    <p class='ocr_par' dir='ltr' id='par_1_15' title="bbox 218 3805 1873 3978">
     <span class='ocr_line' id='line_1_41' title="bbox 218 3805 1873 3885; baseline -0.003 -14"><span class='ocrx_word' id='word_1_298' title='bbox 218 3833 272 3873; x_wconf 73' lang='lat'>40</span> <span class='ocrx_word' id='word_1_299' title='bbox 298 3808 416 3871; x_wconf 87' lang='grc' dir='ltr'>ἀλλ’</span> <span class='ocrx_word' id='word_1_300' title='bbox 458 3807 512 3877; x_wconf 82' lang='grc' dir='ltr'>ἐξ</span> <span class='ocrx_word' id='word_1_301' title='bbox 556 3809 713 3867; x_wconf 79' lang='grc' dir='ltr'>αὐτοῦ</span> <span class='ocrx_word' id='word_1_302' title='bbox 756 3807 909 3880; x_wconf 87' lang='grc' dir='ltr'>δηλοῖ</span> <span class='ocrx_word' id='word_1_303' title='bbox 942 3806 1062 3876; x_wconf 74' lang='grc' dir='ltr'>τοὺς</span> <span class='ocrx_word' id='word_1_304' title='bbox 1095 3805 1275 3876; x_wconf 83' lang='grc' dir='ltr'>πίθους</span> <span class='ocrx_word' id='word_1_305' title='bbox 1318 3805 1420 3866; x_wconf 75' lang='grc' dir='ltr'>ὑπὸ</span> <span class='ocrx_word' id='word_1_306' title='bbox 1461 3809 1567 3865; x_wconf 83' lang='grc' dir='ltr'>τῶν</span> <span class='ocrx_word' id='word_1_307' title='bbox 1608 3806 1873 3885; x_wconf 83' lang='grc' dir='ltr'>πολεμίων</span> 
     </span>
     <span class='ocr_line' id='line_1_42' title="bbox 296 3896 693 3978; baseline -0.015 -19"><span class='ocrx_word' id='word_1_308' title='bbox 296 3896 693 3978; x_wconf 83' lang='grc' dir='ltr'>κατάγνυσθαι.)</span> 
     </span>
    </p>

    <p class='ocr_par' dir='ltr' id='par_1_16' title="bbox 295 3981 1875 4242">
     <span class='ocr_line' id='line_1_43' title="bbox 376 3981 1875 4065; baseline -0.004 -18"><span class='ocrx_word' id='word_1_309' title='bbox 376 4006 474 4047; x_wconf 75' lang='grc' dir='ltr'>σισ.</span> <span class='ocrx_word' id='word_1_310' title='bbox 519 3982 806 4065; x_wconf 76' lang='grc' dir='ltr'>(προσήκοι</span> <span class='ocrx_word' id='word_1_311' title='bbox 853 4002 869 4044; x_wconf 85' lang='lat'>:</span> <span class='ocrx_word' id='word_1_312' title='bbox 913 3981 1182 4062; x_wconf 75' lang='grc' dir='ltr'>Συγγενὴς</span> <span class='ocrx_word' id='word_1_313' title='bbox 1226 3981 1326 4054; x_wconf 84' lang='grc' dir='ltr'>εἴη.</span> <span class='ocrx_word' id='word_1_314' title='bbox 1369 3981 1430 4042; x_wconf 82' lang='grc' dir='ltr'>τὸ</span> <span class='ocrx_word' id='word_1_315' title='bbox 1472 3981 1575 4065; x_wconf 76' lang='grc' dir='ltr'>γὰρ</span> <span class='ocrx_word' id='word_1_316' title='bbox 1616 3981 1875 4065; x_wconf 89' lang='grc' dir='ltr'>προσήκοι</span> 
     </span>
     <span class='ocr_line' id='line_1_44' title="bbox 295 4063 1874 4152; baseline -0.002 -19"><span class='ocrx_word' id='word_1_317' title='bbox 295 4073 504 4152; x_wconf 85' lang='grc' dir='ltr'>λέγεται</span> <span class='ocrx_word' id='word_1_318' title='bbox 539 4072 629 4131; x_wconf 81' lang='grc' dir='ltr'>ἐπὶ</span> <span class='ocrx_word' id='word_1_319' title='bbox 658 4074 764 4129; x_wconf 87' lang='grc' dir='ltr'>τῶν</span> <span class='ocrx_word' id='word_1_320' title='bbox 797 4075 1076 4149; x_wconf 82' lang='grc' dir='ltr'>συγγενῶν.</span> <span class='ocrx_word' id='word_1_321' title='bbox 1107 4069 1195 4131; x_wconf 72' lang='grc' dir='ltr'>διὰ</span> <span class='ocrx_word' id='word_1_322' title='bbox 1226 4076 1379 4131; x_wconf 85' lang='grc' dir='ltr'>τοῦτο</span> <span class='ocrx_word' id='word_1_323' title='bbox 1409 4071 1713 4150; x_wconf 81' lang='grc' dir='ltr'>ἐπήνεγκεν,</span> <span class='ocrx_word' id='word_1_324' title='bbox 1742 4063 1874 4132; x_wconf 72' lang='grc' dir='ltr'>οῧσα</span> 
     </span>
     <span class='ocr_line' id='line_1_45' title="bbox 298 4158 1870 4242; baseline -0.001 -21"><span class='ocrx_word' id='word_1_325' title='bbox 298 4159 551 4242; x_wconf 77' lang='grc' dir='ltr'>συγγενὴς</span> <span class='ocrx_word' id='word_1_326' title='bbox 586 4159 802 4220; x_wconf 86' lang='grc' dir='ltr'>ἐκείνου.</span> <span class='ocrx_word' id='word_1_327' title='bbox 834 4163 1058 4238; x_wconf 88' lang='grc' dir='ltr'>συγγενῆ</span> <span class='ocrx_word' id='word_1_328' title='bbox 1100 4158 1157 4219; x_wconf 79' lang='grc' dir='ltr'>δὲ</span> <span class='ocrx_word' id='word_1_329' title='bbox 1198 4159 1355 4219; x_wconf 78' lang='grc' dir='ltr'>αὐτόν</span> <span class='ocrx_word' id='word_1_330' title='bbox 1395 4182 1573 4241; x_wconf 76' lang='grc' dir='ltr'>φησιν,</span> <span class='ocrx_word' id='word_1_331' title='bbox 1602 4160 1717 4219; x_wconf 76' lang='grc' dir='ltr'>ἐπεὶ</span> <span class='ocrx_word' id='word_1_332' title='bbox 1758 4160 1870 4238; x_wconf 81' lang='grc' dir='ltr'>ἅμα</span> 
     </span>
    </p>

    <p class='ocr_par' dir='ltr' id='par_1_17' title="bbox 218 4245 1434 4332">
     <span class='ocr_line' id='line_1_46' title="bbox 218 4245 1434 4332; baseline -0.002 -23"><span class='ocrx_word' id='word_1_333' title='bbox 218 4278 271 4318; x_wconf 66' lang='lat'>⁴5</span> <span class='ocrx_word' id='word_1_334' title='bbox 299 4254 373 4330; x_wconf 79' lang='grc' dir='ltr'>τῷ</span> <span class='ocrx_word' id='word_1_335' title='bbox 401 4256 578 4332; x_wconf 76' lang='grc' dir='ltr'>φυγεῖν</span> <span class='ocrx_word' id='word_1_336' title='bbox 604 4247 759 4307; x_wconf 75' lang='grc' dir='ltr'>αὐτὸν</span> <span class='ocrx_word' id='word_1_337' title='bbox 788 4251 823 4318; x_wconf 80' lang='grc' dir='ltr'>ἡ</span> <span class='ocrx_word' id='word_1_338' title='bbox 852 4245 1032 4328; x_wconf 83' lang='grc' dir='ltr'>εἰρήνη</span> <span class='ocrx_word' id='word_1_339' title='bbox 1064 4245 1434 4327; x_wconf 80' lang='grc' dir='ltr'>ἀνεχώρησεν.)</span> 
     </span>
    </p>

    <p class='ocr_par' dir='ltr' id='par_1_18' title="bbox 295 4327 1874 4682">
     <span class='ocr_line' id='line_1_47' title="bbox 376 4327 1873 4416; baseline -0.003 -19"><span class='ocrx_word' id='word_1_340' title='bbox 376 4359 475 4399; x_wconf 78' lang='grc' dir='ltr'>ειε.</span> <span class='ocrx_word' id='word_1_341' title='bbox 526 4327 680 4415; x_wconf 62' lang='grc' dir='ltr'>(οὖσα</span> <span class='ocrx_word' id='word_1_342' title='bbox 719 4333 972 4414; x_wconf 79' lang='grc' dir='ltr'>συγγενὴς</span> <span class='ocrx_word' id='word_1_343' title='bbox 1004 4356 1018 4393; x_wconf 87' lang='lat'>:</span> <span class='ocrx_word' id='word_1_344' title='bbox 1060 4334 1215 4396; x_wconf 78' lang='grc' dir='ltr'>Ἐπεὶ</span> <span class='ocrx_word' id='word_1_345' title='bbox 1242 4338 1511 4416; x_wconf 82' lang='grc' dir='ltr'>προεῖπεν,</span> <span class='ocrx_word' id='word_1_346' title='bbox 1540 4362 1565 4388; x_wconf 76' lang='grc' dir='ltr'>«ι</span> <span class='ocrx_word' id='word_1_347' title='bbox 1597 4335 1705 4394; x_wconf 78' lang='grc' dir='ltr'>οὔδ’</span> <span class='ocrx_word' id='word_1_348' title='bbox 1731 4333 1873 4403; x_wconf 78' lang='grc' dir='ltr'>ὅπως</span> 
     </span>
     <span class='ocr_line' id='line_1_48' title="bbox 299 4420 1872 4505; baseline -0.001 -22"><span class='ocrx_word' id='word_1_349' title='bbox 299 4428 433 4505; x_wconf 79' lang='grc' dir='ltr'>αὐτῇ</span> <span class='ocrx_word' id='word_1_350' title='bbox 473 4422 730 4505; x_wconf 80' lang='grc' dir='ltr'>προσήκοι</span> <span class='ocrx_word' id='word_1_351' title='bbox 770 4421 993 4490; x_wconf 85' lang='grc' dir='ltr'>Φειδίας</span> <span class='ocrx_word' id='word_1_352' title='bbox 1020 4422 1290 4495; x_wconf 77' lang='grc' dir='ltr'>ἠκηκόειν,</span> <span class='ocrx_word' id='word_1_353' title='bbox 1334 4450 1358 4474; x_wconf 75' lang='grc' dir='ltr'>υ</span> <span class='ocrx_word' id='word_1_354' title='bbox 1382 4420 1511 4503; x_wconf 79' lang='grc' dir='ltr'>πρὸς</span> <span class='ocrx_word' id='word_1_355' title='bbox 1531 4420 1593 4481; x_wconf 85' lang='grc' dir='ltr'>τὸ</span> <span class='ocrx_word' id='word_1_356' title='bbox 1616 4422 1872 4503; x_wconf 83' lang='grc' dir='ltr'>προσήκοι</span> 
     </span>
     <span class='ocr_line' id='line_1_49' title="bbox 295 4507 1874 4593; baseline -0.001 -21"><span class='ocrx_word' id='word_1_357' title='bbox 295 4513 359 4573; x_wconf 82' lang='grc' dir='ltr'>τὸ</span> <span class='ocrx_word' id='word_1_358' title='bbox 381 4511 621 4593; x_wconf 80' lang='grc' dir='ltr'>συγγενὲς</span> <span class='ocrx_word' id='word_1_359' title='bbox 647 4509 901 4591; x_wconf 80' lang='grc' dir='ltr'>ἐπήγαγε·</span> <span class='ocrx_word' id='word_1_360' title='bbox 925 4509 1274 4593; x_wconf 82' lang='grc' dir='ltr'>προσήκοντες</span> <span class='ocrx_word' id='word_1_361' title='bbox 1295 4508 1397 4590; x_wconf 63' lang='grc' dir='ltr'>γὰρ</span> <span class='ocrx_word' id='word_1_362' title='bbox 1420 4507 1660 4588; x_wconf 76' lang='grc' dir='ltr'>λέγονται</span> <span class='ocrx_word' id='word_1_363' title='bbox 1683 4515 1730 4571; x_wconf 76' lang='grc' dir='ltr'>οἱ</span> <span class='ocrx_word' id='word_1_364' title='bbox 1754 4534 1874 4590; x_wconf 89' lang='grc' dir='ltr'>συγ-</span> 
     </span>
     <span class='ocr_line' id='line_1_50' title="bbox 296 4597 1869 4682; baseline -0.002 -21"><span class='ocrx_word' id='word_1_365' title='bbox 296 4605 477 4682; x_wconf 83' lang='grc' dir='ltr'>γενεῖς.</span> <span class='ocrx_word' id='word_1_366' title='bbox 512 4600 573 4659; x_wconf 77' lang='grc' dir='ltr'>τὸ</span> <span class='ocrx_word' id='word_1_367' title='bbox 603 4598 659 4659; x_wconf 71' lang='grc' dir='ltr'>δὲ</span> <span class='ocrx_word' id='word_1_368' title='bbox 680 4600 947 4674; x_wconf 72' lang='grc' dir='ltr'>ἧκηκόειν,</span> <span class='ocrx_word' id='word_1_369' title='bbox 973 4599 1111 4659; x_wconf 77' lang='grc' dir='ltr'>οὕτω</span> <span class='ocrx_word' id='word_1_370' title='bbox 1143 4599 1230 4660; x_wconf 81' lang='grc' dir='ltr'>διὰ</span> <span class='ocrx_word' id='word_1_371' title='bbox 1256 4605 1347 4658; x_wconf 88' lang='grc' dir='ltr'>τοῦ</span> <span class='ocrx_word' id='word_1_372' title='bbox 1378 4622 1413 4671; x_wconf 91' lang='grc' dir='ltr'>η</span> <span class='ocrx_word' id='word_1_373' title='bbox 1444 4597 1711 4681; x_wconf 84' lang='grc' dir='ltr'>Φρύνιχος</span> <span class='ocrx_word' id='word_1_374' title='bbox 1740 4602 1869 4665; x_wconf 81' lang='grc' dir='ltr'>ἀνα-</span> 
     </span>
    </p>

    <p class='ocr_par' dir='ltr' id='par_1_19' title="bbox 220 4678 1871 4947">
     <span class='ocr_line' id='line_1_51' title="bbox 220 4678 1869 4771; baseline -0.001 -25"><span class='ocrx_word' id='word_1_375' title='bbox 220 4715 276 4757; x_wconf 73' lang='grc' dir='ltr'>ω</span> <span class='ocrx_word' id='word_1_376' title='bbox 299 4688 560 4768; x_wconf 87' lang='grc' dir='ltr'>γινώσκει,</span> <span class='ocrx_word' id='word_1_377' title='bbox 602 4691 829 4766; x_wconf 84' lang='grc' dir='ltr'>συγγενῆ</span> <span class='ocrx_word' id='word_1_378' title='bbox 872 4686 928 4747; x_wconf 76' lang='grc' dir='ltr'>δὲ</span> <span class='ocrx_word' id='word_1_379' title='bbox 969 4678 1085 4747; x_wconf 74' lang='grc' dir='ltr'>εἶπε</span> <span class='ocrx_word' id='word_1_380' title='bbox 1123 4687 1213 4747; x_wconf 80' lang='grc' dir='ltr'>τὸν</span> <span class='ocrx_word' id='word_1_381' title='bbox 1250 4685 1476 4748; x_wconf 85' lang='grc' dir='ltr'>Φειδίαν</span> <span class='ocrx_word' id='word_1_382' title='bbox 1513 4691 1608 4761; x_wconf 91' lang='grc' dir='ltr'>τῆς</span> <span class='ocrx_word' id='word_1_383' title='bbox 1634 4688 1869 4771; x_wconf 91' lang='grc' dir='ltr'>εἰρήνης,</span> 
     </span>
     <span class='ocr_line' id='line_1_52' title="bbox 299 4773 1871 4890; baseline -0.003 -52"><span class='ocrx_word' id='word_1_384' title='bbox 299 4777 431 4838; x_wconf 83' lang='grc' dir='ltr'>καθὸ</span> <span class='ocrx_word' id='word_1_385' title='bbox 453 4775 693 4890; x_wconf 71' lang='grc' dir='ltr'>τεχνίτης</span> <span class='ocrx_word' id='word_1_386' title='bbox 718 4778 747 4834; x_wconf 94' lang='lat'><em>6</em></span> <span class='ocrx_word' id='word_1_387' title='bbox 772 4773 1024 4848; x_wconf 87' lang='grc' dir='ltr'>Φειδίας,</span> <span class='ocrx_word' id='word_1_388' title='bbox 1053 4774 1308 4859; x_wconf 81' lang='grc' dir='ltr'>εὔμορφος</span> <span class='ocrx_word' id='word_1_389' title='bbox 1338 4773 1393 4834; x_wconf 76' lang='grc' dir='ltr'>δὲ</span> <span class='ocrx_word' id='word_1_390' title='bbox 1418 4773 1687 4853; x_wconf 78' lang='grc' dir='ltr'>εἰσάγεται</span> <span class='ocrx_word' id='word_1_391' title='bbox 1720 4779 1754 4846; x_wconf 81' lang='grc' dir='ltr'>ἡ</span> <span class='ocrx_word' id='word_1_392' title='bbox 1778 4777 1871 4835; x_wconf 84' lang='grc' dir='ltr'>Εἰ-</span> 
     </span>
     <span class='ocr_line' id='line_1_53' title="bbox 302 4853 1871 4947; baseline -0.002 -23"><span class='ocrx_word' id='word_1_393' title='bbox 302 4864 433 4947; x_wconf 84' lang='grc' dir='ltr'>ρήνη</span> <span class='ocrx_word' id='word_1_394' title='bbox 478 4885 630 4925; x_wconf 87' lang='grc' dir='ltr'>ουσα.</span> <span class='ocrx_word' id='word_1_395' title='bbox 671 4866 742 4931; x_wconf 81' lang='grc' dir='ltr'>ὣς</span> <span class='ocrx_word' id='word_1_396' title='bbox 768 4861 898 4945; x_wconf 74' lang='grc' dir='ltr'>πρὸς</span> <span class='ocrx_word' id='word_1_397' title='bbox 926 4862 1018 4924; x_wconf 80' lang='grc' dir='ltr'>τὸν</span> <span class='ocrx_word' id='word_1_398' title='bbox 1061 4863 1287 4925; x_wconf 82' lang='grc' dir='ltr'>Φειδίαν</span> <span class='ocrx_word' id='word_1_399' title='bbox 1328 4853 1417 4922; x_wconf 64' lang='grc' dir='ltr'>οὖν</span> <span class='ocrx_word' id='word_1_400' title='bbox 1456 4867 1490 4934; x_wconf 87' lang='grc' dir='ltr'>ἡ</span> <span class='ocrx_word' id='word_1_401' title='bbox 1535 4860 1676 4923; x_wconf 78' lang='grc' dir='ltr'>καλὰ</span> <span class='ocrx_word' id='word_1_402' title='bbox 1713 4861 1871 4932; x_wconf 84' lang='grc' dir='ltr'>ξόανα</span> 
     </span>
    </p>
   </div>
   <div class='ocr_carea' id='block_1_3' title="bbox 298 4953 564 5029">
    <p class='ocr_par' dir='ltr' id='par_1_20' title="bbox 298 4953 564 5029">
     <span class='ocr_line' id='line_1_54' title="bbox 298 4953 564 5029; baseline -0.015 -15"><span class='ocrx_word' id='word_1_403' title='bbox 298 4953 564 5029; x_wconf 85' lang='grc' dir='ltr'>ποιοῦσα.)</span> 
     </span>
    </p>
   </div>
   <div class='ocr_carea' id='block_1_4' title="bbox 381 5020 1922 5121">
    <p class='ocr_par' dir='ltr' id='par_1_21' title="bbox 381 5020 1922 5121">
     <span class='ocr_line' id='line_1_55' title="bbox 381 5020 1922 5121; baseline -0.005 -20"><span class='ocrx_word' id='word_1_404' title='bbox 381 5061 475 5101; x_wconf 74' lang='grc' dir='ltr'>σιν.</span> <span class='ocrx_word' id='word_1_405' title='bbox 523 5029 658 5120; x_wconf 69' lang='grc' dir='ltr'>(κᾷτ’</span> <span class='ocrx_word' id='word_1_406' title='bbox 695 5037 874 5110; x_wconf 79' lang='grc' dir='ltr'>ἐπειδὴ</span> <span class='ocrx_word' id='word_1_407' title='bbox 907 5020 1142 5117; x_wconf 70' lang='grc' dir='ltr'>’γνωσαν</span> <span class='ocrx_word' id='word_1_408' title='bbox 1179 5060 1195 5101; x_wconf 75' lang='grc' dir='ltr'>τ</span> <span class='ocrx_word' id='word_1_409' title='bbox 1229 5038 1378 5121; x_wconf 84' lang='grc' dir='ltr'>Ὅρα</span> <span class='ocrx_word' id='word_1_410' title='bbox 1406 5043 1501 5098; x_wconf 88' lang='grc' dir='ltr'>τοῦ</span> <span class='ocrx_word' id='word_1_411' title='bbox 1524 5043 1743 5112; x_wconf 88' lang='grc' dir='ltr'>ποιητοῦ</span> <span class='ocrx_word' id='word_1_412' title='bbox 1771 5036 1867 5111; x_wconf 80' lang='grc' dir='ltr'>τὴν</span> <span class='ocrx_word' id='word_1_413' title='bbox 1913 5068 1922 5093; x_wconf 72' lang='grc' dir='ltr'>ι</span> 
     </span>
    </p>
   </div>
   <div class='ocr_carea' id='block_1_5' title="bbox 1465 224 2363 290">
    <p class='ocr_par' dir='ltr' id='par_1_22' title="bbox 1465 224 2363 290">
     <span class='ocr_line' id='line_1_56' title="bbox 1465 224 2363 290; baseline 0.003 -4"><span class='ocrx_word' id='word_1_414' title='bbox 1465 224 1847 287; x_wconf 73' lang='lat' dir='ltr'><strong>scaoLlA</strong></span> <span class='ocrx_word' id='word_1_415' title='bbox 1894 227 1987 288; x_wconf 81' lang='grc' dir='ltr'>ΙΝ</span> <span class='ocrx_word' id='word_1_416' title='bbox 2041 225 2363 290; x_wconf 80' lang='lat' dir='ltr'><strong>PAGEM.</strong></span> 
     </span>
    </p>
   </div>
   <div class='ocr_carea' id='block_1_6' title="bbox 1956 371 3620 4938">
    <p class='ocr_par' dir='ltr' id='par_1_23' title="bbox 1959 371 3589 1073">
     <span class='ocr_line' id='line_1_57' title="bbox 1960 371 3533 462; baseline 0.007 -31"><span class='ocrx_word' id='word_1_417' title='bbox 1960 371 2282 452; x_wconf 77' lang='grc' dir='ltr'>οἰκονομίαν,</span> <span class='ocrx_word' id='word_1_418' title='bbox 2312 371 2404 432; x_wconf 76' lang='grc' dir='ltr'>καὶ</span> <span class='ocrx_word' id='word_1_419' title='bbox 2440 372 2752 454; x_wconf 83' lang='grc' dir='ltr'>ἐκπλαγήσῃ</span> <span class='ocrx_word' id='word_1_420' title='bbox 2785 372 2964 437; x_wconf 73' lang='grc' dir='ltr'>αὐτόν.</span> <span class='ocrx_word' id='word_1_421' title='bbox 2992 376 3169 437; x_wconf 86' lang='grc' dir='ltr'>πάντα</span> <span class='ocrx_word' id='word_1_422' title='bbox 3201 375 3306 460; x_wconf 72' lang='grc' dir='ltr'>γὰρ</span> <span class='ocrx_word' id='word_1_423' title='bbox 3340 379 3533 462; x_wconf 85' lang='grc' dir='ltr'>τρόπον</span> 
     </span>
     <span class='ocr_line' id='line_1_58' title="bbox 1959 453 3535 549; baseline 0.006 -28"><span class='ocrx_word' id='word_1_424' title='bbox 1959 453 2117 533; x_wconf 67' lang='grc' dir='ltr'>ἦλθεν</span> <span class='ocrx_word' id='word_1_425' title='bbox 2158 465 2213 523; x_wconf 86' lang='grc' dir='ltr'>ἐν</span> <span class='ocrx_word' id='word_1_426' title='bbox 2255 465 2398 544; x_wconf 82' lang='grc' dir='ltr'>ἀρχῇ</span> <span class='ocrx_word' id='word_1_427' title='bbox 2439 467 2532 523; x_wconf 88' lang='grc' dir='ltr'>τοῦ</span> <span class='ocrx_word' id='word_1_428' title='bbox 2572 463 2870 543; x_wconf 82' lang='grc' dir='ltr'>ποιήματος</span> <span class='ocrx_word' id='word_1_429' title='bbox 2910 464 2987 541; x_wconf 72' lang='grc' dir='ltr'>μὴ</span> <span class='ocrx_word' id='word_1_430' title='bbox 3028 474 3388 549; x_wconf 77' lang='grc' dir='ltr'>προσκροῦσαι</span> <span class='ocrx_word' id='word_1_431' title='bbox 3426 471 3535 539; x_wconf 89' lang='grc' dir='ltr'>τοῖς</span> 
     </span>
     <span class='ocr_line' id='line_1_59' title="bbox 1961 543 3532 634; baseline 0.005 -24"><span class='ocrx_word' id='word_1_432' title='bbox 1961 548 2273 626; x_wconf 80' lang='grc' dir='ltr'>Ἀθηναίοις,</span> <span class='ocrx_word' id='word_1_433' title='bbox 2295 551 2509 634; x_wconf 75' lang='grc' dir='ltr'>φάσκων</span> <span class='ocrx_word' id='word_1_434' title='bbox 2535 551 2738 633; x_wconf 82' lang='grc' dir='ltr'>ἐτέρους</span> <span class='ocrx_word' id='word_1_435' title='bbox 2774 543 2906 613; x_wconf 65' lang='grc' dir='ltr'>εἶναι</span> <span class='ocrx_word' id='word_1_436' title='bbox 2927 560 3018 614; x_wconf 87' lang='grc' dir='ltr'>τοῦ</span> <span class='ocrx_word' id='word_1_437' title='bbox 3046 554 3280 634; x_wconf 80' lang='grc' dir='ltr'>πολέμου</span> <span class='ocrx_word' id='word_1_438' title='bbox 3306 556 3532 632; x_wconf 89' lang='grc' dir='ltr'>αἰτίους,</span> 
     </span>
     <span class='ocr_line' id='line_1_60' title="bbox 1961 637 3532 724; baseline 0.004 -26"><span class='ocrx_word' id='word_1_439' title='bbox 1961 637 2220 706; x_wconf 87' lang='grc' dir='ltr'>Βοιωτούς</span> <span class='ocrx_word' id='word_1_440' title='bbox 2266 662 2324 698; x_wconf 89' lang='grc' dir='ltr'>τε</span> <span class='ocrx_word' id='word_1_441' title='bbox 2369 639 2461 699; x_wconf 69' lang='grc' dir='ltr'>καὶ</span> <span class='ocrx_word' id='word_1_442' title='bbox 2505 643 2797 720; x_wconf 85' lang='grc' dir='ltr'>Μεγαρεῖς,</span> <span class='ocrx_word' id='word_1_443' title='bbox 2851 641 2929 714; x_wconf 81' lang='grc' dir='ltr'>οἳ,</span> <span class='ocrx_word' id='word_1_444' title='bbox 2977 642 3134 724; x_wconf 79' lang='grc' dir='ltr'>φησὶ,</span> <span class='ocrx_word' id='word_1_445' title='bbox 3181 649 3383 724; x_wconf 86' lang='grc' dir='ltr'>πρῶτοι</span> <span class='ocrx_word' id='word_1_446' title='bbox 3435 646 3532 720; x_wconf 79' lang='grc' dir='ltr'>τὴν</span> 
     </span>
     <span class='ocr_line' id='line_1_61' title="bbox 1962 724 3589 807; baseline 0.007 -24"><span class='ocrx_word' id='word_1_447' title='bbox 1962 724 2171 807; x_wconf 87' lang='grc' dir='ltr'>εἰρήνην</span> <span class='ocrx_word' id='word_1_448' title='bbox 2221 726 2576 807; x_wconf 80' lang='grc' dir='ltr'>ἐσκορόδισαν.</span> <span class='ocrx_word' id='word_1_449' title='bbox 2622 733 2710 787; x_wconf 88' lang='grc' dir='ltr'>νῦν</span> <span class='ocrx_word' id='word_1_450' title='bbox 2760 727 2813 788; x_wconf 82' lang='grc' dir='ltr'>δὲ</span> <span class='ocrx_word' id='word_1_451' title='bbox 2856 728 3018 788; x_wconf 89' lang='grc' dir='ltr'>πάλιν</span> <span class='ocrx_word' id='word_1_452' title='bbox 3071 728 3188 800; x_wconf 74' lang='grc' dir='ltr'>τοὺς</span> <span class='ocrx_word' id='word_1_453' title='bbox 3232 732 3531 805; x_wconf 78' lang='grc' dir='ltr'>Ἀθηναίους</span> <span class='ocrx_word' id='word_1_454' title='bbox 3559 748 3589 788; x_wconf 78' lang='lat'>⁵</span> 
     </span>
     <span class='ocr_line' id='line_1_62' title="bbox 1962 813 3530 896; baseline 0.008 -25"><span class='ocrx_word' id='word_1_455' title='bbox 1962 813 2310 895; x_wconf 78' lang='grc' dir='ltr'>ἀποφαίνεται</span> <span class='ocrx_word' id='word_1_456' title='bbox 2359 816 2698 885; x_wconf 84' lang='grc' dir='ltr'>αἰτιωτάτους</span> <span class='ocrx_word' id='word_1_457' title='bbox 2747 823 2840 877; x_wconf 87' lang='grc' dir='ltr'>τοῦ</span> <span class='ocrx_word' id='word_1_458' title='bbox 2891 818 3124 896; x_wconf 89' lang='grc' dir='ltr'>πολέμου</span> <span class='ocrx_word' id='word_1_459' title='bbox 3140 865 3156 893; x_wconf 93' lang='grc'>,</span> <span class='ocrx_word' id='word_1_460' title='bbox 3204 821 3269 880; x_wconf 85' lang='grc' dir='ltr'>δι’</span> <span class='ocrx_word' id='word_1_461' title='bbox 3318 814 3392 883; x_wconf 69' lang='grc' dir='ltr'>ὧν</span> <span class='ocrx_word' id='word_1_462' title='bbox 3442 823 3530 885; x_wconf 79' lang='grc' dir='ltr'>τὸν</span> 
     </span>
     <span class='ocr_line' id='line_1_63' title="bbox 1962 900 3530 993; baseline 0.006 -33"><span class='ocrx_word' id='word_1_463' title='bbox 1962 900 2228 982; x_wconf 81' lang='grc' dir='ltr'>Περικλέα</span> <span class='ocrx_word' id='word_1_464' title='bbox 2268 903 2398 985; x_wconf 77' lang='grc' dir='ltr'>φησὶ</span> <span class='ocrx_word' id='word_1_465' title='bbox 2425 904 2624 987; x_wconf 82' lang='grc' dir='ltr'>γράψαι</span> <span class='ocrx_word' id='word_1_466' title='bbox 2659 904 2720 964; x_wconf 82' lang='grc' dir='ltr'>τὸ</span> <span class='ocrx_word' id='word_1_467' title='bbox 2750 904 2888 964; x_wconf 75' lang='grc' dir='ltr'>κατὰ</span> <span class='ocrx_word' id='word_1_468' title='bbox 2929 908 3216 991; x_wconf 82' lang='grc' dir='ltr'>Μεγαρέων</span> <span class='ocrx_word' id='word_1_469' title='bbox 3253 909 3530 993; x_wconf 78' lang='grc' dir='ltr'>ψήφισμα,</span> 
     </span>
     <span class='ocr_line' id='line_1_64' title="bbox 1962 990 3534 1073; baseline 0.008 -26"><span class='ocrx_word' id='word_1_470' title='bbox 1962 990 2052 1048; x_wconf 74' lang='grc' dir='ltr'>καὶ</span> <span class='ocrx_word' id='word_1_471' title='bbox 2096 990 2464 1069; x_wconf 78' lang='grc' dir='ltr'>ἀδικουμένους</span> <span class='ocrx_word' id='word_1_472' title='bbox 2499 991 2617 1060; x_wconf 75' lang='grc' dir='ltr'>τοὺς</span> <span class='ocrx_word' id='word_1_473' title='bbox 2658 992 2970 1073; x_wconf 84' lang='grc' dir='ltr'>συμμάχους</span> <span class='ocrx_word' id='word_1_474' title='bbox 3013 998 3085 1062; x_wconf 86' lang='grc' dir='ltr'>εἷς</span> <span class='ocrx_word' id='word_1_475' title='bbox 3125 997 3415 1059; x_wconf 91' lang='grc' dir='ltr'>ἀπόστασιν</span> <span class='ocrx_word' id='word_1_476' title='bbox 3451 1025 3534 1060; x_wconf 86' lang='grc' dir='ltr'>κε-</span> 
     </span>
    </p>

    <p class='ocr_par' dir='ltr' id='par_1_24' title="bbox 1959 1071 3620 1864">
     <span class='ocr_line' id='line_1_65' title="bbox 2001 1071 3532 1165; baseline 0.008 -30"><span class='ocrx_word' id='word_1_477' title='bbox 2001 1076 2280 1158; x_wconf 85' lang='grc' dir='ltr'>ωρηκέναι.</span> <span class='ocrx_word' id='word_1_478' title='bbox 2311 1078 2362 1138; x_wconf 92' lang='grc' dir='ltr'>τί</span> <span class='ocrx_word' id='word_1_479' title='bbox 2393 1071 2480 1139; x_wconf 67' lang='grc' dir='ltr'>οὖν</span> <span class='ocrx_word' id='word_1_480' title='bbox 2516 1085 2551 1151; x_wconf 83' lang='grc' dir='ltr'>ἡ</span> <span class='ocrx_word' id='word_1_481' title='bbox 2578 1085 2672 1139; x_wconf 91' lang='grc' dir='ltr'>τοῦ</span> <span class='ocrx_word' id='word_1_482' title='bbox 2700 1087 2918 1153; x_wconf 87' lang='grc' dir='ltr'>ποιητοῦ</span> <span class='ocrx_word' id='word_1_483' title='bbox 2945 1082 3136 1163; x_wconf 70' lang='grc' dir='ltr'>τέχνης</span> <span class='ocrx_word' id='word_1_484' title='bbox 3164 1084 3249 1144; x_wconf 80' lang='grc' dir='ltr'>ὅτε</span> <span class='ocrx_word' id='word_1_485' title='bbox 3287 1087 3382 1165; x_wconf 82' lang='grc' dir='ltr'>μὲν</span> <span class='ocrx_word' id='word_1_486' title='bbox 3419 1087 3532 1158; x_wconf 83' lang='grc' dir='ltr'>δέος</span> 
     </span>
     <span class='ocr_line' id='line_1_66' title="bbox 1960 1099 3620 1250; baseline 0.008 -27"><span class='ocrx_word' id='word_1_487' title='bbox 1960 1099 2025 1237; x_wconf 48' lang='grc' dir='ltr'>ἦν</span> <span class='ocrx_word' id='word_1_488' title='bbox 2048 1168 2142 1238; x_wconf 91' lang='grc' dir='ltr'>τῆς</span> <span class='ocrx_word' id='word_1_489' title='bbox 2170 1165 2378 1246; x_wconf 90' lang='grc' dir='ltr'>εἰρήνης</span> <span class='ocrx_word' id='word_1_490' title='bbox 2407 1167 2593 1235; x_wconf 75' lang='grc' dir='ltr'>αὐτοὺς</span> <span class='ocrx_word' id='word_1_491' title='bbox 2626 1169 2912 1249; x_wconf 87' lang='grc' dir='ltr'>ἐπιτυχεῖν,</span> <span class='ocrx_word' id='word_1_492' title='bbox 2940 1171 3027 1230; x_wconf 79' lang='grc' dir='ltr'>ἐπὶ</span> <span class='ocrx_word' id='word_1_493' title='bbox 3051 1170 3167 1241; x_wconf 78' lang='grc' dir='ltr'>τοὺς</span> <span class='ocrx_word' id='word_1_494' title='bbox 3189 1173 3378 1244; x_wconf 80' lang='grc' dir='ltr'>ἄλλους</span> <span class='ocrx_word' id='word_1_495' title='bbox 3399 1177 3530 1250; x_wconf 84' lang='grc' dir='ltr'>ἀνή-</span> <span class='ocrx_word' id='word_1_496' title='bbox 3564 1196 3620 1237; x_wconf 79' lang='lat' dir='ltr'>lo</span> 
     </span>
     <span class='ocr_line' id='line_1_67' title="bbox 1960 1253 3529 1344; baseline 0.008 -32"><span class='ocrx_word' id='word_1_497' title='bbox 1960 1276 2113 1335; x_wconf 88' lang='grc' dir='ltr'>νεγκε</span> <span class='ocrx_word' id='word_1_498' title='bbox 2147 1253 2243 1326; x_wconf 81' lang='grc' dir='ltr'>τὴν</span> <span class='ocrx_word' id='word_1_499' title='bbox 2271 1254 2460 1314; x_wconf 86' lang='grc' dir='ltr'>αἰτίαν·</span> <span class='ocrx_word' id='word_1_500' title='bbox 2500 1254 2584 1315; x_wconf 81' lang='grc' dir='ltr'>ὅτε</span> <span class='ocrx_word' id='word_1_501' title='bbox 2624 1256 2679 1315; x_wconf 84' lang='grc' dir='ltr'>δὲ</span> <span class='ocrx_word' id='word_1_502' title='bbox 2712 1259 2887 1326; x_wconf 79' lang='grc' dir='ltr'>αὐτοῖς</span> <span class='ocrx_word' id='word_1_503' title='bbox 2924 1258 3107 1318; x_wconf 80' lang='grc' dir='ltr'>λοιπὸν</span> <span class='ocrx_word' id='word_1_504' title='bbox 3147 1266 3286 1321; x_wconf 78' lang='grc' dir='ltr'>κατὰ</span> <span class='ocrx_word' id='word_1_505' title='bbox 3314 1264 3529 1344; x_wconf 87' lang='grc' dir='ltr'>γνώμην</span> 
     </span>
     <span class='ocr_line' id='line_1_68' title="bbox 1959 1341 3531 1433; baseline 0.006 -33"><span class='ocrx_word' id='word_1_506' title='bbox 1959 1341 2338 1425; x_wconf 86' lang='grc' dir='ltr'>προκεχώρηκε</span> <span class='ocrx_word' id='word_1_507' title='bbox 2372 1341 2440 1402; x_wconf 72' lang='grc' dir='ltr'>τὰ</span> <span class='ocrx_word' id='word_1_508' title='bbox 2470 1342 2797 1424; x_wconf 87' lang='grc' dir='ltr'>πράγματα,</span> <span class='ocrx_word' id='word_1_509' title='bbox 2834 1345 2984 1428; x_wconf 77' lang='grc' dir='ltr'>φήμη</span> <span class='ocrx_word' id='word_1_510' title='bbox 3020 1345 3074 1406; x_wconf 81' lang='grc' dir='ltr'>δὲ</span> <span class='ocrx_word' id='word_1_511' title='bbox 3107 1346 3168 1406; x_wconf 85' lang='grc' dir='ltr'>τὸ</span> <span class='ocrx_word' id='word_1_512' title='bbox 3197 1353 3293 1423; x_wconf 88' lang='grc' dir='ltr'>τῆς</span> <span class='ocrx_word' id='word_1_513' title='bbox 3325 1352 3531 1433; x_wconf 88' lang='grc' dir='ltr'>εἰρήνης</span> 
     </span>
     <span class='ocr_line' id='line_1_69' title="bbox 1960 1430 3531 1517; baseline 0.008 -29"><span class='ocrx_word' id='word_1_514' title='bbox 1960 1434 2157 1510; x_wconf 86' lang='grc' dir='ltr'>τυχεῖν,</span> <span class='ocrx_word' id='word_1_515' title='bbox 2185 1431 2287 1505; x_wconf 82' lang='grc' dir='ltr'>ἤδη</span> <span class='ocrx_word' id='word_1_516' title='bbox 2316 1430 2408 1490; x_wconf 76' lang='grc' dir='ltr'>καὶ</span> <span class='ocrx_word' id='word_1_517' title='bbox 2434 1431 2563 1512; x_wconf 81' lang='grc' dir='ltr'>πρὸς</span> <span class='ocrx_word' id='word_1_518' title='bbox 2592 1431 2777 1499; x_wconf 77' lang='grc' dir='ltr'>αὐτοὺς</span> <span class='ocrx_word' id='word_1_519' title='bbox 2796 1434 3249 1517; x_wconf 85' lang='grc' dir='ltr'>παρρησιάζεται,</span> <span class='ocrx_word' id='word_1_520' title='bbox 3273 1441 3367 1498; x_wconf 78' lang='grc' dir='ltr'>οὐκ</span> <span class='ocrx_word' id='word_1_521' title='bbox 3390 1442 3531 1499; x_wconf 82' lang='grc' dir='ltr'>ὀνει-</span> 
     </span>
     <span class='ocr_line' id='line_1_70' title="bbox 1962 1516 3530 1602; baseline 0.008 -26"><span class='ocrx_word' id='word_1_522' title='bbox 1962 1516 2105 1576; x_wconf 87' lang='grc' dir='ltr'>δίσαι</span> <span class='ocrx_word' id='word_1_523' title='bbox 2131 1518 2444 1598; x_wconf 86' lang='grc' dir='ltr'>βουλόμενος</span> <span class='ocrx_word' id='word_1_524' title='bbox 2471 1520 2644 1588; x_wconf 76' lang='grc' dir='ltr'>αὐτοῖς</span> <span class='ocrx_word' id='word_1_525' title='bbox 2659 1566 2676 1599; x_wconf 92' lang='grc'>,</span> <span class='ocrx_word' id='word_1_526' title='bbox 2707 1521 2810 1594; x_wconf 83' lang='grc' dir='ltr'>ἤδη</span> <span class='ocrx_word' id='word_1_527' title='bbox 2834 1522 2936 1602; x_wconf 79' lang='grc' dir='ltr'>γὰρ</span> <span class='ocrx_word' id='word_1_528' title='bbox 2960 1521 3192 1601; x_wconf 86' lang='grc' dir='ltr'>ἔγνωσαν</span> <span class='ocrx_word' id='word_1_529' title='bbox 3215 1523 3374 1594; x_wconf 79' lang='grc' dir='ltr'>ὅντως</span> <span class='ocrx_word' id='word_1_530' title='bbox 3397 1518 3530 1588; x_wconf 72' lang='grc' dir='ltr'>εἶναι</span> 
     </span>
     <span class='ocr_line' id='line_1_71' title="bbox 1964 1604 3614 1692; baseline 0.008 -29"><span class='ocrx_word' id='word_1_531' title='bbox 1964 1604 2151 1679; x_wconf 75' lang='grc' dir='ltr'>αἴτιοι,</span> <span class='ocrx_word' id='word_1_532' title='bbox 2203 1607 2320 1666; x_wconf 87' lang='grc' dir='ltr'>ἀλλ’</span> <span class='ocrx_word' id='word_1_533' title='bbox 2381 1610 2682 1681; x_wconf 78' lang='grc' dir='ltr'>ἀποστῆσαι</span> <span class='ocrx_word' id='word_1_534' title='bbox 2725 1608 3132 1692; x_wconf 87' lang='grc' dir='ltr'>προαιρούμενος</span> <span class='ocrx_word' id='word_1_535' title='bbox 3186 1613 3370 1683; x_wconf 65' lang='grc' dir='ltr'>αὐτοὺς</span> <span class='ocrx_word' id='word_1_536' title='bbox 3424 1620 3528 1675; x_wconf 88' lang='grc' dir='ltr'>τῶν</span> <span class='ocrx_word' id='word_1_537' title='bbox 3562 1637 3614 1677; x_wconf 80' lang='lat'>15</span> 
     </span>
     <span class='ocr_line' id='line_1_72' title="bbox 1960 1687 3530 1780; baseline 0.007 -28"><span class='ocrx_word' id='word_1_538' title='bbox 1960 1692 2209 1754; x_wconf 84' lang='grc' dir='ltr'>τοιούτων</span> <span class='ocrx_word' id='word_1_539' title='bbox 2235 1697 2385 1769; x_wconf 78' lang='grc' dir='ltr'>ἐθῶν,</span> <span class='ocrx_word' id='word_1_540' title='bbox 2408 1700 2480 1765; x_wconf 81' lang='grc' dir='ltr'>ὡς</span> <span class='ocrx_word' id='word_1_541' title='bbox 2506 1695 2570 1756; x_wconf 75' lang='grc' dir='ltr'>ἂν</span> <span class='ocrx_word' id='word_1_542' title='bbox 2609 1696 2686 1776; x_wconf 82' lang='grc' dir='ltr'>μὴ</span> <span class='ocrx_word' id='word_1_543' title='bbox 2710 1706 2819 1766; x_wconf 91' lang='grc' dir='ltr'>τοῖς</span> <span class='ocrx_word' id='word_1_544' title='bbox 2853 1701 3029 1767; x_wconf 78' lang='grc' dir='ltr'>αὖτοῖς</span> <span class='ocrx_word' id='word_1_545' title='bbox 3053 1687 3365 1780; x_wconf 81' lang='grc' dir='ltr'>ἐμμένοντες</span> <span class='ocrx_word' id='word_1_546' title='bbox 3399 1703 3530 1764; x_wconf 83' lang='grc' dir='ltr'>δύσ-</span> 
     </span>
     <span class='ocr_line' id='line_1_73' title="bbox 1961 1781 2744 1864; baseline 0.005 -24"><span class='ocrx_word' id='word_1_547' title='bbox 1961 1804 2075 1850; x_wconf 89' lang='grc' dir='ltr'>νους</span> <span class='ocrx_word' id='word_1_548' title='bbox 2107 1781 2270 1862; x_wconf 81' lang='grc' dir='ltr'>ἔχωσι</span> <span class='ocrx_word' id='word_1_549' title='bbox 2300 1782 2419 1852; x_wconf 74' lang='grc' dir='ltr'>τοὺς</span> <span class='ocrx_word' id='word_1_550' title='bbox 2449 1784 2744 1864; x_wconf 74' lang='grc' dir='ltr'>ὑπηκόους.)</span> 
     </span>
    </p>

    <p class='ocr_par' dir='ltr' id='par_1_25' title="bbox 1962 1870 3527 2043">
     <span class='ocr_line' id='line_1_74' title="bbox 2040 1870 3527 1962; baseline 0.007 -32"><span class='ocrx_word' id='word_1_551' title='bbox 2040 1891 2140 1932; x_wconf 75' lang='lat'>620.</span> <span class='ocrx_word' id='word_1_552' title='bbox 2201 1870 2508 1954; x_wconf 84' lang='grc' dir='ltr'>(σεσηρότας</span> <span class='ocrx_word' id='word_1_553' title='bbox 2552 1894 2568 1934; x_wconf 87' lang='lat'><strong>:</strong></span> <span class='ocrx_word' id='word_1_554' title='bbox 2624 1873 2764 1934; x_wconf 74' lang='grc' dir='ltr'>Ἀπὸ</span> <span class='ocrx_word' id='word_1_555' title='bbox 2808 1876 2912 1933; x_wconf 87' lang='grc' dir='ltr'>τῶν</span> <span class='ocrx_word' id='word_1_556' title='bbox 2948 1878 3116 1935; x_wconf 84' lang='grc' dir='ltr'>κυνῶν</span> <span class='ocrx_word' id='word_1_557' title='bbox 3153 1881 3188 1949; x_wconf 81' lang='grc' dir='ltr'>ἡ</span> <span class='ocrx_word' id='word_1_558' title='bbox 3237 1879 3527 1962; x_wconf 77' lang='grc' dir='ltr'>μεταφορά·</span> 
     </span>
     <span class='ocr_line' id='line_1_75' title="bbox 1962 1955 3207 2043; baseline 0.008 -28"><span class='ocrx_word' id='word_1_559' title='bbox 1962 1955 2086 2016; x_wconf 77' lang='grc' dir='ltr'>ὅταν</span> <span class='ocrx_word' id='word_1_560' title='bbox 2113 1957 2217 2038; x_wconf 73' lang='grc' dir='ltr'>γὰρ</span> <span class='ocrx_word' id='word_1_561' title='bbox 2244 1959 2583 2041; x_wconf 82' lang='grc' dir='ltr'>ὀργίζωνται,</span> <span class='ocrx_word' id='word_1_562' title='bbox 2611 1962 2896 2043; x_wconf 87' lang='grc' dir='ltr'>σεσήρασιν</span> <span class='ocrx_word' id='word_1_563' title='bbox 2922 1964 3207 2043; x_wconf 84' lang='grc' dir='ltr'>ἀλλήλοις.)</span> 
     </span>
    </p>

    <p class='ocr_par' dir='ltr' id='par_1_26' title="bbox 1961 2046 3611 2305">
     <span class='ocr_line' id='line_1_76' title="bbox 2040 2046 3611 2133; baseline 0.008 -27"><span class='ocrx_word' id='word_1_564' title='bbox 2040 2067 2137 2106; x_wconf 75' lang='lat'>621.</span> <span class='ocrx_word' id='word_1_565' title='bbox 2179 2046 2320 2127; x_wconf 71' lang='grc' dir='ltr'>(τοὺς</span> <span class='ocrx_word' id='word_1_566' title='bbox 2358 2047 2546 2131; x_wconf 79' lang='grc' dir='ltr'>φόρους</span> <span class='ocrx_word' id='word_1_567' title='bbox 2580 2070 2595 2111; x_wconf 88' lang='lat'>:</span> <span class='ocrx_word' id='word_1_568' title='bbox 2645 2049 2896 2111; x_wconf 86' lang='grc' dir='ltr'>Ἐδόκουν</span> <span class='ocrx_word' id='word_1_569' title='bbox 2933 2049 3036 2133; x_wconf 74' lang='grc' dir='ltr'>γὰρ</span> <span class='ocrx_word' id='word_1_570' title='bbox 3079 2054 3129 2111; x_wconf 74' lang='grc' dir='ltr'>οἳ</span> <span class='ocrx_word' id='word_1_571' title='bbox 3167 2052 3425 2126; x_wconf 78' lang='grc' dir='ltr'>Ἀθηναῖοι</span> <span class='ocrx_word' id='word_1_572' title='bbox 3473 2057 3526 2115; x_wconf 87' lang='grc' dir='ltr'>ἐν</span> <span class='ocrx_word' id='word_1_573' title='bbox 3555 2079 3611 2119; x_wconf 72' lang='lat'>20</span> 
     </span>
     <span class='ocr_line' id='line_1_77' title="bbox 1961 2129 3530 2224; baseline 0.006 -31"><span class='ocrx_word' id='word_1_574' title='bbox 1961 2139 2129 2217; x_wconf 81' lang='grc' dir='ltr'>καιρῷ</span> <span class='ocrx_word' id='word_1_575' title='bbox 2157 2141 2252 2195; x_wconf 88' lang='grc' dir='ltr'>τοῦ</span> <span class='ocrx_word' id='word_1_576' title='bbox 2279 2136 2514 2214; x_wconf 84' lang='grc' dir='ltr'>πολέμου</span> <span class='ocrx_word' id='word_1_577' title='bbox 2543 2139 2758 2210; x_wconf 77' lang='grc' dir='ltr'>ἀπηνεῖς</span> <span class='ocrx_word' id='word_1_578' title='bbox 2786 2129 2920 2197; x_wconf 72' lang='grc' dir='ltr'>εἶναι</span> <span class='ocrx_word' id='word_1_579' title='bbox 2945 2139 3072 2221; x_wconf 84' lang='grc' dir='ltr'>πρὸς</span> <span class='ocrx_word' id='word_1_580' title='bbox 3097 2138 3214 2208; x_wconf 75' lang='grc' dir='ltr'>τοὺς</span> <span class='ocrx_word' id='word_1_581' title='bbox 3236 2141 3421 2224; x_wconf 77' lang='grc' dir='ltr'>φόρους</span> <span class='ocrx_word' id='word_1_582' title='bbox 3444 2144 3530 2214; x_wconf 74' lang='grc' dir='ltr'>οὓς</span> 
     </span>
     <span class='ocr_line' id='line_1_78' title="bbox 1962 2222 2543 2305; baseline 0.003 -23"><span class='ocrx_word' id='word_1_583' title='bbox 1962 2222 2166 2283; x_wconf 80' lang='grc' dir='ltr'>ἐτέλουν</span> <span class='ocrx_word' id='word_1_584' title='bbox 2194 2226 2244 2283; x_wconf 80' lang='grc' dir='ltr'>οἱ</span> <span class='ocrx_word' id='word_1_585' title='bbox 2268 2224 2543 2305; x_wconf 80' lang='grc' dir='ltr'>ὑπήκοοι.)</span> 
     </span>
    </p>

    <p class='ocr_par' dir='ltr' id='par_1_27' title="bbox 1960 2311 3608 2828">
     <span class='ocr_line' id='line_1_79' title="bbox 2041 2311 3530 2401; baseline 0.005 -30"><span class='ocrx_word' id='word_1_586' title='bbox 2041 2331 2139 2373; x_wconf 69' lang='lat'><em>6⁸22.</em></span> <span class='ocrx_word' id='word_1_587' title='bbox 2186 2313 2632 2395; x_wconf 72' lang='grc' dir='ltr'>(αἰσχροκερδεῖςε</span> <span class='ocrx_word' id='word_1_588' title='bbox 2657 2311 2786 2375; x_wconf 68' lang='grc' dir='ltr'>’Ὅτι</span> <span class='ocrx_word' id='word_1_589' title='bbox 2803 2316 3190 2398; x_wconf 76' lang='grc' dir='ltr'>αἰσχροκερδεῖς</span> <span class='ocrx_word' id='word_1_590' title='bbox 3208 2314 3298 2376; x_wconf 82' lang='grc' dir='ltr'>καὶ</span> <span class='ocrx_word' id='word_1_591' title='bbox 3317 2339 3530 2401; x_wconf 87' lang='grc' dir='ltr'>σμικρο-</span> 
     </span>
     <span class='ocr_line' id='line_1_80' title="bbox 1960 2393 3529 2485; baseline 0.008 -30"><span class='ocrx_word' id='word_1_592' title='bbox 1960 2393 2107 2477; x_wconf 88' lang='grc' dir='ltr'>λόγοι</span> <span class='ocrx_word' id='word_1_593' title='bbox 2134 2403 2182 2458; x_wconf 79' lang='grc' dir='ltr'>οῖ</span> <span class='ocrx_word' id='word_1_594' title='bbox 2203 2399 2451 2468; x_wconf 83' lang='grc' dir='ltr'>Λάκωνες</span> <span class='ocrx_word' id='word_1_595' title='bbox 2467 2447 2484 2474; x_wconf 96' lang='grc'>,</span> <span class='ocrx_word' id='word_1_596' title='bbox 2509 2399 2774 2483; x_wconf 89' lang='grc' dir='ltr'>πρόδηλον</span> <span class='ocrx_word' id='word_1_597' title='bbox 2798 2402 2889 2460; x_wconf 82' lang='grc' dir='ltr'>καὶ</span> <span class='ocrx_word' id='word_1_598' title='bbox 2913 2405 2974 2460; x_wconf 86' lang='grc' dir='ltr'>ἐκ</span> <span class='ocrx_word' id='word_1_599' title='bbox 3005 2408 3099 2461; x_wconf 88' lang='grc' dir='ltr'>τοῦ</span> <span class='ocrx_word' id='word_1_600' title='bbox 3140 2411 3387 2485; x_wconf 78' lang='grc' dir='ltr'>χρησμοῦ</span> <span class='ocrx_word' id='word_1_601' title='bbox 3402 2452 3418 2480; x_wconf 94' lang='grc'>,</span> <span class='ocrx_word' id='word_1_602' title='bbox 3439 2434 3463 2459; x_wconf 75' lang='grc' dir='ltr'>α</span> <span class='ocrx_word' id='word_1_603' title='bbox 3495 2408 3529 2466; x_wconf 76' lang='grc' dir='ltr'><strong><em>ἃ</em></strong></span> 
     </span>
     <span class='ocr_line' id='line_1_81' title="bbox 1961 2485 3608 2569; baseline 0.007 -25"><span class='ocrx_word' id='word_1_604' title='bbox 1961 2487 2356 2569; x_wconf 76' lang='grc' dir='ltr'>φιλοχρηματία</span> <span class='ocrx_word' id='word_1_605' title='bbox 2392 2488 2650 2569; x_wconf 85' lang='grc' dir='ltr'>Σπάρταν</span> <span class='ocrx_word' id='word_1_606' title='bbox 2702 2490 2840 2563; x_wconf 85' lang='grc' dir='ltr'>ὀλεῖ,</span> <span class='ocrx_word' id='word_1_607' title='bbox 2880 2488 3010 2548; x_wconf 79' lang='grc' dir='ltr'>ἄλλο</span> <span class='ocrx_word' id='word_1_608' title='bbox 3039 2489 3095 2549; x_wconf 80' lang='grc' dir='ltr'>δὲ</span> <span class='ocrx_word' id='word_1_609' title='bbox 3135 2491 3301 2554; x_wconf 78' lang='grc' dir='ltr'>οὐδέν.</span> <span class='ocrx_word' id='word_1_610' title='bbox 3334 2520 3360 2546; x_wconf 74' lang='grc' dir='ltr'>ιο</span> <span class='ocrx_word' id='word_1_611' title='bbox 3391 2485 3525 2567; x_wconf 63' lang='grc' dir='ltr'>ἦσαν</span> <span class='ocrx_word' id='word_1_612' title='bbox 3554 2528 3608 2566; x_wconf 75' lang='lat'>25</span> 
     </span>
     <span class='ocr_line' id='line_1_82' title="bbox 1962 2573 3528 2658; baseline 0.006 -25"><span class='ocrx_word' id='word_1_613' title='bbox 1962 2573 2019 2633; x_wconf 82' lang='grc' dir='ltr'>δὲ</span> <span class='ocrx_word' id='word_1_614' title='bbox 2056 2575 2147 2634; x_wconf 78' lang='grc' dir='ltr'>καὶ</span> <span class='ocrx_word' id='word_1_615' title='bbox 2187 2576 2308 2657; x_wconf 75' lang='grc' dir='ltr'>περὶ</span> <span class='ocrx_word' id='word_1_616' title='bbox 2363 2575 2482 2644; x_wconf 79' lang='grc' dir='ltr'>τοὺς</span> <span class='ocrx_word' id='word_1_617' title='bbox 2524 2575 2694 2645; x_wconf 81' lang='grc' dir='ltr'>ξένους</span> <span class='ocrx_word' id='word_1_618' title='bbox 2733 2575 3105 2658; x_wconf 87' lang='grc' dir='ltr'>ἀπάνθρωποι,</span> <span class='ocrx_word' id='word_1_619' title='bbox 3137 2581 3227 2640; x_wconf 79' lang='grc' dir='ltr'>καὶ</span> <span class='ocrx_word' id='word_1_620' title='bbox 3271 2583 3366 2642; x_wconf 81' lang='grc' dir='ltr'>οὐκ</span> <span class='ocrx_word' id='word_1_621' title='bbox 3405 2582 3528 2657; x_wconf 82' lang='grc' dir='ltr'>ἐξῆν</span> 
     </span>
     <span class='ocr_line' id='line_1_83' title="bbox 1963 2660 3529 2749; baseline 0.006 -29"><span class='ocrx_word' id='word_1_622' title='bbox 1963 2660 2089 2743; x_wconf 76' lang='grc' dir='ltr'>ξένῳ</span> <span class='ocrx_word' id='word_1_623' title='bbox 2106 2662 2205 2721; x_wconf 77' lang='grc' dir='ltr'>τινὶ</span> <span class='ocrx_word' id='word_1_624' title='bbox 2235 2661 2318 2722; x_wconf 80' lang='grc' dir='ltr'>ἀεὶ</span> <span class='ocrx_word' id='word_1_625' title='bbox 2345 2667 2441 2734; x_wconf 84' lang='grc' dir='ltr'>τῆς</span> <span class='ocrx_word' id='word_1_626' title='bbox 2471 2663 2722 2745; x_wconf 88' lang='grc' dir='ltr'>Σπάρτης</span> <span class='ocrx_word' id='word_1_627' title='bbox 2750 2663 3055 2739; x_wconf 77' lang='grc' dir='ltr'>ἐπιὸαίνειν,</span> <span class='ocrx_word' id='word_1_628' title='bbox 3075 2667 3193 2726; x_wconf 81' lang='grc' dir='ltr'>ἀλλ’</span> <span class='ocrx_word' id='word_1_629' title='bbox 3215 2669 3529 2749; x_wconf 77' lang='grc' dir='ltr'>ὡρισμέναις</span> 
     </span>
     <span class='ocr_line' id='line_1_84' title="bbox 1961 2750 2202 2828; baseline 0.012 -20"><span class='ocrx_word' id='word_1_630' title='bbox 1961 2750 2070 2828; x_wconf 80' lang='grc' dir='ltr'>ἠμέ</span> <span class='ocrx_word' id='word_1_631' title='bbox 2103 2773 2202 2818; x_wconf 91' lang='grc' dir='ltr'>αις.</span> 
     </span>
    </p>

    <p class='ocr_par' dir='ltr' id='par_1_28' title="bbox 1962 2774 3608 3184">
     <span class='ocr_line' id='line_1_85' title="bbox 2043 2774 3529 2929; baseline 0.006 -32"><span class='ocrx_word' id='word_1_632' title='bbox 2043 2774 2411 2921; x_wconf 56' lang='grc' dir='ltr'>δίειρωνόξενοι</span> <span class='ocrx_word' id='word_1_633' title='bbox 2437 2859 2452 2902; x_wconf 86' lang='lat'><strong>:</strong></span> <span class='ocrx_word' id='word_1_634' title='bbox 2479 2837 2884 2909; x_wconf 79' lang='grc' dir='ltr'>Ἐξαπατῶντες</span> <span class='ocrx_word' id='word_1_635' title='bbox 2909 2839 3026 2910; x_wconf 77' lang='grc' dir='ltr'>τοὺς</span> <span class='ocrx_word' id='word_1_636' title='bbox 3049 2840 3219 2912; x_wconf 79' lang='grc' dir='ltr'>ξένους</span> <span class='ocrx_word' id='word_1_637' title='bbox 3236 2891 3253 2919; x_wconf 97' lang='grc'>,</span> <span class='ocrx_word' id='word_1_638' title='bbox 3277 2843 3369 2904; x_wconf 82' lang='grc' dir='ltr'>καί</span> <span class='ocrx_word' id='word_1_639' title='bbox 3396 2847 3529 2929; x_wconf 82' lang='grc' dir='ltr'>ψευ-</span> 
     </span>
     <span class='ocr_line' id='line_1_86' title="bbox 1964 2926 3608 3045; baseline 0.004 -58"><span class='ocrx_word' id='word_1_640' title='bbox 1964 2926 2169 3004; x_wconf 85' lang='grc' dir='ltr'>δόμενοι</span> <span class='ocrx_word' id='word_1_641' title='bbox 2211 2928 2276 2987; x_wconf 87' lang='grc' dir='ltr'>δι’</span> <span class='ocrx_word' id='word_1_642' title='bbox 2303 2928 2568 3010; x_wconf 82' lang='grc' dir='ltr'>εἰρωνείας</span> <span class='ocrx_word' id='word_1_643' title='bbox 2587 2928 2697 2988; x_wconf 70' lang='grc' dir='ltr'>’καὶ</span> <span class='ocrx_word' id='word_1_644' title='bbox 2731 2929 3068 3045; x_wconf 71' lang='grc' dir='ltr'>ὑποκρίσεως.</span> <span class='ocrx_word' id='word_1_645' title='bbox 3103 2931 3193 2991; x_wconf 79' lang='grc' dir='ltr'>καὶ</span> <span class='ocrx_word' id='word_1_646' title='bbox 3226 2932 3373 2992; x_wconf 79' lang='grc' dir='ltr'>οὐδὲν</span> <span class='ocrx_word' id='word_1_647' title='bbox 3401 2941 3525 2995; x_wconf 85' lang='grc' dir='ltr'>θαυ-</span> <span class='ocrx_word' id='word_1_648' title='bbox 3552 2962 3608 3004; x_wconf 74' lang='lat'>80</span> 
     </span>
     <span class='ocr_line' id='line_1_87' title="bbox 1962 3014 3527 3098; baseline 0.006 -25"><span class='ocrx_word' id='word_1_649' title='bbox 1962 3014 2162 3092; x_wconf 82' lang='grc' dir='ltr'>μαστὸν</span> <span class='ocrx_word' id='word_1_650' title='bbox 2192 3018 2414 3076; x_wconf 86' lang='grc' dir='ltr'>ἐνταῦθα</span> <span class='ocrx_word' id='word_1_651' title='bbox 2443 3015 2668 3091; x_wconf 86' lang='grc' dir='ltr'>ἐποίουν,</span> <span class='ocrx_word' id='word_1_652' title='bbox 2694 3016 2820 3098; x_wconf 87' lang='grc' dir='ltr'>παρ’</span> <span class='ocrx_word' id='word_1_653' title='bbox 2843 3040 2919 3086; x_wconf 83' lang='grc' dir='ltr'>οις</span> <span class='ocrx_word' id='word_1_654' title='bbox 2940 3019 3031 3078; x_wconf 78' lang='grc' dir='ltr'>καὶ</span> <span class='ocrx_word' id='word_1_655' title='bbox 3054 3022 3083 3077; x_wconf 88' lang='lat'><em>6</em></span> <span class='ocrx_word' id='word_1_656' title='bbox 3103 3024 3198 3092; x_wconf 90' lang='grc' dir='ltr'>τῆς</span> <span class='ocrx_word' id='word_1_657' title='bbox 3221 3019 3527 3097; x_wconf 84' lang='grc' dir='ltr'>ξενηλασίας</span> 
     </span>
     <span class='ocr_line' id='line_1_88' title="bbox 1962 3103 2352 3184; baseline 0.005 -21"><span class='ocrx_word' id='word_1_658' title='bbox 1962 3106 2134 3163; x_wconf 88' lang='grc' dir='ltr'>κεῖται</span> <span class='ocrx_word' id='word_1_659' title='bbox 2159 3103 2352 3184; x_wconf 87' lang='grc' dir='ltr'>νόμος.)</span> 
     </span>
    </p>

    <p class='ocr_par' dir='ltr' id='par_1_29' title="bbox 1960 3191 3604 3534">
     <span class='ocr_line' id='line_1_89' title="bbox 2040 3191 3527 3274; baseline 0.005 -22"><span class='ocrx_word' id='word_1_660' title='bbox 2040 3211 2139 3253; x_wconf 73' lang='lat'><strong>⁶27.</strong></span> <span class='ocrx_word' id='word_1_661' title='bbox 2186 3192 2295 3271; x_wconf 80' lang='grc' dir='ltr'>(τὰς</span> <span class='ocrx_word' id='word_1_662' title='bbox 2323 3192 2521 3274; x_wconf 88' lang='grc' dir='ltr'>κράδας</span> <span class='ocrx_word' id='word_1_663' title='bbox 2542 3191 2824 3265; x_wconf 84' lang='grc' dir='ltr'>κατήσθιον</span> <span class='ocrx_word' id='word_1_664' title='bbox 2851 3215 2867 3255; x_wconf 87' lang='lat'>:</span> <span class='ocrx_word' id='word_1_665' title='bbox 2897 3193 3005 3254; x_wconf 76' lang='grc' dir='ltr'>Καὶ</span> <span class='ocrx_word' id='word_1_666' title='bbox 3033 3192 3183 3253; x_wconf 73' lang='grc' dir='ltr'>αὐτοὶ</span> <span class='ocrx_word' id='word_1_667' title='bbox 3212 3195 3527 3259; x_wconf 83' lang='grc' dir='ltr'>ἀντέκοπτον</span> 
     </span>
     <span class='ocr_line' id='line_1_90' title="bbox 1961 3278 3525 3362; baseline 0.002 -25"><span class='ocrx_word' id='word_1_668' title='bbox 1961 3278 2053 3346; x_wconf 80' lang='grc' dir='ltr'>τὰς</span> <span class='ocrx_word' id='word_1_669' title='bbox 2074 3289 2254 3353; x_wconf 75' lang='grc' dir='ltr'>συκᾶς,</span> <span class='ocrx_word' id='word_1_670' title='bbox 2274 3278 2452 3362; x_wconf 77' lang='grc' dir='ltr'>ὥσπερ</span> <span class='ocrx_word' id='word_1_671' title='bbox 2468 3283 2652 3342; x_wconf 85' lang='grc' dir='ltr'>ἐκεῖνοι</span> <span class='ocrx_word' id='word_1_672' title='bbox 2670 3280 2764 3350; x_wconf 78' lang='grc' dir='ltr'>τὰς</span> <span class='ocrx_word' id='word_1_673' title='bbox 2777 3280 3041 3359; x_wconf 84' lang='grc' dir='ltr'>ἀμπέλους</span> <span class='ocrx_word' id='word_1_674' title='bbox 3055 3287 3226 3361; x_wconf 79' lang='grc' dir='ltr'>ἡμῶν.</span> <span class='ocrx_word' id='word_1_675' title='bbox 3307 3283 3525 3356; x_wconf 64' lang='grc' dir='ltr'>Ἄλλως,</span> 
     </span>
     <span class='ocr_line' id='line_1_91' title="bbox 1960 3358 3604 3450; baseline 0.005 -25"><span class='ocrx_word' id='word_1_676' title='bbox 1960 3367 2129 3450; x_wconf 90' lang='grc' dir='ltr'>κράδη</span> <span class='ocrx_word' id='word_1_677' title='bbox 2156 3358 2287 3435; x_wconf 69' lang='grc' dir='ltr'>εἶδος</span> <span class='ocrx_word' id='word_1_678' title='bbox 2324 3374 2503 3441; x_wconf 85' lang='grc' dir='ltr'>συκῆς.</span> <span class='ocrx_word' id='word_1_679' title='bbox 2533 3369 2647 3429; x_wconf 82' lang='grc' dir='ltr'>ἔστι</span> <span class='ocrx_word' id='word_1_680' title='bbox 2674 3369 2730 3429; x_wconf 82' lang='grc' dir='ltr'>δὲ</span> <span class='ocrx_word' id='word_1_681' title='bbox 2754 3369 2845 3428; x_wconf 73' lang='grc' dir='ltr'>καὶ</span> <span class='ocrx_word' id='word_1_682' title='bbox 2874 3369 3110 3449; x_wconf 62' lang='grc' dir='ltr'>μηχανή.</span> <span class='ocrx_word' id='word_1_683' title='bbox 3147 3371 3428 3442; x_wconf 83' lang='grc' dir='ltr'>κατήσθιον</span> <span class='ocrx_word' id='word_1_684' title='bbox 3471 3373 3526 3433; x_wconf 83' lang='grc' dir='ltr'>δὲ</span> <span class='ocrx_word' id='word_1_685' title='bbox 3550 3399 3604 3441; x_wconf 74' lang='lat'>85</span> 
     </span>
     <span class='ocr_line' id='line_1_92' title="bbox 1961 3455 2583 3534; baseline 0.005 -21"><span class='ocrx_word' id='word_1_686' title='bbox 1961 3455 2078 3514; x_wconf 73' lang='grc' dir='ltr'>ἀντὶ</span> <span class='ocrx_word' id='word_1_687' title='bbox 2101 3461 2195 3520; x_wconf 89' lang='grc' dir='ltr'>τοῦ</span> <span class='ocrx_word' id='word_1_688' title='bbox 2218 3455 2583 3534; x_wconf 83' lang='grc' dir='ltr'>κατέκοπτον.)</span> 
     </span>
    </p>

    <p class='ocr_par' dir='ltr' id='par_1_30' title="bbox 1960 3539 3605 3891">
     <span class='ocr_line' id='line_1_93' title="bbox 2040 3539 3526 3626; baseline 0.001 -22"><span class='ocrx_word' id='word_1_689' title='bbox 2040 3564 2135 3606; x_wconf 76' lang='lat'>628.</span> <span class='ocrx_word' id='word_1_690' title='bbox 2178 3543 2275 3616; x_wconf 80' lang='grc' dir='ltr'>τὴν</span> <span class='ocrx_word' id='word_1_691' title='bbox 2302 3543 2572 3626; x_wconf 83' lang='grc' dir='ltr'>κορώνεων</span> <span class='ocrx_word' id='word_1_692' title='bbox 2614 3565 2629 3603; x_wconf 86' lang='lat'>:</span> <span class='ocrx_word' id='word_1_693' title='bbox 2673 3539 2957 3623; x_wconf 82' lang='grc' dir='ltr'>Κορώνεως</span> <span class='ocrx_word' id='word_1_694' title='bbox 2990 3545 3061 3609; x_wconf 77' lang='grc' dir='ltr'>ὥς</span> <span class='ocrx_word' id='word_1_695' title='bbox 3103 3542 3381 3624; x_wconf 68' lang='grc' dir='ltr'>φιὸἄλεως.</span> <span class='ocrx_word' id='word_1_696' title='bbox 3411 3545 3526 3606; x_wconf 75' lang='grc' dir='ltr'>ἔστι</span> 
     </span>
     <span class='ocr_line' id='line_1_94' title="bbox 1962 3621 3525 3710; baseline 0.002 -21"><span class='ocrx_word' id='word_1_697' title='bbox 1962 3629 2017 3689; x_wconf 81' lang='grc' dir='ltr'>δὲ</span> <span class='ocrx_word' id='word_1_698' title='bbox 2044 3621 2177 3700; x_wconf 70' lang='grc' dir='ltr'>εἶδος</span> <span class='ocrx_word' id='word_1_699' title='bbox 2201 3635 2381 3703; x_wconf 85' lang='grc' dir='ltr'>συκῆς.</span> <span class='ocrx_word' id='word_1_700' title='bbox 2412 3630 2503 3688; x_wconf 78' lang='grc' dir='ltr'>καὶ</span> <span class='ocrx_word' id='word_1_701' title='bbox 2537 3632 2592 3689; x_wconf 87' lang='grc' dir='ltr'>ἐν</span> <span class='ocrx_word' id='word_1_702' title='bbox 2617 3630 2931 3710; x_wconf 82' lang='grc' dir='ltr'>Ἀχαρνεῦσι</span> <span class='ocrx_word' id='word_1_703' title='bbox 2958 3630 3103 3708; x_wconf 57' lang='lat'>[8021</span> <span class='ocrx_word' id='word_1_704' title='bbox 3131 3628 3329 3704; x_wconf 86' lang='grc' dir='ltr'>ταύτην</span> <span class='ocrx_word' id='word_1_705' title='bbox 3353 3630 3408 3692; x_wconf 70' lang='grc' dir='ltr'>δέ</span> <span class='ocrx_word' id='word_1_706' title='bbox 3433 3635 3525 3695; x_wconf 79' lang='grc' dir='ltr'>καὶ</span> 
     </span>
     <span class='ocr_line' id='line_1_95' title="bbox 1961 3715 3526 3801; baseline 0.003 -24"><span class='ocrx_word' id='word_1_707' title='bbox 1961 3718 2232 3801; x_wconf 84' lang='grc' dir='ltr'>κοράκειον</span> <span class='ocrx_word' id='word_1_708' title='bbox 2255 3716 2514 3796; x_wconf 79' lang='grc' dir='ltr'>λέγουσιν·</span> <span class='ocrx_word' id='word_1_709' title='bbox 2550 3720 2579 3775; x_wconf 88' lang='lat'><em>6</em></span> <span class='ocrx_word' id='word_1_710' title='bbox 2620 3716 2725 3797; x_wconf 82' lang='grc' dir='ltr'>γὰρ</span> <span class='ocrx_word' id='word_1_711' title='bbox 2757 3715 2957 3798; x_wconf 86' lang='grc' dir='ltr'>καρπὸς</span> <span class='ocrx_word' id='word_1_712' title='bbox 2979 3719 3141 3791; x_wconf 79' lang='grc' dir='ltr'>αὐτῆς</span> <span class='ocrx_word' id='word_1_713' title='bbox 3167 3716 3354 3801; x_wconf 90' lang='grc' dir='ltr'>κόρακι</span> <span class='ocrx_word' id='word_1_714' title='bbox 3390 3720 3526 3783; x_wconf 71' lang='grc' dir='ltr'>ἔοικε</span> 
     </span>
     <span class='ocr_line' id='line_1_96' title="bbox 1960 3804 3605 3891; baseline 0.004 -26"><span class='ocrx_word' id='word_1_715' title='bbox 1960 3806 2100 3866; x_wconf 82' lang='grc' dir='ltr'>κατὰ</span> <span class='ocrx_word' id='word_1_716' title='bbox 2126 3804 2187 3865; x_wconf 81' lang='grc' dir='ltr'>τὸ</span> <span class='ocrx_word' id='word_1_717' title='bbox 2214 3808 2428 3886; x_wconf 84' lang='grc' dir='ltr'>χρῶμα.</span> <span class='ocrx_word' id='word_1_718' title='bbox 3551 3847 3605 3891; x_wconf 69' lang='lat'>⁴⁰</span> 
     </span>
    </p>

    <p class='ocr_par' dir='ltr' id='par_1_31' title="bbox 1959 3884 3526 4154">
     <span class='ocr_line' id='line_1_97' title="bbox 2040 3884 3526 3980; baseline 0.004 -28"><span class='ocrx_word' id='word_1_719' title='bbox 2040 3912 2138 3953; x_wconf 78' lang='lat'>62⁰.</span> <span class='ocrx_word' id='word_1_720' title='bbox 2183 3890 2564 3972; x_wconf 78' lang='grc' dir='ltr'>(ἐξεθρεψάμην</span> <span class='ocrx_word' id='word_1_721' title='bbox 2594 3913 2608 3952; x_wconf 88' lang='lat'><strong>:</strong></span> <span class='ocrx_word' id='word_1_722' title='bbox 2634 3891 2728 3959; x_wconf 85' lang='grc' dir='ltr'>Ὡς</span> <span class='ocrx_word' id='word_1_723' title='bbox 2751 3890 2839 3950; x_wconf 82' lang='grc' dir='ltr'>ἐπὶ</span> <span class='ocrx_word' id='word_1_724' title='bbox 2866 3892 3078 3954; x_wconf 88' lang='grc' dir='ltr'>παιδίου</span> <span class='ocrx_word' id='word_1_725' title='bbox 3107 3884 3249 3954; x_wconf 66' lang='grc' dir='ltr'>εἶπν</span> <span class='ocrx_word' id='word_1_726' title='bbox 3266 3892 3302 3966; x_wconf 77' lang='grc' dir='ltr'>ἢ</span> <span class='ocrx_word' id='word_1_727' title='bbox 3328 3898 3526 3980; x_wconf 85' lang='grc' dir='ltr'>ἀνθρώ-</span> 
     </span>
     <span class='ocr_line' id='line_1_98' title="bbox 1960 3972 3525 4070; baseline 0.004 -29"><span class='ocrx_word' id='word_1_728' title='bbox 1960 4004 2063 4041; x_wconf 91' lang='grc' dir='ltr'>που</span> <span class='ocrx_word' id='word_1_729' title='bbox 2082 3979 2141 4039; x_wconf 86' lang='grc' dir='ltr'>τὸ</span> <span class='ocrx_word' id='word_1_730' title='bbox 2165 3978 2543 4061; x_wconf 83' lang='grc' dir='ltr'>ἐξεθρεψάμην,</span> <span class='ocrx_word' id='word_1_731' title='bbox 2568 3982 2649 4060; x_wconf 82' lang='grc' dir='ltr'>ἐφ’</span> <span class='ocrx_word' id='word_1_732' title='bbox 2670 3972 2772 4062; x_wconf 77' lang='grc' dir='ltr'>ᾧτε</span> <span class='ocrx_word' id='word_1_733' title='bbox 2799 3979 2985 4052; x_wconf 78' lang='grc' dir='ltr'>ἱκανὴν</span> <span class='ocrx_word' id='word_1_734' title='bbox 3005 3981 3232 4042; x_wconf 89' lang='grc' dir='ltr'>διάθεσιν</span> <span class='ocrx_word' id='word_1_735' title='bbox 3253 3984 3344 4044; x_wconf 80' lang='grc' dir='ltr'>καί</span> <span class='ocrx_word' id='word_1_736' title='bbox 3366 4009 3525 4070; x_wconf 89' lang='grc' dir='ltr'>στορ-</span> 
     </span>
     <span class='ocr_line' id='line_1_99' title="bbox 1959 4065 3497 4154; baseline 0.007 -29"><span class='ocrx_word' id='word_1_737' title='bbox 1959 4067 2057 4146; x_wconf 77' lang='grc' dir='ltr'>γὴν</span> <span class='ocrx_word' id='word_1_738' title='bbox 2086 4071 2392 4146; x_wconf 81' lang='grc' dir='ltr'>ἐμποιῆσαι.</span> <span class='ocrx_word' id='word_1_739' title='bbox 2425 4065 2568 4139; x_wconf 77' lang='grc' dir='ltr'>ἢῖνα</span> <span class='ocrx_word' id='word_1_740' title='bbox 2589 4068 2839 4151; x_wconf 77' lang='grc' dir='ltr'>φαίνηται</span> <span class='ocrx_word' id='word_1_741' title='bbox 2870 4070 3180 4147; x_wconf 84' lang='grc' dir='ltr'>ἀγανακτῶν</span> <span class='ocrx_word' id='word_1_742' title='bbox 3208 4073 3263 4131; x_wconf 81' lang='grc' dir='ltr'>ἐν</span> <span class='ocrx_word' id='word_1_743' title='bbox 3285 4072 3497 4154; x_wconf 87' lang='grc' dir='ltr'>λόγοις.)</span> 
     </span>
    </p>

    <p class='ocr_par' dir='ltr' id='par_1_32' title="bbox 1957 4154 3601 4767">
     <span class='ocr_line' id='line_1_100' title="bbox 2038 4154 3523 4240; baseline 0.004 -23"><span class='ocrx_word' id='word_1_744' title='bbox 2038 4177 2137 4217; x_wconf 76' lang='lat'>631.</span> <span class='ocrx_word' id='word_1_745' title='bbox 2182 4154 2504 4235; x_wconf 81' lang='grc' dir='ltr'>(ἑξμέδιμνον</span> <span class='ocrx_word' id='word_1_746' title='bbox 2528 4156 2759 4237; x_wconf 82' lang='grc' dir='ltr'>κυψέλην</span> <span class='ocrx_word' id='word_1_747' title='bbox 2788 4177 2802 4217; x_wconf 75' lang='lat'>2</span> <span class='ocrx_word' id='word_1_748' title='bbox 2826 4155 2932 4226; x_wconf 81' lang='grc' dir='ltr'>Ἓξ</span> <span class='ocrx_word' id='word_1_749' title='bbox 2953 4158 3231 4237; x_wconf 83' lang='grc' dir='ltr'>μεδίμνους</span> <span class='ocrx_word' id='word_1_750' title='bbox 3248 4168 3523 4240; x_wconf 80' lang='grc' dir='ltr'>χωροῦσαν</span> 
     </span>
     <span class='ocr_line' id='line_1_101' title="bbox 1960 4236 3601 4327; baseline 0.002 -22"><span class='ocrx_word' id='word_1_751' title='bbox 1960 4244 2209 4327; x_wconf 80' lang='grc' dir='ltr'>κυψέλην.</span> <span class='ocrx_word' id='word_1_752' title='bbox 2238 4244 2350 4325; x_wconf 70' lang='grc' dir='ltr'>ἔστι</span> <span class='ocrx_word' id='word_1_753' title='bbox 2375 4246 2434 4302; x_wconf 83' lang='grc' dir='ltr'>δὲ</span> <span class='ocrx_word' id='word_1_754' title='bbox 2461 4236 2592 4311; x_wconf 75' lang='grc' dir='ltr'>εἶδος</span> <span class='ocrx_word' id='word_1_755' title='bbox 2620 4244 2831 4325; x_wconf 85' lang='grc' dir='ltr'>ἀγγείου</span> <span class='ocrx_word' id='word_1_756' title='bbox 2859 4244 2894 4317; x_wconf 80' lang='grc' dir='ltr'>ἢ</span> <span class='ocrx_word' id='word_1_757' title='bbox 2929 4244 3121 4327; x_wconf 77' lang='grc' dir='ltr'>μέτρου</span> <span class='ocrx_word' id='word_1_758' title='bbox 3150 4249 3383 4307; x_wconf 79' lang='grc' dir='ltr'>δεκτικὸν</span> <span class='ocrx_word' id='word_1_759' title='bbox 3422 4272 3524 4309; x_wconf 90' lang='grc' dir='ltr'>πυ-</span> <span class='ocrx_word' id='word_1_760' title='bbox 3549 4280 3601 4320; x_wconf 75' lang='lat'>⁴5</span> 
     </span>
     <span class='ocr_line' id='line_1_102' title="bbox 1957 4332 3526 4503; baseline 0.001 -23"><span class='ocrx_word' id='word_1_761' title='bbox 1957 4358 2063 4481; x_wconf 62' lang='grc' dir='ltr'>ΞΣ,</span> <span class='ocrx_word' id='word_1_762' title='bbox 2077 4332 3406 4503; x_wconf 55' lang='grc' dir='ltr'>ῗιῖρὲλθῖἷῐίᾞωξιῗσῖἷίἶῖἑὶ.δέἰξῗρῖῗ’ἓὲ”ἶζῖζ</span> <span class='ocrx_word' id='word_1_763' title='bbox 3425 4360 3526 4494; x_wconf 61' lang='grc' dir='ltr'>ἶὴῗ</span> 
     </span>
     <span class='ocr_line' id='line_1_103' title="bbox 1958 4507 3522 4591; baseline 0.001 -24"><span class='ocrx_word' id='word_1_764' title='bbox 1958 4507 2244 4591; x_wconf 81' lang='grc' dir='ltr'>κυψελίδα,</span> <span class='ocrx_word' id='word_1_765' title='bbox 2267 4507 2384 4579; x_wconf 76' lang='grc' dir='ltr'>ἥτις</span> <span class='ocrx_word' id='word_1_766' title='bbox 2411 4507 2550 4568; x_wconf 76' lang='grc' dir='ltr'>ἐστὶν</span> <span class='ocrx_word' id='word_1_767' title='bbox 2578 4511 2607 4566; x_wconf 88' lang='lat'><em>6</em></span> <span class='ocrx_word' id='word_1_768' title='bbox 2635 4510 2689 4567; x_wconf 78' lang='grc' dir='ltr'>ἐν</span> <span class='ocrx_word' id='word_1_769' title='bbox 2723 4511 2830 4575; x_wconf 87' lang='grc' dir='ltr'>τοῖς</span> <span class='ocrx_word' id='word_1_770' title='bbox 2849 4510 2950 4567; x_wconf 77' lang='grc' dir='ltr'>ὠσὶ</span> <span class='ocrx_word' id='word_1_771' title='bbox 2983 4508 3161 4589; x_wconf 74' lang='grc' dir='ltr'>ῥύπος.</span> <span class='ocrx_word' id='word_1_772' title='bbox 3186 4510 3247 4566; x_wconf 81' lang='grc' dir='ltr'>οὗ</span> <span class='ocrx_word' id='word_1_773' title='bbox 3275 4507 3433 4586; x_wconf 85' lang='grc' dir='ltr'>μόνον</span> <span class='ocrx_word' id='word_1_774' title='bbox 3465 4508 3522 4569; x_wconf 75' lang='grc' dir='ltr'>δὲ</span> 
     </span>
     <span class='ocr_line' id='line_1_104' title="bbox 1958 4587 3522 4679; baseline 0.001 -23"><span class='ocrx_word' id='word_1_775' title='bbox 1958 4595 2184 4656; x_wconf 81' lang='grc' dir='ltr'>πλεκταὶ</span> <span class='ocrx_word' id='word_1_776' title='bbox 2209 4587 2345 4669; x_wconf 68' lang='grc' dir='ltr'>’ἦσαν</span> <span class='ocrx_word' id='word_1_777' title='bbox 2371 4599 2428 4655; x_wconf 79' lang='grc' dir='ltr'>αἱ</span> <span class='ocrx_word' id='word_1_778' title='bbox 2448 4594 2704 4677; x_wconf 82' lang='grc' dir='ltr'>κυψέλαι,</span> <span class='ocrx_word' id='word_1_779' title='bbox 2728 4593 2866 4655; x_wconf 73' lang='grc' dir='ltr'>ἀλλὰ</span> <span class='ocrx_word' id='word_1_780' title='bbox 2887 4595 2979 4654; x_wconf 82' lang='grc' dir='ltr'>καὶ</span> <span class='ocrx_word' id='word_1_781' title='bbox 2998 4596 3275 4677; x_wconf 88' lang='grc' dir='ltr'>κεραμέαι.</span> <span class='ocrx_word' id='word_1_782' title='bbox 3291 4595 3371 4656; x_wconf 85' lang='grc' dir='ltr'>διὸ</span> <span class='ocrx_word' id='word_1_783' title='bbox 3391 4596 3522 4679; x_wconf 81' lang='grc' dir='ltr'>λίθῳ</span> 
     </span>
     <span class='ocr_line' id='line_1_105' title="bbox 1959 4682 3600 4767; baseline 0.002 -24"><span class='ocrx_word' id='word_1_784' title='bbox 1959 4684 2116 4767; x_wconf 75' lang='grc' dir='ltr'>φησὶν</span> <span class='ocrx_word' id='word_1_785' title='bbox 2139 4682 2304 4756; x_wconf 79' lang='grc' dir='ltr'>αὐτὴν</span> <span class='ocrx_word' id='word_1_786' title='bbox 2334 4684 2667 4759; x_wconf 79' lang='grc' dir='ltr'>κλασθῆναι.)</span> <span class='ocrx_word' id='word_1_787' title='bbox 3548 4724 3600 4765; x_wconf 74' lang='lat'>50</span> 
     </span>
    </p>

    <p class='ocr_par' dir='ltr' id='par_1_33' title="bbox 1956 4767 3522 4938">
     <span class='ocr_line' id='line_1_106' title="bbox 2037 4767 3522 4856; baseline 0 -22"><span class='ocrx_word' id='word_1_788' title='bbox 2037 4793 2135 4834; x_wconf 74' lang='lat'>⁶32.</span> <span class='ocrx_word' id='word_1_789' title='bbox 2179 4771 2434 4856; x_wconf 76' lang='grc' dir='ltr'>οὑργάτης</span> <span class='ocrx_word' id='word_1_790' title='bbox 2455 4771 2586 4838; x_wconf 76' lang='grc' dir='ltr'>λεὼς</span> <span class='ocrx_word' id='word_1_791' title='bbox 2613 4793 2629 4832; x_wconf 89' lang='lat'><strong>:</strong></span> <span class='ocrx_word' id='word_1_792' title='bbox 2655 4769 2759 4831; x_wconf 75' lang='grc' dir='ltr'>Διὰ</span> <span class='ocrx_word' id='word_1_793' title='bbox 2787 4767 2889 4851; x_wconf 76' lang='grc' dir='ltr'>γὰρ</span> <span class='ocrx_word' id='word_1_794' title='bbox 2916 4768 3012 4839; x_wconf 73' lang='grc' dir='ltr'>τὰς</span> <span class='ocrx_word' id='word_1_795' title='bbox 3034 4771 3265 4851; x_wconf 84' lang='grc' dir='ltr'>συνεχεῖς</span> <span class='ocrx_word' id='word_1_796' title='bbox 3293 4776 3397 4832; x_wconf 87' lang='grc' dir='ltr'>τῶν</span> <span class='ocrx_word' id='word_1_797' title='bbox 3425 4796 3522 4834; x_wconf 90' lang='grc' dir='ltr'>πο-</span> 
     </span>
     <span class='ocr_line' id='line_1_107' title="bbox 1956 4856 3521 4938; baseline 0 -18"><span class='ocrx_word' id='word_1_798' title='bbox 1956 4860 2132 4937; x_wconf 82' lang='grc' dir='ltr'>λέμων</span> <span class='ocrx_word' id='word_1_799' title='bbox 2155 4857 2397 4927; x_wconf 73' lang='grc' dir='ltr'>εἰσὸολὰς</span> <span class='ocrx_word' id='word_1_800' title='bbox 2418 4856 2922 4938; x_wconf 79' lang='grc' dir='ltr'>ἐσκευαγωγήσαντο</span> <span class='ocrx_word' id='word_1_801' title='bbox 2944 4859 3018 4926; x_wconf 88' lang='grc' dir='ltr'>εἰς</span> <span class='ocrx_word' id='word_1_802' title='bbox 3036 4856 3133 4930; x_wconf 83' lang='grc' dir='ltr'>τὴν</span> <span class='ocrx_word' id='word_1_803' title='bbox 3161 4856 3313 4918; x_wconf 86' lang='grc' dir='ltr'>πόλιν</span> <span class='ocrx_word' id='word_1_804' title='bbox 3335 4862 3385 4920; x_wconf 82' lang='grc' dir='ltr'>οἱ</span> <span class='ocrx_word' id='word_1_805' title='bbox 3413 4859 3521 4920; x_wconf 82' lang='grc' dir='ltr'>ἀπὸ</span> 
     </span>
    </p>
   </div>
   <div class='ocr_carea' id='block_1_7' title="bbox 1913 4950 2286 5048">
    <p class='ocr_par' dir='ltr' id='par_1_34' title="bbox 1913 4950 2286 5048">
     <span class='ocr_line' id='line_1_108' title="bbox 1913 4950 2286 5048; baseline -0.005 -42"><span class='ocrx_word' id='word_1_806' title='bbox 1913 4957 1923 5048; x_wconf 66' lang='grc' dir='ltr'>Ι</span> <span class='ocrx_word' id='word_1_807' title='bbox 1954 4952 2059 5007; x_wconf 89' lang='grc' dir='ltr'>τῶν</span> <span class='ocrx_word' id='word_1_808' title='bbox 2095 4950 2286 5027; x_wconf 84' lang='grc' dir='ltr'>ἀγρῶν.</span> 
     </span>
    </p>
   </div>
   <div class='ocr_carea' id='block_1_8' title="bbox 2037 5024 3515 5114">
    <p class='ocr_par' dir='ltr' id='par_1_35' title="bbox 2037 5024 3515 5114">
     <span class='ocr_line' id='line_1_109' title="bbox 2037 5024 3515 5114; baseline -0.001 -17"><span class='ocrx_word' id='word_1_809' title='bbox 2037 5055 2139 5097; x_wconf 75' lang='lat'>0³³.</span> <span class='ocrx_word' id='word_1_810' title='bbox 2183 5034 2517 5111; x_wconf 78' lang='grc' dir='ltr'>πωλούμενος</span> <span class='ocrx_word' id='word_1_811' title='bbox 2556 5036 2652 5095; x_wconf 76' lang='grc' dir='ltr'>οὒκ</span> <span class='ocrx_word' id='word_1_812' title='bbox 2687 5031 2964 5093; x_wconf 88' lang='grc' dir='ltr'>ἐλάνθανεν</span> <span class='ocrx_word' id='word_1_813' title='bbox 3002 5053 3018 5095; x_wconf 85' lang='lat'>:</span> <span class='ocrx_word' id='word_1_814' title='bbox 3053 5029 3185 5095; x_wconf 74' lang='grc' dir='ltr'>Ἐὰν</span> <span class='ocrx_word' id='word_1_815' title='bbox 3221 5031 3316 5112; x_wconf 81' lang='grc' dir='ltr'>μὲν</span> <span class='ocrx_word' id='word_1_816' title='bbox 3343 5024 3381 5114; x_wconf 72' lang='grc' dir='ltr'>ᾖ</span> <span class='ocrx_word' id='word_1_817' title='bbox 3420 5035 3515 5095; x_wconf 75' lang='grc' dir='ltr'>οὐκ</span> 
     </span>
    </p>
   </div>
  </div>
 </body>
</html>
