3859 5725
364 249 484 304 540

449 369 580 442 133,
608 368 679 426 16
704 366 754 426 oi
778 384 895 426 om.
922 367 984 426 Γ.

1498 231 1954 294 ADNOTATIO
1997 232 2077 292 IN
2122 231 2386 294 SCHOL.

2070 366 2189 426 355
2215 366 2390 427 habet
2425 368 2627 428 iisdem
2663 370 2782 428 fere
2804 367 2998 426 verbis
3034 366 3238 435 Suidas
3272 387 3320 426 s,
3356 364 3539 426 Ἀπια

449 458 582 533 139,
620 473 697 513 30
729 452 954 515 Μανικά
1004 450 1166 526 addit
1207 454 1300 523 Β.,
1343 463 1403 510 et
1450 463 1736 530 praeterea
1784 457 1908 510 κατ’
1988 469 2048 517 et
2069 462 2281 538 partim
2304 460 2711 539 grammaticus
2730 460 2792 519 in
2807 459 3045 518 Bekkeri
3070 458 3285 518 Anecd.
3309 479 3368 537 p.
3395 459 3547 531 435,-

363 540 642 626 ὲρώτησιν,
665 541 824 619 quod
853 537 1221 601 referendum
1252 538 1325 598 ad
1355 558 1407 597 v.
1444 548 1578 608 141.

450 634 563 702 146
588 631 752 691 addit
777 630 904 690 Ald.
941 632 1014 696 ὣς
1039 627 1133 688 καὶ
1161 627 1424 709 ἀλλαχοῦ,
1451 626 1571 695 τοὺς
1598 626 1899 709 ἀλλοτρίους

362 722 514 798 ἀμῶν
541 718 772 801 στάχυς,
793 719 1008 786 τούτους
1025 721 1080 778 ἒν
1101 717 1238 800 ξύλῳ
1262 716 1425 790 δήσας
1440 716 1647 797 ἀφαύει.
1673 718 1900 777 Inserta

361 826 433 866 ex
460 807 637 868 Suida
656 827 705 867 s.
732 805 1221 891 Ἀφαυανθήσομαι.

451 899 562 966 148
590 897 843 971 ἀνύεται,
871 896 1004 978 ὅπερ
1033 894 1219 958 λοιπὸν
1240 896 1336 953 οὐκ
1358 892 1422 953 ἂν
1446 893 1650 972 γένοιτο
1677 893 1899 968 ΑΙά.,ἱ11

362 1006 482 1067 quo
514 987 851 1065 proximum
882 986 1091 1045 lemma
1121 996 1248 1044 erat
1270 980 1621 1066 διερεισμένη.

449 1075 561 1135 150
589 1064 718 1133 Οἶον
743 1073 1001 1134 additum
1028 1092 1103 1132 ex
1132 1075 1195 1134 Γ.
1218 1071 1580 1153 διαταξαμένη
1610 1071 1740 1129 Ald.

447 1165 559 1223 153
588 1183 707 1222 0111.
741 1164 807 1223 Γ.
840 1161 933 1221 Ad
958 1183 1014 1221 v.
1048 1162 1155 1233 154
1191 1162 1353 1221 addit
1382 1163 1508 1222 Ald.
1531 1160 1759 1225 λάκκους
1792 1160 1894 1236 ζμ-

355 1260 569 1313 ποιεῖνε
602 1252 870 1324 Ἀθηναῖοι
906 1251 998 1310 καὶ
1046 1254 1097 1310 οἱ
1139 1250 1292 1310 ἄλλοι
1330 1254 1437 1311 τῶν
1467 1247 1742 1321 Ἑλλήνων
1779 1245 1900 1328 δρύ-

354 1363 540 1421 γματα
565 1340 669 1400 ὑπὸ
685 1339 784 1413 τὴν
811 1343 914 1419 γῆν
938 1344 1208 1408 ποιοῦντες
1230 1338 1503 1422 εὐρύχωρα
1521 1338 1612 1398 καὶ
1636 1335 1898 1419 στρογγύ-

354 1434 425 1489 λα
456 1438 551 1488 καὶ
586 1427 921 1512 τετράγωνα,
946 1428 1038 1489 καὶ
1070 1435 1240 1489 ταῦτα
1273 1430 1550 1495 κονιῶντες
1563 1472 1580 1502 ,
1607 1417 1744 1487 οἶνον
1772 1428 1900 1484 ὕπε-

358 1515 583 1599 δὲχοντο
608 1516 702 1578 καὶ
732 1516 910 1577 ἔλαιον
928 1519 1001 1583 εἷς
1027 1515 1179 1577 αὔτά.
1201 1516 1295 1576 καὶ
1316 1522 1486 1576 ταῦτα
1502 1515 1731 1581 λάκκους
1764 1516 1899 1572 ἔκα-

356 1607 504 1665 λουν.
535 1611 760 1665 Inserta
795 1626 869 1665 ex
908 1605 1090 1666 Suida
1109 1626 1154 1665 s.
1180 1604 1417 1680 Λάκκος,
1446 1605 1549 1684 qui
1588 1624 1662 1663 ex
1689 1602 1898 1663 Photio

359 1694 687 1773 descripsit.

447 1784 580 1856 155,
616 1786 687 1851 34
721 1789 830 1848 τοῖς
853 1784 988 1849 θεοῖς
1013 1782 1144 1843 Ald.

447 1875 580 1951 193,
606 1872 682 1931 50
711 1870 1174 1948 Δακεδαιμονίων.
1196 1875 1322 1931 Imo
1350 1868 1660 1944 Ἀθηναίων,
1679 1881 1747 1927 ut
1774 1885 1902 1926 mo·

358 1974 458 2020 net
480 1962 713 2022 PetituS.

444 2048 556 2126 198
586 2046 848 2128 Ἐὸάρουν
874 2050 944 2106 Β.
973 2048 1038 2106 Γ.

441 2155 550 2194 301
579 2132 1085 2213 Κατ’-ἀμαθήςὶυ
1109 2134 1221 2192 fine
1237 2144 1373 2213 post
1398 2130 1578 2213 κύριον
1602 2130 1774 2210 ponit
1807 2133 1901 2205 R.,

358 2229 388 2284 ὅ
435 2224 537 2307 γὰρ
575 2226 865 2284 omittens.
886 2258 966 2269 —
991 2227 1023 2283 3
1049 2222 1111 2283 τὸ
1139 2222 1455 2307 δὲ-κύριον
1493 2244 1606 2283 om.
1652 2224 1714 2283 Γ.
1742 2222 1903 2281 Idem

361 2313 584 2372 scholia
597 2334 654 2373 v.
684 2315 956 2386 303-478
986 2313 1223 2371 omittit.

444 2401 581 2476 303,
611 2401 645 2459 5
665 2399 756 2460 καὶ
782 2398 1038 2473 ἠὸούλετο
1056 2403 1125 2458 Β.

444 2509 584 2564 330,
624 2490 699 2547 33
734 2486 829 2555 τὰς
869 2485 1056 2554 καινὰς
1103 2485 1309 2547 Suidas
1349 2506 1394 2545 s.
1429 2485 1709 2566 Χρηστῶς.
1737 2515 1802 2530 -·
1826 2483 1901 2542 35

362 2576 546 2658 κριθάς
573 2577 878 2638 Dobraeus.
908 2576 1244 2655 Legebatur
1268 2572 1476 2655 τρίχας.

444 2665 583 2737 343,
614 2664 687 2722 35
713 2664 851 2725 'Ant
869 2668 962 2723 τοῦ
987 2684 1103 2723 0111.
1124 2670 1196 2725 Β.
1227 2663 1325 2722 hic
1346 2676 1405 2722 et
1436 2663 1475 2721 1.
1523 2681 1619 2736 37.
1649 2663 1718 2722 111
1766 2660 1901 2720 ΛΜ.

363 2751 642 2830 praecedit
664 2753 933 2811 scholion
964 2753 1019 2810 ἒν
1048 2760 1164 2819 ταῖς
1188 2759 1380 2834 φυγαῖς
1402 2774 1417 2810 z
1441 2749 1602 2815 τόπος
1634 2753 1729 2808 τοῦ
1753 2748 1905 2807 δικα-

363 2838 580 2921 στηρίου
600 2839 1081 2923 ἀποκεκρυμμένος.
1094 2873 1173 2887 -
1189 2841 1261 2915 37
1285 2835 1639 2922 κηρύττεσθαι
1659 2836 1748 2898 ἐπὶ
1770 2836 1901 2896 Ald.

445 2928 583 3004 353,
613 2931 688 2998 46
717 2928 926 3007 έλέγετο
954 2927 1010 2987 δὲ
1037 2929 1169 2988 Ald.

444 3018 587 3090 354,
632 3017 750 3075 355
797 3019 878 3077 sic
921 3018 979 3075 in
1020 3017 1178 3091 Ald„
1215 3021 1244 3077 ὁ
1272 3014 1409 3096 ἔχων
1439 3013 1559 3083 τοὺς
1606 3012 1905 3097 ὀφθαλμοὺς

366 3104 593 3183 μεστοὺς
641 3104 998 3188 ἀκαθαρσίας,
1033 3109 1062 3164 δ
1088 3107 1293 3184 λημῶν.
1349 3103 1685 3184 ἐκωμῳδεῖτο
1737 3101 1795 3162 δὲ
1834 3105 1907 3169 ὡς

363 3194 696 3277 συκοφάντης
728 3193 818 3255 καὶ
854 3194 992 3263 ξένος
1018 3192 1110 3252 καὶ
1143 3194 1391 3267 κλέπτης.
1428 3194 1480 3259 ἐς
1513 3190 1663 3257 κυνὰΙ
1695 3190 1904 3270 πυγήντ

362 3283 624 3364 παροιμία
640 3327 658 3357 ,
682 3285 735 3350 ἐς
760 3282 914 3349 κυνὸς
936 3282 1110 3360 πυγὴν
1134 3286 1262 3365 &pay
1286 3282 1377 3341 καὶ
1401 3283 1562 3363 τριῶν
1592 3279 1903 3340 ἀλωπέκων.

362 3371 572 3450 λέγεται
593 3370 650 3431 δὲ
675 3371 763 3430 ἐπὶ
787 3376 893 3430 τῶν
917 3369 1347 3455 ὀφθαλμιώντων.

446 3460 596 3534 357,
643 3481 670 3518 1
699 3459 805 3519 Καὶ
830 3457 966 3538 μετὰ
1017 3460 1204 3519 τούτου
1249 3459 1508 3518 additum
1561 3477 1638 3517 ex
1676 3463 1842 3517 Β.-
1869 3476 1903 3515 3

363 3546 511 3630 παρὰ
555 3546 652 3620 τὴν
700 3549 827 3608 ΑΙά.

448 3636 584 3708 365,
618 3656 688 3695 10
725 3638 968 3697 alterum
1012 3638 1060 3696 οἳ
1089 3656 1202 3697 0111.
1242 3641 1331 3711 Β.,
1359 3656 1432 3695 ex
1456 3655 1574 3714 quo
1617 3652 1906 3693 accessere

367 3724 727 3809 Ἐν-αἷρειν,

450 3815 561 3888 367
592 3814 980 3893 γυμνωθείσαις
1014 3815 1147 3874 Ald.
1221 3848 1229 3857 ·

450 3904 588 3980 389,
618 3907 713 3964 36.
753 3906 1033 3984 Sequitur
1075 3906 1135 3963 iu
1187 3902 1318 3963 Ald.
1362 3898 1714 3978 θεσμοθέτης,
1766 3897 1905 3982 ἀρχή

368 4010 445 4057 τις
468 3989 765 4070 Ἀθήνῃσιν,
786 3992 839 4062 ἓξ
862 3992 1030 4051 ὄντων
1065 3992 1158 4050 τὸν
1190 3987 1411 4071 ἀριθμόν
1429 4014 1443 4028 ·
1492 3988 1666 4049 καίτοι
1712 3990 1772 4047 ἐκ
1801 3991 1906 4048 τῶν

370 4078 708 4158 καλουμένων
739 4081 889 4141 ἐννέα
914 4079 1205 4163 ἀρχόντων.
1231 4080 1517 4138 καλοῦνται
1547 4076 1602 4137 δὲ
1632 4073 1795 4144 οὕτως
1830 4074 1909 4135 ὅτι

368 4178 474 4234 τῶν
500 4172 677 4251 νόμων
704 4174 801 4247 τὴν
826 4173 1137 4254 ἐπιμέλειαν
1173 4162 1338 4252 εἶχον.
1362 4171 1445 4231 ὅτι
1475 4171 1533 4230 δὲ
1573 4171 1692 4238 τοὺς
1720 4168 1910 4249 νόμους

371 4256 515 4323 οὗτοι
539 4260 786 4343 διώρθουν
812 4262 928 4322 κατ’
945 4260 1180 4322 ἐνιαυτὸν
1207 4257 1451 4333 ἕκαστον,
1479 4259 1687 4343 εἴρηκεν
1725 4258 1910 4337 Αἰσχί-

373 4375 468 4425 νης
488 4352 541 4409 ἐν
556 4353 633 4430 τῷ
661 4347 802 4409 κατὰ
833 4352 1231 4433 Κτησιφῶντος.
1260 4350 1424 4408 Illata
1446 4370 1518 4409 ex
1559 4354 1906 4426 Harpocrat.

374 4461 415 4500 s.
448 4435 799 4517 Θεσμοθέται.

458 4546 594 4603 393,
616 4527 689 4583 33
726 4521 1010 4602 Ἧδόμενος
1039 4524 1266 4607 δριμέσι.
1297 4524 1386 4584 καὶ
1414 4530 1484 4584 Β.

456 4618 593 4695 395,
617 4618 689 4689 37
714 4614 880 4695 μηδὲν
917 4614 1043 4699 πρὶν
1071 4614 1266 4700 φθέγξῃ
1295 4622 1367 4677 Β.

457 4705 592 4782 398,
622 4714 689 4774 41
722 4703 915 4771 Ὅπως
942 4711 1034 4783 Β.,
1059 4708 1160 4784 qui
1196 4714 1264 4779 47
1297 4710 1326 4765 ὃ
1356 4727 1470 4765 0111.

457 4795 593 4869 318,
631 4814 655 4851 1
688 4792 724 4865 ἢ
746 4791 809 4851 τὸ
835 4792 995 4853 ἀνα6.
1025 4800 1096 4857 Β.

458 4885 592 4959 319,
626 4889 659 4948 4
693 4878 833 4941 'Ant
847 4885 940 4940 τοῦ
959 4895 1017 4941 et
1036 4880 1354 4963 ὖποδέδεμαι
1374 4904 1489 4943 om.
1521 4886 1589 4940 R.

459 4971 575 5029 338
603 4968 795 5029 ἄτοπον
823 4973 1058 5081 φανερῶς
1082 4971 1207 5031 Ald.

463 5058 597 5140 351,
626 5077 695 5115 31
720 5063 888 5118 ταῦτα
921 5082 1008 5117 ουν
1039 5065 1105 5118 Β.

1995 569 2142 609 1.-
2170 569 2242 623 37
2270 548 2530 630 ἀρπάζετε
2551 550 2773 609 Suidas,

2070 638 2206 715 356,
2256 640 2329 697 30
2371 637 2812 714 Λακεδαιμονίοις
2840 636 2973 695 Ald.
3022 649 3082 696 et
3121 635 3328 698 Suidas
3363 655 3412 695 S.
3444 634 3540 695 'A-

2071 815 2181 873 361
2213 827 2300 874 est
2341 814 2678 874 recentioris
2705 812 3059 891 grammatici
3091 811 3386 886 scholion,
3418 810 3540 869 du-

1987 914 2144 961 ctum
2169 922 2242 962 ex
2261 903 2443 962 schol.
2472 907 2647 979 Vesp.
2690 901 2820 959 155.
2842 904 3023 960 Dmn.

2071 992 2187 1050 366
2220 988 2313 1050 καὶ
2337 994 2367 1050 ὁ
2386 988 2717 1061 Ἀντισθένης
2737 986 2794 1047 δὲ
2823 985 2999 1070 ἰατρὸς
3031 983 3394 1068 θηλυδριώδης
3417 985 3537 1044 ha-

1991 1079 2092 1140 bet
2118 1079 2245 1138 Ald.
2872 1071 2883 1080 ”

2071 1170 2206 1247 369,
2244 1169 2318 1235 48
2350 1164 2637 1238 Εἰλήθυιαν
2657 1169 2751 1244 Β..

2072 1260 2206 1335 390,
2239 1265 2305 1326 14
2331 1254 2506 1335 τρίτον
2536 1251 2848 1336 φθέγγεται,
2875 1253 2945 1309 16
2973 1248 3137 1332 Παρὰ
3161 1248 3232 1309 τὰ
3250 1249 3382 1310 Ald.

2071 1348 2186 1422 395
2220 1345 2383 1403 Ald.:
2411 1346 2462 1404 Τ
2465 1349 2526 1403 οῦ
2557 1341 2744 1424 ὄρθρου
2774 1338 3037 1413 δηλονότι.
3063 1345 3172 1405 τοῖς
3207 1336 3538 1418 πρυτάνεσιε

1987 1435 2050 1496 τὸ
2078 1434 2298 1495 δέκατον
2329 1430 2488 1514 μέρος
2523 1434 2618 1503 τῆς
2652 1431 2841 1511 βουλῆς
2881 1429 2988 1488 τῶν
3026 1425 3101 1507 φ’,
3134 1429 3180 1486 ν’
3210 1425 3391 1508 ἄνδρες
3424 1424 3543 1484 ἀπὸ

1991 1533 2114 1603 μιᾶς
2132 1524 2298 1605 φυλῆς
2314 1567 2331 1597 ,
2364 1523 2414 1580 οἳ
2434 1520 2748 1585 διοικοῦντες
2770 1516 2985 1577 ἅπαντα
3005 1514 3073 1574 τὰ
3099 1515 3201 1574 ὑπὸ
3218 1517 3312 1585 τῆς
3336 1515 3540 1592 βουλῆς

1988 1610 2346 1693 πραττόμενα.
2375 1606 2726 1690 ἕπρυτάνευον
2752 1606 2809 1665 δὲ
2827 1607 2888 1665 lx
2918 1603 3169 1683 διαδοχῆς
3193 1600 3452 1674 ἀλλήλαις
3478 1604 3540 1660 αἱ

1992 1699 2119 1761 δέκα
2145 1698 2307 1782 φυλαὶ
2337 1696 2519 1779 κλήρῳ
2543 1700 2822 1777 λαχοῦσαι.
2855 1699 3074 1754 Inserta
3105 1712 3178 1751 ex
3197 1696 3541 1769 Harpocra-

1992 1790 2145 1849 tione
2165 1808 2208 1846 s.
2235 1786 2540 1868 Πρυτάνεις.

2074 1887 2209 1949 404,
2251 1877 2325 1934 36
2365 1872 2731 1934 scribebatur
2768 1868 3108 1948 τιθύμαλλον.
3135 1908 3208 1922 -
3241 1886 3312 1938 37
3349 1864 3456 1946 γὰρ
3485 1868 3542 1923 οἱ

1992 1971 2084 2041 Β.,
2102 1966 2203 2043 qui
2225 1964 2315 2024 καὶ
2335 1961 2592 2044 πατρίδας
2613 1980 2744 2020 cum
2765 1958 2943 2020 Suida
2964 1979 3012 2019 s.
3032 1954 3263 2031 Γλάμων
3284 1966 3341 2013 et
3363 1951 3541 2014 Τιθύ-

1994 2055 2208 2134 μαλλος.
2238 2053 2369 2112 Ald.
2393 2051 2484 2111 καὶ
2513 2053 2573 2110 ἐκ
2596 2049 2862 2131 πατρίδος.
2882 2081 2965 2092 -—
2990 2045 3065 2105 38
3086 2042 3187 2103 ὑπὸ
3211 2047 3281 2101 Β.
3306 2045 3415 2101 τῶν
3443 2046 3543 2121 βο-

1993 2145 2163 2201 τανῶν
2183 2140 2408 2201 Suidas.
2435 2139 2533 2213 τὴν
2561 2137 2786 2218 βοτάνην
2820 2140 2892 2196 Β.
2929 2132 3022 2200 τὰς
3050 2131 3272 2213 βοτάνας
3297 2129 3423 2206 Ald.
3453 2162 3541 2175 —

1998 2237 2072 2293 33
2094 2228 2334 2304 δηλονότι
2364 2251 2482 2289 orn.
2509 2233 2600 2298 Β.,
2623 2230 2723 2307 qui
2754 2228 2828 2287 36
2862 2224 3091 2304 γέλωτος
3121 2220 3296 2281 ἕνεκα.

2075 2323 2211 2395 436,
2244 2322 2317 2380 38
2348 2317 2532 2395 πένης,
2554 2316 2623 2377 ἵν’
2655 2307 2692 2398 ᾖ
2722 2316 2802 2376 ὅτι
2821 2320 2891 2375 Β.

2076 2411 2214 2481 433,
2244 2417 2313 2477 41
2342 2405 2654 2488 ἀνέκραγον,
2689 2406 2763 2474 43
2795 2403 3252 2462 διασκευασθεῖσαι
3278 2398 3408 2458 Ald.

2076 2499 2191 2568 446
2234 2504 2427 2578 κιχρᾶν
2464 2496 2638 2555 etiam
2684 2491 2892 2553 Suidas
2937 2511 2982 2549 s.
3027 2485 3386 2566 Συμὸάλλειν.
3440 2486 3539 2545 καὶ

1994 2596 2212 2750 χραίῖ73,
2249 2694 2318 2732 10
2346 2666 3065 2750 ἀκούουσαν-βουλεύεσθαι
3091 2665 3287 2725 addita
3331 2684 3409 2723 ex
3458 2669 3537 2723 R.

1995 2763 2300 2826 ἀκούσασαν
2337 2759 2544 2819 Suidas
2578 2780 2624 2818 s.
2675 2754 2987 2838 Γεραίτερος
3017 2766 3078 2813 et
3122 2755 3315 2834 Μῶρα.
3367 2753 3538 2811 Idem

1995 2866 2128 2935 post
2159 2852 2378 2924 Ἀθηνᾶν
2403 2849 2569 2910 addit
2604 2849 2700 2920 τῆς
2719 2845 2972 2930 κατάρας.

2077 2943 2190 3002 503
2216 2938 2430 3019 λέγουσι
2456 2941 2516 2999 Γ.
2533 2973 2607 2983 -
2623 2957 2691 2995 31
2719 2931 3012 3013 δεσμούσας
3031 2930 3156 2989 AM.

2076 3032 2183 3089 511
2219 3027 2356 3088 'Ant
2388 3031 2482 3087 τοῦ
2522 3024 2698 3107 ἠρέμα
2738 3025 2799 3084 Γ.
2853 3022 3015 3083 Idem
3061 3017 3279 3079 scholia
3297 3037 3353 3074 v.
3382 3019 3541 3096 519-

1996 3122 2107 3193 637
2141 3117 2375 3177 omittit.

2078 3208 2191 3277 540
2226 3206 2363 3266 sort.
2394 3202 2796 3285 θερμαινοίμην.
2825 3203 3011 3258 Dum.
3038 3195 3375 3277 θερμαίνοιμι
3398 3196 3536 3256 Ald.

2078 3294 2212 3367 567,
2238 3294 2310 3360 46
2340 3288 2563 3370 ἐνέχυρα
2588 3286 2760 3370 φέρειν
2792 3284 2880 3344 καὶ
2913 3281 3110 3343 διδόναι
3139 3283 3267 3343 Ald.

2079 3381 2214 3456 587,
2238 3379 2314 3438 5ο
2339 3380 2445 3437 τῶν
2471 3374 2528 3435 δὲ
2559 3373 2797 3458 ἀρχαίων
2824 3374 3037 3453 ἀμελεῖν
3057 3371 3220 3431 addit
3245 3370 3455 3431 suidas
3485 3392 3535 3431 s.

1998 3467 2131 3530 Ἀπ’
2153 3465 2336 3538 ἄλλης.

2078 3555 2215 3632 596,
2246 3576 2270 3612 1
2301 3549 2399 3612 κᾶν
2434 3556 2507 3611 Β.
2524 3585 2602 3597 -
2623 3569 2657 3608 3
2686 3551 2883 3632 ἐρωτᾷς
2900 3542 3118 3628 πότερός
3138 3565 3226 3622 μοι
3247 3544 3370 3604 ΑΙά.

2078 3646 2191 3702 603
2223 3642 2314 3702 Ad
2347 3642 2503 3699 hunc
2531 3660 2590 3698 v.
2630 3638 2753 3697 And.
2803 3635 2892 3697 καὶ
2934 3632 3221 3712 Δαρεικούς
3250 3656 3263 3690 :
3293 3632 3394 3691 εἰσὶ
3430 3631 3536 3711 μὲν

1996 3721 3538 3891 ζξῖσὲᾷῑτῑῖῑῑΐςὲεῑζῑῖὶιέῐέζῑῗζέἰέτᾷᾚὶ·

1998 3912 2094 3969 οὐκ
2119 3842 2479 3987 ἀπὸρΔαρείίυ
2507 3912 2599 3965 τοῦ
2618 3902 2817 3977 Ξέρξου
2846 3900 3044 3982 πατρὸς
3060 3945 3076 3970 ,
3096 3899 3214 3958 ἀλλ’
3237 3834 3539 3981 ἀφ’χὲτέρου

1998 3997 2133 4063 τινὸς
2179 3993 2532 4077 παλαιοτέρου
2581 3991 2837 4071 βασιλέως
2877 3989 3284 4066 ὠνομάσθησαν.
3318 3986 3539 4065 λέγουσι

2000 4085 2058 4146 δέ
2084 4108 2219 4151 τινες
2258 4083 2510 4143 δύνασθαι
2558 4080 2648 4141 τὸν
2693 4079 2950 4162 Δαρεικὸν
2995 4075 3236 4160 δραχμὰς
3282 4076 3537 4156 ἀργυρίου

1999 4172 2213 4246 εἴκοσιν,
2242 4176 2313 4240 ὡς
2330 4169 2447 4238 τοὺς
2480 4169 2639 4230 πέντε
2667 4166 2956 4249 Δαρεικοὺς
2984 4164 3236 4225 δύνασθαι
3266 4173 3403 4241 μνᾶν
3422 4166 3537 4245 ἀρ·-

1998 4262 2194 4345 γυρίου.
2222 4267 2444 4320 Inserta
2469 4280 2539 4318 ex
2565 4257 3024 4336 Harpocratione
3047 4274 3092 4313 s.
3123 4250 3390 4334 Δαρεικός.

2083 4353 2151 4409 61
2171 4371 2193 4408 1
2226 4349 2389 4408 addit
2423 4347 2552 4407 Ald.
2581 4345 2810 4429 μείρακα
2839 4343 2885 4403 δ’
2903 4345 3127 4402 ἐνταῦθα
3159 4341 3303 4400 δοκεῖ
3320 4342 3547 4421 ἄρσενι·

1999 4442 2102 4504 κῶς
2140 4436 2374 4518 εἴρηται,
2402 4434 2574 4495 καίτοι
2616 4431 2916 4512 Ἀμμωνίου
2964 4431 3204 4507 λέγοντος
3253 4426 3535 4509 μειράκων

2000 4528 2089 4587 καὶ
2124 4527 2354 4609 μείρακα
2385 4522 2554 4604 ταύτῃ
2587 4520 2872 4605 διαφέρειν,
2917 4516 3000 4579 ὅτι
3034 4518 3097 4578 τὸ
3125 4516 3222 4597 μὲν
3259 4514 3543 4598 μειράκων

2000 4617 2087 4676 ἐπὶ
2114 4617 2417 4695 ἀρσενικοῦ,
2445 4611 2507 4671 τὸ
2531 4610 2587 4670 δὲ
2611 4606 2799 4693 μεῖραξ
2838 4606 2925 4666 ἐπὶ
2972 4607 3217 4679 θηλυκοῦ.
3252 4602 3289 4675 ἢ
3312 4601 3445 4684 πρὸς
3469 4600 3543 4662 τὸ

1999 4704 2314 4782 γυναικῶδες
2348 4704 2454 4760 τῶν
2501 4699 2770 4759 κιναίδων.
2809 4695 3023 4777 ἐρείδειν
3058 4692 3115 4753 δὲ
3152 4689 3539 4759 συνουσιάζειν.

2081 4792 2219 4865 653,
2258 4795 2325 4850 31
2359 4786 2489 4847 δέκα
2520 4788 2711 4866 πηχῶν
2741 4783 2872 4844 Ald.
2901 4780 2982 4841 ὅτι
3007 4786 3076 4840 Β.
3097 4783 3158 4842 Γ.
3186 4777 3370 4860 ὀψινόν
3393 4780 3539 4837 Sui-

2002 4883 2103 4942 das
2132 4902 2177 4940 s·
2212 4877 2486 4940 Δεκάπουν
2518 4873 2689 4935 σκιάν.
2720 4868 2904 4951 ὀψενόν
2925 4875 2994 4929 Β.
3020 4867 3119 4952 ὀψέ
3139 4871 3184 4930 Γ
3189 4915 3200 4927 .
3226 4868 3356 4928 Ald.
3386 4870 3544 4939 Qua

2000 4969 2159 5028 addit
2178 4968 2366 5033 ἄλλως.
2401 4964 2462 5024 τὸ
2497 4962 2723 5023 παλαιὸν
2767 4962 3046 5025 καλοῦντες
3083 4955 3172 5016 ἐπὶ
3199 4958 3405 5015 δεῖπνον
3442 4967 3547 5016 καὶ

1999 5055 2311 5135 καλούμενοι
2339 5050 2799 5136 παρεσημαίνοντο
2837 5046 2932 5120 τὴν
2964 5046 3140 5123 σκιὰν,
3167 5045 3256 5104 καὶ
3288 5042 3456 5111 οὕτως
3487 5047 3540 5109 οὶ
