3859 5725
454 277 568 329 546

452 419 578 457 sum
600 410 880 476 spectant.
908 403 1166 476 Apparet
1188 415 1259 452 ex
1288 393 1377 451 his
1396 392 1700 450 lectionem
1725 387 1984 447 Aldinam

452 483 1211 567 προσδιασῦρων-Εὗριπίδην
1238 493 1569 560 corruptam
1600 499 1724 536 esse
1751 497 1821 535 ex
1858 474 1988 554 πρὸς

453 574 1111 657 διασυρμὲν-Εὗριπίδου,
1133 579 1311 632 Dum.
1338 608 1398 623 -
1426 572 1497 629 53
1520 568 1610 628 τὸν
1630 568 1891 628 additum
1917 582 1989 621 ex

453 666 524 724 G.
553 708 617 722 ...
642 665 674 721 3
702 662 890 745 γράφει
913 668 1005 738 V.‚
1038 663 1136 741 qui
1178 663 1211 718 5
1252 658 1588 742 γεγραφότες.
1613 658 1803 717 Ceteri
1849 651 1989 736 γρά-

454 775 651 835 φοντες.
674 791 739 804 -
759 753 796 810 6
825 749 960 811 κατὰ
985 749 1230 831 πρόθεσιν
1259 754 1333 807 V.
1359 785 1421 797 —
1443 770 1473 821 7
1515 743 1876 826 ἀμφιέσαντες
1917 743 1986 798 G.

453 840 812 922 ἅμφιστάντες
826 838 951 896 ΑΙιΙ.
978 866 1003 889 α
1023 836 1198 918 Ἀὄρῷ
1213 836 1516 914 epitheton
1534 834 1796 911 ineptum
1820 848 1992 908 quor·

455 948 581 986 sum
603 940 853 1007 spectet,
880 928 1153 1005 ignorare
1177 945 1270 982 me
1304 923 1488 982 fateor
1520 946 1533 980 ε
1568 920 1848 980 debuerat
1876 937 1989 995 po-

455 1017 570 1073 tius
597 1017 902 1093 scripsisse
931 1014 1126 1094 δάφνης
1165 1013 1255 1071 vel
1287 1010 1542 1092 δαφνίνῳ.
1573 1008 1842 1068 Proxima
1871 1023 1988 1062 non

455 1104 646 1161 minus
674 1103 941 1162 intricata
959 1146 977 1176 ,
1006 1101 1115 1159 nisi
1138 1099 1432 1179 profundo
1459 1097 1695 1156 vulnere
1721 1091 1990 1153 laborare

457 1203 657 1269 puteS,
702 1191 1060 1269 grammatici
1120 1187 1457 1247 recentioris
1506 1199 1680 1262 atque
1735 1179 1990 1262 imperiti

456 1290 623 1336 notas
655 1278 970 1355 praefernnt
1010 1300 1024 1334 ε
1058 1274 1415 1358 ἐχειροτόνουν
1453 1273 1685 1332 videtur
1727 1269 1991 1349 posuisse

457 1385 568 1443 pro
586 1365 973 1444 porrigebant.
999 1393 1023 1419 υ
1053 1367 1274 1423 Heus-r.
1296 1363 1373 1443 τῷ
1395 1384 1551 1440 μαντ.
1576 1366 1650 1420 R.
1678 1353 1992 1439 μαντιπόλει

455 1456 559 1525 V.‚
585 1473 704 1511 non
733 1461 802 1514 G.
827 1457 856 1512 ὃ
884 1450 940 1510 δὲ
965 1448 1355 1531 ἐντυχὼν-τὴν
1401 1448 1681 1531 ἀπόκρισιν
1716 1454 1823 1511 τοῖς
1856 1467 1992 1526 προ-

456 1538 772 1618 τεινομένοις
801 1543 1026 1600 ἐποιεῖτο
1046 1546 1119 1601 R.
1149 1539 1280 1598 Ald.
1307 1576 1372 1589 -
1396 1558 1466 1596 10
1486 1535 1567 1596 ὅτι
1588 1533 1845 1617 στεφάνην
1879 1531 1988 1594 ἔστ.

457 1632 587 1689 ΔΙά.
612 1669 675 1681 --
703 1649 773 1686 12
799 1625 1058 1696 ἐξαδύτοις
1079 1631 1146 1685 V.
1177 1623 1230 1693 ἐξ
1258 1623 1461 1685 ἀδύτων
1483 1630 1553 1684 G.
1587 1622 1827 1693 ἐξάλυτος
1859 1647 1887 1682 ο
1924 1624 1991 1682 Ιί-

461 1721 601 1778 teris
626 1716 886 1778 evanidis
915 1720 1130 1783 R.-1t.
1167 1711 1524 1796 ἐχρησμῴδει.
1553 1717 1741 1772 Dorv.
1781 1718 1991 1773 Totam

457 1809 609 1866 hanc
632 1819 826 1865 notam
859 1804 1198 1863 recentioris
1224 1803 1469 1881 alicujus
1498 1803 1685 1859 Graeci
1709 1802 1992 1880 ejusdem-

457 1917 572 1974 que
595 1894 908 1955 Christiani
939 1913 1063 1954 esse
1082 1938 1098 1966 ,
1129 1892 1311 1951 cuivis
1342 1892 1510 1949 facile
1553 1888 1823 1948 subolere
1875 1909 1986 1969 po-

460 1996 581 2042 test.
603 1989 787 2042 Kos-r.
811 1981 977 2041 Unde
1003 1981 1301 2052 fluxerint,
1327 1979 1548 2058 aperiet
1571 1982 1896 2037 OEcumen.
1919 1979 1993 2040 ad

457 2077 522 2131 Α.
552 2078 614 2130 Α.
653 2071 744 2144 ιδ,
780 2070 869 2141 16,
895 2089 950 2147 p.
1002 2070 1249 2141 130,D:
1283 2066 1509 2146 Λέγεται
1554 2070 1588 2137 ἦ
1635 2065 1812 2127 Πυθία
1854 2066 1989 2138 αὕτη

455 2157 588 2238 γυνή
617 2182 695 2223 τις
723 2148 857 2216 οῧσα
886 2158 1237 2228 ἐπικαθῆσθαι
1264 2158 1342 2235 τῷ
1368 2153 1580 2235 τρίποδι
1606 2159 1700 2212 τοῦ
1726 2152 1992 2213 Ἀπόλλω-

455 2268 566 2314 νος,
592 2246 868 2325 διαιροῦσα
887 2240 957 2301 τὰ
976 2242 1142 2316 σκέλη
1163 2263 1180 2281 ·
1207 2232 1300 2301 εἷθ’
1324 2240 1490 2307 οὕτως
1511 2247 1720 2318 πνεῦμα
1763 2241 1990 2322 πονηρὸν

456 2332 688 2391 κάτωθεν
713 2328 1083 2408 ἀναδιδόμενον
1098 2375 1115 2404 ,
1142 2329 1232 2388 καὶ
1253 2327 1340 2387 διὰ
1360 2331 1464 2387 τῶν
1486 2329 1803 2406 γεννητικῶν
1829 2331 1990 2401 αὐτῆς

457 2418 793 2496 διαδυόμενον
821 2416 1016 2498 μορίων
1045 2418 1277 2498 πληροῦν
1295 2414 1392 2489 τὴν
1416 2423 1640 2495 γυναῖκα
1657 2419 1752 2487 τῆς
1776 2417 1986 2495 μανίας,

457 2508 545 2568 καὶ
565 2506 759 2579 ταύτην
776 2505 871 2572 τὰς
894 2506 1079 2588 τρίχας
1095 2503 1322 2565 λύουσαν
1345 2503 1528 2565 λοιπὸν
1558 2505 1906 2583 βακχεύεσθαί
1930 2530 1990 2566 τε

457 2595 547 2655 καὶ
579 2595 741 2679 ἀφρὸν
770 2601 860 2655 τοῦ
890 2594 1152 2670 στόματος
1184 2591 1430 2675 ἀφιέναι,
1460 2591 1551 2651 καὶ
1591 2590 1752 2658 οὕτως
1796 2594 1851 2652 ἐν
1890 2617 1992 2652 πα-

458 2683 627 2766 ροινία
675 2685 838 2764 (lege
871 2682 1168 2764 παρανοίᾳ)
1205 2678 1491 2760 γενομένην
1546 2677 1615 2738 τὰ
1664 2684 1759 2752 τῆς
1798 2681 1990 2759 μανίας

456 2769 774 2852 φθέγγεσθαι
809 2769 1044 2851 ῥήματα.
1068 2777 1204 2830 Non
1234 2767 1537 2827 dissimilia
1567 2769 1623 2825 in
1646 2768 1889 2828 aliorum
1914 2771 1987 2828 ad

458 2859 614 2919 hunc
649 2862 840 2919 locum
866 2859 1296 2919 commentariis
1330 2856 1652 2917 traduntur.
1687 2857 1831 2917 Vide
1855 2860 1989 2920 Ori-

458 2969 587 3025 gen.
616 2952 682 3007 In
698 2949 844 3008 cels.
861 2950 914 3021 3,
934 2969 993 3028 p.
1035 2948 1167 3018 125;
1187 2968 1319 3026 7,p.
1342 2947 1472 3004 333.
1503 2946 1809 3023 Conspirat
1833 2952 1990 3007 Jose·

454 3037 609 3115 phus
625 3037 682 3094 in
701 3040 1084 3116 Hypomnest.
1106 3036 1326 3115 ap.Th.
1341 3036 1582 3093 Guleum
1603 3034 1675 3092 ad
1689 3035 1985 3096 Iamblirh.

455 3128 545 3183 De
573 3138 802 3203 myster.
830 3145 886 3202 p.
918 3125 1033 3182 215
1064 3146 1077 3184 ε
1113 3123 1184 3184 Ἥ
1208 3123 1264 3182 δὲ
1297 3123 1468 3182 ΙΙυθία
1495 3120 1584 3179 ἐπὶ
1611 3127 1704 3180 τοῦ
1749 3120 1987 3202 τρίποδος

455 3213 776 3294 ἀσχημόνως
795 3211 1156 3287 ἐπικαθημένη
1187 3209 1273 3269 διὰ
1306 3214 1411 3269 τῶν
1455 3208 1766 3288 γυναικείων
1809 3211 1987 3293 πόρων

454 3301 549 3368 τὰς
575 3299 832 3380 μαντικὰς
856 3299 1157 3384 ἀποκρίσεις
1188 3297 1522 3380 ὑποδέχεται.
1560 3305 1782 3359 qus‘r.

537 3398 605 3457 41
659 3408 776 3446 om.
805 3395 874 3448 G.
920 3390 986 3450 ln
1034 3394 1105 3448 lt.
1137 3386 1171 3447 ὅ
1203 3410 1307 3446 τινι
1352 3390 1483 3467 (scr.
1528 3377 1698 3471 ᾧτινι)
1736 3388 1884 3459 ἐξιὼν
1928 3393 1989 3451 ἐκ

453 3480 545 3536 τοῦ
579 3481 620 3535 l.
655 3478 701 3537 δ.

538 3573 632 3637 47.
663 3565 895 3624 Scholia
923 3566 997 3624 ad
1024 3586 1081 3624 v.
1113 3567 1300 3645 47-57
1350 3586 1467 3623 om.
1515 3565 1588 3625 Θ.
1619 3606 1679 3618 -
1710 3568 1782 3626 53
1833 3569 1989 3629 Κατὰ

454 3650 550 3723 τὴν
582 3657 653 3711 R.
687 3653 817 3713 Ald.
839 3689 902 3702 —
934 3654 1006 3721 54
1045 3651 1103 3711 δὲ
1133 3673 1249 3711 om.
1272 3657 1362 3724 R„
1387 3653 1491 3731 qui
1522 3666 1587 3711 ut
1625 3656 1752 3714 And.
1793 3656 1855 3716 τὸ
1894 3662 1990 3730 τῆς

457 3738 742 3816 πολιτείας,
775 3741 902 3799 sine
929 3743 1100 3802 αὐτῶν
1129 3740 1263 3813 ἤτοι.
1293 3778 1355 3791 -
1384 3763 1407 3799 ι
1448 3740 1795 3820 δυσοίκμητον
1840 3746 1987 3806 διδά-

456 3856 597 3892 σκειν
626 3838 694 3893 R.
727 3830 1035 3904 δυσκίνητον
1066 3830 1327 3892 διδάσκειν
1357 3832 1478 3890 Ald.
1507 3832 1795 3905 διδάσκειν,
1827 3838 1987 3914 quod

457 3933 611 3979 recte
635 3940 748 3980 om.
776 3926 872 3993 V.‚
894 3933 1088 3978 ortum
1119 3928 1205 3978 est
1228 3939 1261 3978 e
1290 3920 1557 3979 lemmate
1578 3922 1775 3982 ἀσκεῖν.
1802 3922 1878 4002 μὴ
1902 3924 1991 4008 ἕρ-

455 4012 647 4095 χεσθαι
674 4010 746 4070 Θ.
777 4012 959 4068 Dum.

537 4094 634 4168 48,
662 4097 696 4154 3
725 4116 760 4154 a
788 4116 867 4153 m.
897 4115 1014 4153 sec.
1042 4098 1139 4169 V.‚
1175 4115 1293 4154 om.
1328 4102 1478 4156 G.—
1503 4092 1537 4153 5
1580 4098 1852 4172 δηλονοτιὴ
1896 4102 1987 4162 καὶ

455 4182 635 4267 τυφλῷ
669 4188 739 4242 V.
770 4203 804 4242 a
834 4204 909 4242 m.
948 4203 1061 4241 sec.
1082 4225 1144 4236 -.
1177 4183 1212 4240 6
1241 4182 1330 4243 τὸν
1361 4183 1588 4262 πονηρὸν
1629 4191 1697 4246 V.
1735 4192 1851 4257 νοῦς
1885 4189 1986 4272 γὰρ

457 4274 554 4353 δρᾷ
586 4284 697 4330 etc.
728 4271 1058 4349 Epicharmi
1085 4275 1388 4346 sententia,
1417 4273 1488 4332 de
1508 4295 1623 4353 qua
1649 4296 1704 4334 v.
1730 4281 1988 4355 Wytten-

456 4356 625 4416 bach.
665 4359 739 4417 ad
762 4359 915 4418 Plut.
953 4360 1102 4417 Mor.
1141 4360 1251 4419 vol.
1282 4361 1340 4436 6,
1370 4382 1429 4440 p.
1454 4362 1747 4438 67ι.--7.
1779 4368 1865 4423 Ex
1898 4366 1986 4425 his

459 4460 871 4527 congruentem
925 4466 1153 4505 sensum
1197 4450 1299 4507 vix
1344 4450 1583 4524 efficieS,
1624 4452 1732 4510 nisi
1783 4454 1986 4533 legeris

459 4533 581 4606 vel,
609 4528 690 4590 ὅτι
717 4534 1099 4613 (Chremylus)
1117 4534 1354 4619 καθάπερ
1380 4538 1409 4595 ὁ
1427 4560 1475 4595 τ.
1501 4551 1640 4613 οἱα,
1658 4540 1748 4597 vel
1777 4541 1867 4599 καὶ
1886 4538 1986 4624 γὰρ

458 4610 603 4686 οἶτος
635 4624 685 4701 (δ
711 4618 875 4702 πηρδς
898 4624 974 4703 τῷ
1001 4622 1097 4705 νῷ)
1127 4624 1366 4706 καθάπερ
1397 4629 1426 4684 δ
1450 4650 1498 4685 τ.
1539 4640 1645 4686 etc.
1671 4632 1894 4688 Hnms‘r.
1926 4669 1989 4682 --

466 4730 535 4766 ιο
562 4706 827 4768 τουτέστιν
856 4711 986 4770 Ald.
1005 4748 1067 4761 -
1096 4733 1119 4769 ι
1136 4734 1158 4770 1
1196 4726 1330 4791 post
1351 4712 1555 4797 ἀνοήτῳ
1576 4718 1766 4795 pergit
1781 4720 1848 4776 V.
1870 4718 1985 4777 ἀντὶ

456 4800 549 4856 τοῦ
583 4799 772 4878 μωρῷ.
829 4796 1113 4858 αἰνίττεται
1155 4800 1245 4859 τὸν
1297 4800 1537 4862 Πλοῦτον
1578 4803 1665 4861 ἐπὶ
1697 4802 1905 4883 χλεύης.
1949 4806 1984 4879 ἢ

456 4884 584 4965 πρὸς
604 4884 695 4944 τὸν
723 4888 959 4949 Πλοῦτον
986 4887 1334 4969 αἰνιττόμενός
1361 4912 1549 4971 φησιν,
1575 4888 1610 4963 ἢ
1643 4891 1731 4951 τὸν
1759 4893 1984 4976 πονηρὸν

457 4975 534 5056 τῷ
561 4977 653 5055 νῷ.
677 4972 740 5033 τὸ
767 4973 823 5033 δὲ
850 4973 1108 5046 ἑξῆς-τὸ
1146 4976 1313 5056 μηδὲν
1356 4979 1533 5038 ἀσκεῖν
1567 4980 1724 5059 ὑγιές.
1763 4981 1986 5043 Deinde

458 5062 591 5133 δῆλα
622 5062 845 5121 addidit
867 5065 1169 5124 Kusterus.

1584 252 2040 324 ADNo‘rATlo
2082 255 2164 317 IN
2203 255 2468 318 SCHOL.

2152 389 2245 461 51,
2276 409 2351 466 ²9
2381 410 2467 467 sq.
2490 388 2824 469 ἀντὶ-ζυγοῦ
2850 405 2965 444 oin.
2990 391 3060 448 G.
3089 424 3146 436 —
3171 387 3243 444 36
3273 388 3435 465 ἡμῶν
3454 393 3618 452 Junt.

2150 480 2247 552 57,
2276 480 2467 556 39·4·2
2499 477 2582 536 sic
2611 476 2672 535 in
2693 480 2784 546 V.‚
2806 473 3125 548 ἄπειλητικὴ
3150 478 3185 547 ἡ
3209 479 3398 541 πεῦσις
3422 480 3521 534 τοῦ
3538 480 3617 534 θε·

2072 564 2343 645 ράποντος.
2390 563 2481 624 καὶ
2523 568 2602 645 τῷ
2644 562 2789 646 λόγῳ
2835 561 3116 621 πεισθέντα
3172 561 3468 642 (πεισθέντι
3516 568 3616 634 G.)

2071 652 2275 732 βέλτιόν
2306 678 2389 716 σοι
2416 653 2637 716 σεαυτὸν
2665 652 2886 723 ἐξειπεῖν
2918 651 2954 724 ἢ
2977 649 3277 731 βιασθέντα.
3290 648 3519 717 Ἄλλως.
3546 654 3616 718 ὥς

2071 741 2146 820 μὴ
2177 744 2419 824 λέγοντός
2447 766 2542 803 σου
2571 742 2738 823 βίαιόν
2767 765 2821 800 τι
2857 738 3231 822 διαπράξομαι.
3257 737 3327 798 τὰ
3358 737 3614 798 ἐπὶ-λέ-

2068 856 2180 912 γειν
2212 826 2303 895 οὖν
2332 833 2439 917 χρὴ
2485 832 2630 916 λόγῳ
2671 828 2951 891 πεισθέντα
2998 825 3207 908 βέλτιόν
3257 850 3343 888 σοι
3388 824 3424 886 ὅ
3466 829 3614 886 ἐστιν

2069 920 2288 991 ἐξειπεῖν
2314 922 2350 995 ἢ
2372 918 3089 1002 βιασθέντα-διαπράξομαι.
3117 922 3182 976 In
3203 921 3296 989 R„
3318 918 3391 982 ὡς
3414 913 3493 992 μὴ
3520 914 3615 975 λέ·

2068 1010 2249 1090 γοντός
2280 1034 2373 1071 σου
2416 1015 2467 1091 β.
2497 1035 2549 1070 τι
2575 1007 2947 1090 διαπράξομαι.
2988 1013 3061 1070 Et
3103 1018 3239 1085 post
3264 1025 3319 1062 ν.
3359 1007 3428 1064 81
3468 1026 3483 1060 :
3519 1005 3614 1083 ἄγε

2071 1098 2135 1172 δὴ
2161 1099 2227 1159 σὺ
2254 1099 2530 1182 πρότερον.
2562 1096 2878 1170 ἀπειλητικὴ
2904 1097 3005 1179 γὰρ
3024 1100 3060 1168 ἡ
3085 1100 3298 1168 πεῦσις,
3326 1084 3436 1152 οἷον
3466 1090 3615 1173 λόγῳ

2069 1187 2349 1249 πεισθέντα
2380 1186 2583 1270 βέλτιόν
2613 1210 2697 1247 σοι
2724 1185 2865 1245 ἐστὶν
2909 1184 3129 1254 ἐξειπεῖν
3145 1226 3319 1242 .....
3354 1180 3608 1240 ασθέντα.

2070 1321 2133 1329 --
2152 1288 2236 1348 4ο
2261 1276 2379 1362 ἄνω*
2397 1296 2673 1358 quorsum
2718 1275 3003 1354 pertineat
3033 1292 3148 1329 non
3174 1272 3342 1354 capio
3371 1292 3384 1326 :
3416 1272 3613 1348 legen-

2073 1364 2210 1424 dum
2233 1378 2350 1439 est,
2376 1365 2488 1424 nisi
2518 1365 2710 1440 fallor,
2735 1361 2889 1441 ἄγαν.
2915 1365 3141 1421 Ηωιετ.

2152 1454 2248 1526 61,
2278 1455 2426 1511 6-11
2455 1448 2551 1524 τὴν
2588 1446 3085 1522 κληδόνα-Ἄλλως
3127 1467 3239 1505 om.
3278 1447 3352 1507 Θ.
3383 1486 3445 1496 -
3478 1468 3512 1519 7
3544 1450 3617 1512 ὡς

2072 1539 2191 1600 Ἄπ.
2224 1545 2296 1600 R.
2318 1532 2637 1610 οὕτως-νηΐ
2657 1537 2755 1595 hic
2785 1558 2900 1596 om.
2926 1541 3020 1609 V.‚
3049 1535 3150 1615 qui
3178 1547 3311 1616 post
3339 1534 3613 1606 ἐδήλωσεν

2072 1630 2315 1688 alterum
2343 1629 2510 1707 ponit
2533 1627 2797 1686 scholion
2829 1623 2925 1699 τὴν
2938 1622 3358 1697 κληδόνα-νηΐ.
3382 1646 3499 1700 -9
3528 1645 3615 1701 sq.

2069 1717 2212 1799 ὄρνιν
2241 1718 2490 1776 καλοῦσιν
2517 1736 2629 1774 om.
2654 1701 2806 1773 V.'.-
2836 1733 2904 1772 ιο
2929 1712 2997 1772 τὰ
3017 1710 3175 1792 ὅμοια
3206 1718 3271 1771 R.
3297 1711 3510 1770 Atd.-
3548 1731 3617 1768 ια

2072 1826 2156 1883 sq.
2183 1806 2399 1864 eumin
2432 1805 2671 1863 modum
2712 1804 2948 1881 praesert
2985 1806 3192 1874 Dorv„
3224 1812 3288 1857 ut
3312 1820 3496 1878 supra
3526 1799 3617 1858 τὸν

2070 1892 2211 1974 ὄρνιν
2233 1895 2329 1953 τοῦ
2354 1897 2469 1954 θεοῦ
2492 1892 2805 1971 explicatio
2827 1892 2897 1949 sit
2918 1889 3209 1968 adscripta
3232 1885 3330 1957 τὴν
3354 1887 3617 1965 μαντείαν

2068 1984 2162 2040 τοῦ
2192 1977 2516 2047 Ἀπόλλωνος
2536 2023 2553 2052 ,
2583 1992 2704 2037 tum
2732 1978 2958 2055 reliqua
3003 1974 3292 2057 ἐπειδήπερ
3314 2009 3395 2019 -
3434 1976 3617 2050 ἐμαν-

2069 2069 2279 2130 τεύοντο
2302 2071 2361 2129 in
2381 2070 2642 2146 margine
2662 2079 2971 2148 ponantur.
2997 2069 3110 2123 Pro
3130 2061 3470 2146 ἐκφευκτικὸν
3494 2081 3618 2140 non

2069 2156 2326 2216 deterius
2354 2169 2440 2215 est
2470 2155 2660 2214 Suidae
2701 2149 2974 2236 ἐφεκτικδν
3021 2152 3080 2210 in
3122 2147 3327 2232 Ὀρνις.
3385 2154 3618 2208 Hzns‘r.

2069 2243 2250 2317 ἐπειδὴ
2280 2245 2352 2305 Θ.
2382 2243 2497 2319 Qui
2521 2243 2742 2303 scholia
2767 2242 2838 2300 ad
2868 2263 2922 2300 ν.
2953 2244 3211 2309 64-204
3238 2239 3475 2298 omittit.

2151 2336 2247 2408 64,
2285 2355 2351 2408 ι7
2377 2331 2577 2406 ταύτην
2606 2335 2677 2401 εἷς
2718 2329 2870 2413 ὅρκον
2898 2337 3059 2390 Junt.
3104 2331 3181 2409 (et
3222 2329 3385 2406 Reg.)
3426 2332 3619 2405 Igno-

2070 2424 2220 2484 ratio
2250 2424 2530 2502 loquendi
2576 2423 2837 2480 formulae
2874 2433 3288 2500 praeposteram
3326 2416 3615 2476 emcnda-

2070 2514 2286 2571 tionem
2321 2513 2553 2590 peperit
2582 2509 2912 2587 ελαμὸάνειν
2963 2508 3083 2568 τινὰ
3111 2507 3297 2588 ὅρκον,
3329 2521 3398 2566 ut
3436 2514 3620 2564 ποιεῖ-

2069 2605 2223 2674 σθαι,
2248 2600 2323 2659 de
2347 2620 2465 2679 quo
2493 2601 2566 2660 H.
2595 2600 2783 2658 Vales.
2810 2599 2883 2657 ad
2912 2601 3220 2658 sozomen.
3243 2600 3317 2655 H.
3347 2597 3417 2653 E.
3454 2614 3489 2668 7
3555 2614 3617 2672 p.

2072 2694 2210 2757 307.
2233 2693 2459 2747 Hans-r.

2148 2778 2244 2851 66,
2271 2797 2338 2835 2¹
2372 2771 2453 2834 ὅτι
2475 2774 2869 2846 οὗ-,ἐθελήσετε
2907 2777 2998 2842 R..
3022 2769 3246 2831 omissis
3274 2770 3621 2850 praeceden-

2070 2868 2227 2928 tibus
2269 2879 2327 2926 et
2371 2865 2855 2944 sequentibus.-
2883 2884 2953 2922 aa
2996 2862 3152 2940 μόνον
3183 2862 3343 2942 φησὶν
3385 2849 3431 2921 ὦ
3477 2870 3617 2934 τᾶν,

2069 2956 2207 3019 ἀλλὰ
2229 2956 2359 3039 πρὸς
2381 2959 2444 3034 β,
2469 2957 2540 3021 ὡς
2569 2956 2671 3036 Κρ.
2703 2959 2769 3014 V.
2787 2989 2853 3003 —
2880 2954 2953 3012 23
2977 2951 3347 3012 scribendum
3390 2942 3505 3032 ἱροί
3533 2951 3615 3031 γ’,

2069 3047 2178 3105 nisi
2226 3046 2351 3104 haec
2397 3042 2580 3102 verba
2622 3043 2685 3100 in
2729 3040 2843 3099 fine
2880 3060 3080 3099 versus
3114 3039 3304 3118 posita
3351 3039 3613 3100 fuerunt.

2067 3140 2250 3196 Dum.
2276 3174 2338 3184 -
2369 3134 2444 3191 30
2463 3129 2732 3207 πώμαλα,
2762 3126 3030 3210 ἀρνήσεως
3055 3127 3326 3209 ἐπίρρημα
3362 3126 3488 3185 ἀντὶ
3522 3132 3614 3185 τοῦ

2067 3222 2326 3299 οὐδαμῶς.
2352 3217 2465 3279 ἔστι
2490 3215 2548 3276 δὲ
2569 3219 2792 3283 ἀττικῶς
2811 3260 2827 3289 ,
2845 3213 2881 3287 ἢ
2904 3215 3061 3276 πόθεν
3090 3216 3346 3298 δωρικῶς.
3371 3220 3407 3288 ἡ
3428 3213 3489 3273 δὲ
3518 3215 3614 3274 λε’-

2068 3308 2141 3379 ξις
2169 3306 2388 3381 ἀττικὴ,
2417 3310 2453 3378 ἡ
2489 3308 2508 3386 (
2528 3325 2638 3364 scr.
2682 3303 2751 3384 ἢ)
2790 3303 3073 3384 γραικικὴ,
3116 3303 3279 3383 ἤγουν
3315 3302 3611 3375 σκλαὸική.

2066 3405 2283 3556 γθὲξιίι
2304 3503 2380 3541 m.
2403 3501 2518 3541 sec.
2540 3480 2716 3540 habet
2734 3485 2823 3555 V.‚
2839 3499 2955 3539 om.
2991 3484 3059 3543 R.
3083 3482 3153 3539 G.
3190 3475 3345 3544 Τινὲς
3364 3480 3419 3537 ἐν
3443 3500 3615 3559 προσ-

2067 3570 2200 3653 ώπῳ
2222 3567 2463 3648 λέγουσιν
2492 3568 2619 3628 αὐτὸ
2646 3559 2781 3628 εἶναι
2824 3573 2919 3627 τοῦ
2959 3565 3147 3626 δούλου
3162 3609 3178 3637 ,
3214 3565 3285 3625 ἵν’
3325 3554 3367 3646 ᾖ
3400 3564 3611 3646 βέλτιόν

2068 3661 2182 3718 ἐστι
2209 3655 2489 3717 πεισθέντα
2512 3658 2676 3716 εἰπεῖν
2700 3653 2737 3727 ἢ
2768 3653 3049 3736 βιασθέντα
3074 3654 3220 3735 (haec
3240 3674 3311 3713 ex
3338 3654 3523 3713 schol.
3552 3674 3609 3713 v.

2071 3747 2203 3828 57),
2236 3745 2373 3813 τινὲς
2399 3741 2453 3805 δὲ
2477 3751 2568 3804 τοῦ
2595 3742 2837 3806 Πλούτου
2860 3747 2931 3803 R.
2951 3744 3113 3803 Idem
3137 3743 3401 3802 scholion
3419 3744 3497 3805 V.
3524 3742 3605 3801 in·

2070 3836 2180 3893 sert
2228 3847 2362 3914 post
2402 3833 2745 3914 κατακλασθῇ
2794 3836 2870 3910 (v.
2910 3833 3010 3909 7ο)
3040 3832 3123 3890 sic
3164 3831 3477 3907 scripturn,
3513 3829 3612 3889 λε’-

2067 3945 2246 3996 γουσιν
2275 3920 2403 3981 αὐτὸ
2423 3925 2586 3979 θεῖναι
2604 3925 2697 3980 τοῦ
2720 3914 2905 3980 δούλου
2920 3965 2937 3995 ,
2956 3916 3026 3978 ἵν’
3053 3910 3090 3999 ᾖ
3120 3916 3322 3997 βέλτιόν
3352 3917 3439 3976 σοί
3461 3920 3611 3977 ἐστιν

2066 4034 2123 4070 π.
2150 4013 2213 4069 εἰ.
2239 4008 2275 4083 ἢ
2311 4012 2361 4089 β.
2389 4032 2441 4068 τ.
2471 4006 2527 4068 δὲ
2553 4014 2640 4068 τοῦ
2673 4031 2730 4068 π.
2766 4015 2915 4070 Tum
2941 4021 3266 4086 sequuntur
3291 4007 3411 4080 illa,
3440 4006 3617 4073 οὕτως

2066 4097 2163 4172 τὴν
2190 4096 2488 4170 αἰτιατικὴν
2519 4096 2635 4156 ἀντὶ
2662 4103 2756 4157 τοῦ
2791 4098 2928 4177 (del.
2965 4100 3085 4173 τοῦ)
3126 4098 3220 4168 τῆς
3261 4098 3477 4175 γενικῆς
3510 4094 3613 4159 λε’-

2067 4209 2264 4267 γουσιν.
2286 4183 2451 4253 οὕτως
2478 4185 2567 4247 καὶ
2598 4185 2715 4245 ἀντὶ
2748 4189 2843 4258 τῆς
2872 4186 3082 4257 δοτικῆς
3114 4183 3436 4256 αἰτιατικῆν.
3492 4182 3616 4243 ἔστι

2067 4271 2123 4333 δὲ
2148 4274 2495 4335 Ἀττικῶν.-
2527 4276 2598 4333 32
2628 4271 2783 4342 Τινὲς
2808 4288 2867 4333 et
2898 4277 2969 4335 33
2998 4278 3090 4334 τοῦ
3118 4268 3302 4332 δούλου
3332 4293 3451 4332 om.
3486 4280 3562 4331 V.

2150 4385 2247 4437 72,
2272 4365 2345 4435 37
2373 4361 2492 4423 ἀλλ’
2515 4360 2580 4435 ἣν
2617 4358 2867 4423 πύθοισθί
2898 4365 3041 4441 (εστ.
3064 4360 3330 4437 πύθησθέ)
3364 4360 3425 4441 μ’
3461 4359 3614 4429 ὅστις

2068 4450 2172 4530 εἴμ’
2195 4450 2301 4530 ἐγὼ
2329 4453 2534 4510 lemma
2570 4450 2747 4513 habet
2779 4455 2853 4514 R.
2902 4450 2991 4511 ἐπὶ
3029 4450 3266 4533 κρημνόν
3302 4474 3423 4510 τινα
3469 4452 3615 4512 Ald.

2066 4542 2259 4620 Pergit
2294 4545 2363 4599 R.
2410 4536 2575 4607 οὕτως
2617 4538 2843 4603 Ἀττικοὶ
2895 4539 3193 4615 αἰτιατικὴν
3234 4539 3351 4599 ἀντὶ
3389 4544 3616 4619 γενικῆς

2065 4626 2326 4709 λέγουσιν.
2346 4665 2411 4676 -
2434 4630 2508 4697 43
2527 4627 2588 4686 τὸ
2615 4648 2732 4689 om.
2774 4634 2843 4691 R.
2866 4664 2929 4678 -
2951 4631 3136 4707 49-51
3170 4626 3592 4710 ἡμεῖς-ἀφήσο-

2067 4740 2163 4795 μεν
2187 4737 2303 4777 om.
2327 4722 2400 4775 G.
2431 4716 2565 4779 Sola
2594 4716 2692 4776 illa
2710 4760 2729 4791 ,
2770 4714 2831 4775 τὸ
2870 4720 3215 4791 ἀπολυθῆναι.
3254 4715 3363 4775 ἰδοὺ
3392 4716 3613 4777 ἀπολύ-

2066 4827 2215 4884 ομεν.
2238 4810 2392 4864 τοῦτο
2410 4801 2685 4865 &ff-abr&
2700 4851 2716 4877 ,
2745 4805 2922 4865 habet
2940 4811 3012 4869 R.

2150 4895 2244 4968 75,
2286 4914 2308 4950 1
2341 4914 2428 4971 sq.
2467 4892 2527 4952 τὸ
2555 4890 2770 4971 μέθετόν
2798 4917 2864 4970 με
2891 4899 2983 4955 νῦν
3008 4898 3071 4955 V.

2149 5004 2243 5057 77,
2271 4993 2345 5052 24
2369 4981 2407 5053 ἢ
2440 4982 2531 5055 ἔην
2561 4979 2725 5041 εἴτι-στ’
2750 4980 2841 5053 ἔην
2870 5005 2930 5060 γε
2958 4988 3030 5042 V.

2148 5073 2247 5147 78,
2274 5070 2349 5130 25
2379 5066 2684 5156 μιαρώτατε
2708 5070 2926 5131 addidi.
2963 5078 3029 5131 In
3069 5068 3455 5149 sequentibus
3484 5072 3629 5154 πρὶς
