3859 5725
1255 209 1638 272 SCHOLIA
1687 211 1784 273 IN
1831 212 2556 278 ECCLESIAZUSAS.

383 356 480 398 201.
525 335 833 418 Ἱερώνυμος
856 337 1011 420 σοφός
1038 358 1052 399 :
1083 339 1221 399 Κατ’
1250 339 1531 422 εἰρωνείαν.
1561 345 1589 399 6
1615 340 1716 422 γὰρ
1736 342 1861 423 Ἀρ-

3392 232 3504 286 317

2029 364 2124 405 257.
2165 347 2375 406 πολλῶν
2409 347 2719 428 κρουμάτων
2746 368 2761 410 z
2792 349 2903 411 Καὶ
2943 350 3079 429 μετὰ
3115 350 3299 413 τούτου
3329 353 3507 424 ἔπαιξε

300 412 438 502 γεῖος
470 425 650 506 σοφὸς,
690 429 718 483 6
749 426 794 484 δ’
828 423 1133 507 Ἱερώνυμος
1170 428 1395 505 ἀμαθής.
1435 433 1604 487 ταῦτα
1628 427 1684 487 δὲ
1711 432 1781 498 εἷς
1801 427 1862 487 τὸ
1948 429 2077 510 πρὸς
2095 431 2191 503 τὴν
2212 435 2517 513 ὁμωνυμίαν
2548 440 2640 507 τῆς
2664 437 2952 505 συνουσίας.

304 510 632 591 κωμῳδῆσαί
648 533 808 579 τινας.
828 511 888 570 τὸ
912 511 968 570 δὲ
988 512 1211 593 Ἀργεῖος
1234 512 1402 591 ὄνομα
1421 514 1618 597 κύριον.

2028 546 2128 588 250.
2176 528 2469 608 ἐξαγκωνιῶ
2507 553 2521 593 :
2550 532 2688 600 Τοὺς
2724 536 2961 611 ἀγκῶνας
2987 535 3088 595 ὑπὸ
3122 546 3237 606 ταῖς
3257 541 3508 622 πλευραῖς

381 618 480 659 203.
523 597 896 679 Θρασῦὅουλος
918 618 933 659 :
953 592 1151 678 (Οὗτος
1167 599 1396 672 αὗθᾶδης
1413 602 1503 661 καὶ
1523 602 1859 686 δωρῠδόκθς,)
1949 613 2170 687 ποιήσω.
2195 614 2440 677 οὐδέποτε
2462 617 2563 702 γὰρ
2587 619 2723 679 οὕτω
2752 619 2887 698 μέση
2913 624 3269 706 ληφθήσομαι.
3371 623 3509 704 (Ἄλ-

246 704 273 741 5
300 686 598 767 ὑπερόπτης
629 685 759 766 (ὢν)
784 695 875 747 τοῦ
906 688 1102 766 δήμου,
1131 688 1386 761 ἠὸούλετο
1412 691 1478 750 δι’
1501 694 1661 750 αὐτοῦ
1686 689 1862 751 πάντα

298 772 642 854 πράττεσθαι.

379 880 477 919 204.
519 859 608 919 διὰ
627 860 688 920 τὸ
709 859 944 943 ἀνήρ.“1ι.

379 966 478 1006 200.
516 945 610 1022 (τὰ
633 946 863 1025 δημόσια
897 946 1001 1030 γὰρ
1036 955 1465 1031 μισθοφοροῦντες
1500 970 1517 1012 t
1548 949 1740 1018 Ὅπως
1767 949 1863 1028 μὲν

299 1033 447 1090 αὐτοὶ
473 1036 768 1114 κερδανεῖτε
784 1078 802 1108 ,
831 1041 1137 1096 σκοπεῖσθε·
1166 1035 1307 1105 ὅπως
1333 1037 1389 1097 δὲ
1418 1038 1717 1121 φροντίσετε
1739 1037 1862 1120 περὶ

222 1134 273 1176 ιο
298 1123 404 1179 τῶν
422 1125 627 1194 κοινῶν,
647 1119 701 1190 ἐξ
720 1114 793 1181 ὧν
819 1123 1150 1205 μισθοφορίαι
1164 1168 1180 1197 ,
1201 1126 1444 1201 ἀμελεῗτε
1466 1131 1559 1186 τοῦ
1581 1127 1807 1204 κοινοῦ.)

381 1228 481 1269 200.
525 1207 750 1287 Αἴσιμος
773 1229 788 1269 2
813 1208 998 1276 Χωλὸς
1020 1209 1206 1287 ἄτιμος
1222 1209 1312 1268 καὶ
1333 1211 1558 1290 ἀμαθής.
1582 1247 1637 1258 —-
1679 1212 1863 1290 ἄτιμος

298 1286 446 1363 οὗτος
472 1295 562 1354 καὶ
584 1294 775 1375 χωλός.
815 1295 874 1355 τὸ
902 1295 957 1355 δὲ
990 1296 1159 1356 κοινὸν
1193 1296 1273 1356 ὅτι
1304 1297 1365 1358 τὸ
1393 1300 1562 1359 κοινὸν
1600 1301 1860 1379 ἀμελεῖτε.

298 1386 580 1442 σκοπεῖσθε
609 1381 694 1457 δὲ,
714 1381 768 1442 τί
792 1384 1106 1465 κερδανεῖτε.
1131 1400 1189 1448 Β.

371 1489 471 1531 202.
520 1468 840 1548 (σωθήσεσθ’
883 1468 961 1529 ἔτι
1003 1490 1018 1530 2
1058 1469 1326 1551 Παρέλκει
1360 1471 1422 1531 τὸ
1459 1471 1537 1533 ἔτι
1574 1473 1723 1556 παρὰ
1757 1474 1864 1541 τοῖς

221 1568 271 1608 1⁶
301 1555 611 1635 Ἀττικοῖς.)
1427 1619 1435 1625 ,

379 1663 479 1704 212.
525 1641 801 1720 (ταμίαιςε
824 1641 1096 1724 Ἐφόροις,
1121 1642 1337 1725 φύλαξι,
1363 1646 1754 1729 διοικητρίαις.)

379 1749 477 1789 210.
525 1727 786 1807 βάπτουσι
817 1748 831 1789 :
857 1726 1142 1789 Πλύνουσι.
1173 1764 1244 1775 ·-
1276 1731 1422 1791 οὐδὲν
1462 1741 1860 1814 καινοτομοῦσι,

374 1814 444 1874 σί.
471 1825 532 1873 R.

296 1838 476 1961 φη217.
518 1896 868 1968 ἁπαξάπασαι
914 1920 930 1961 :
962 1899 1078 1959 ἀντὶ
1113 1906 1205 1961 τοῦ
1242 1913 1432 1965 πᾶσαι.
1469 1906 1536 1967 τὰ
1565 1908 1621 1966 δὲ
1645 1914 1862 1968 τοιαῦτα

215 2004 272 2043 20
298 1986 529 2048 Ἀττικά.
602 1987 1065 2069 μεταπειρωμένας
1090 2010 1104 2049 :
1125 1992 1569 2070 μεταὸαινούσας,
1594 1996 1861 2074 μεταὸαλ·

239 2123 243 2130 .
297 2073 524 2153 λομένας
547 2074 652 2133 ἀπὸ
673 2073 984 2154 πράγματος
1010 2078 1082 2144 εἷς
1106 2087 1349 2158 πρᾶγμα.
1406 2092 1466 2142 R.

378 2183 477 2223 220.
523 2164 568 2220 εἰ
594 2160 669 2240 μή
699 2185 752 2221 τι
773 2155 951 2222 καινὸν
984 2163 1116 2224 ἄλλο
1144 2186 1160 2225 z
1193 2166 1330 2226 Ἀντὶ
1354 2173 1479 2242 τοῦ,
1504 2172 1549 2228 εἰ
1572 2169 1647 2248 μὴ
1677 2174 1867 2232 ἐπολυ-

297 2248 585 2331 πραγμόνει
613 2248 705 2308 καὶ
726 2250 907 2317 καινὰς
929 2250 1081 2332 ἔφερε
1107 2253 1390 2323 πολιτείας.
1425 2288 1496 2298 -
1524 2256 1641 2317 ἀντὶ
1666 2266 1789 2340 τοῦ,
1819 2262 1865 2318 εἰ

298 2335 557 2415 ἐφύλαττε
583 2336 672 2395 τὸν
701 2338 921 2416 ἀρχαῖον
951 2337 1126 2414 νόμον.
1155 2358 1214 2404 R.

212 2436 269 2478 25
379 2424 631 2507 φρύγουσι
659 2444 674 2484 τ
707 2424 893 2484 Αείπει
919 2424 980 2483 τὸ
1012 2424 1207 2507 κριθάς.
1269 2429 1624 2512 ἑπιτρίὸουσι,
1650 2431 1864 2516 μοιχεύ-

300 2534 464 2584 ουσιν,
491 2510 527 2582 ἢ
555 2513 609 2569 ἐν
629 2514 704 2592 τῷ
732 2511 894 2589 μηδὲν
920 2512 1187 2592 πράττειν.
1327 2567 1358 2584 ,,

377 2619 475 2661 220.
519 2601 915 2679 παροψωνοῦσιν
945 2620 960 2659 :
989 2600 1126 2660 Ἀντὶ
1147 2606 1239 2662 τοῦ
1266 2603 1435 2685 λάθρα
1463 2609 1769 2688 ὀψωνοῦσιν.
1789 2609 1858 2688 ’ΞΕ

379 2707 477 2748 227.
522 2686 740 2767 εὔζωρον
775 2707 790 2746 :
821 2683 1098 2770 Ἄκρατον.

378 2794 475 2835 230.
519 2773 594 2853 μὴ
617 2775 984 2854 περιλαλῶμεν
1014 2796 1028 2836 :
1061 2776 1157 2850 Μὴ
1190 2780 1522 2862 φλυαρῶμεν.

207 2891 268 2933 30
379 2881 475 2921 232.
518 2864 837 2944 σκεψάμενοι
862 2882 878 2923 2
908 2853 1037 2924 Οἶον
1063 2855 1122 2923 ἐκ
1146 2869 1251 2925 τῶν
1279 2868 1616 2947 ἐπαγομένων
1642 2871 1862 2949 λογισά-

368 2971 464 3010 νοι.

298 2971 475 3095 με200.
517 3033 745 3114 πορίζειν
771 3054 786 3094 t
810 3034 1108 3116 Εὖρίσκειν,
1133 3037 1387 3117 συνάγειν.

377 3142 476 3183 200.
519 3119 589 3181 τὰ
629 3123 674 3181 δ’
706 3120 844 3181 ἄλλα
879 3143 895 3183 τ
926 3123 1078 3183 Μετὰ
1120 3123 1182 3184 τὸ
1226 3125 1368 3186 ἐάσω
1412 3127 1664 3191 στικτέον.
1705 3128 1768 3189 τὸ
1807 3130 1862 3190 δὲ

296 3216 495 3285 ταῦτα,
520 3203 625 3269 οἶον
650 3214 819 3269 ταῦτα
846 3208 1237 3288 συμὸουλεύων.
1781 3292 1788 3299 Ι

211 3319 271 3359 ³6
376 3317 478 3358 243.
525 3300 578 3356 ἐν
615 3296 771 3356 πυκνί
811 3316 826 3358 :
867 3297 1004 3357 Ἀντὶ
1029 3304 1119 3358 τοῦ
1150 3302 1202 3358 ἐν
1231 3304 1298 3380 τῇ
1324 3301 1596 3384 ἐκκλησίᾳ.
1623 3308 1693 3372 ὡς
1722 3307 1859 3366 ἀπο-

295 3384 667 3467 κεκρυμμένων
696 3382 906 3451 ἐκείνων
939 3388 1044 3443 τῶν
1082 3390 1255 3466 μερῶν
1296 3386 1388 3446 καὶ
1420 3389 1720 3468 δυναμένων
1755 3395 1863 3452 ἐκεῖ

296 3472 616 3555 κρύπτεσθαι
642 3470 729 3530 ἐπὶ
750 3475 844 3542 τῆς
866 3475 1031 3552 φυγῆς
1056 3474 1160 3531 τῶν
1187 3472 1489 3554 τριάκοντα.

376 3579 476 3621 245.
524 3547 596 3638 (ὦ
616 3557 732 3636 μέλ’
755 3549 891 3630 ἦσθα
916 3579 932 3619 :
963 3558 1227 3639 Παρέλκει
1252 3560 1313 3620 τὸ
1338 3560 1516 3642 μέλε.)

376 3666 474 3707 200.
518 3649 578 3704 οὔ
603 3644 837 3723 ματαίως
856 3645 947 3705 καὶ
966 3645 1209 3715 ἐτωσίως.
1278 3648 1418 3721 δεινὴ
1437 3649 1529 3708 καὶ
1553 3650 1717 3732 σοφὴ,
1740 3656 1861 3712 ἱκα-

207 3752 267 3793 ⁴0
294 3733 361 3806 νὴ
377 3737 430 3793 ἐν
453 3737 528 3812 τῷ
554 3733 744 3811 λέγειν.
768 3744 824 3791 R.
850 3732 1058 3794 αὐτόθεν
1080 3754 1095 3795 :
1120 3734 1244 3794 Ἀπὸ
1270 3742 1363 3794 τοῦ
1381 3736 1633 3817 παρόντος
1650 3739 1858 3821 χρόνου.

376 3842 473 3881 2⁴8.
517 3818 760 3901 Κέφαλός
783 3841 861 3880 σοι
889 3840 903 3880 :
935 3821 1266 3900 Δημαγωγὸς
1294 3815 1441 3891 οὗτος
1461 3823 1657 3908 ἕτερος,
1682 3830 1782 3907 οὐχ
1801 3828 1858 3887 ὃν

293 3907 439 3989 λέγει
466 3906 799 3984 Δημοσθένης
815 3950 833 3984 ,
864 3907 1000 3966 ἀλλὰ
1025 3908 1269 3989 λοίδορος.

376 4014 478 4055 252.
513 3992 734 4074 τρύὸλια
763 4014 778 4052 :
806 3984 961 4061 Εἶδος
983 3992 1240 4077 ὀξυὸάφου
1262 3997 1323 4055 τὸ
1344 3997 1606 4079 τρύὸλιον.

377 4101 476 4141 253.
517 4078 826 4161 κεραμεύειν
860 4100 875 4140 2
909 4080 1036 4140 Ἀπὸ
1068 4088 1238 4141 κοινοῦ
1273 4085 1334 4142 τὸ
1367 4085 1700 4168 κεραμεύειν,
1742 4089 1857 4148 ἀντὶ

203 4193 267 4233 45
293 4174 388 4228 τοῦ
415 4164 842 4248 κατεργάζεσθαι.
867 4158 931 4240 ἦν
956 4166 1011 4226 δὲ
1032 4168 1299 4247 κεραμέως
1323 4172 1518 4253 πατρὸς
1539 4178 1568 4232 6
1594 4173 1854 4254 Κέφαλος.

294 4253 474 4333 ἔλεγον
504 4253 558 4312 δὲ
586 4250 890 4333 κεραμεύειν
922 4253 1014 4311 καὶ
1040 4254 1101 4312 τὸ
1122 4260 1296 4323 κακῶς
1322 4259 1486 4316 ποιεῖν
1516 4258 1584 4316 τὰ
1609 4261 1774 4320 κοινά.

377 4360 474 4401 254.
516 4338 831 4413 Νεοκλείδης
856 4343 884 4400 6
911 4340 1128 4419 γλάμων
1161 4362 1177 4403 :
1211 4342 1578 4425 Ἐκωμῳδεῖτο
1598 4351 1669 4414 ὡς
1696 4371 1856 4408 συκο-

296 4426 494 4510 φάντης
524 4427 615 4488 καὶ
649 4426 786 4497 ξένος
808 4428 900 4487 καὶ
930 4426 1178 4502 κλέπτης.
1209 4434 1237 4488 6
1264 4433 1478 4509 λημῶν·
1512 4436 1541 4492 6
1572 4432 1706 4515 ἔχων
1739 4437 1857 4505 τοὺς

294 4514 592 4596 ὀφθαλμοὺς
618 4514 837 4593 μεστοὺς
864 4516 1203 4598 ἀκαθαρσίας.

207 4624 271 4664 50
375 4623 474 4663 255.
518 4605 570 4670 ἐς
599 4602 750 4671 κυνὸς
775 4602 946 4682 πυγήν
981 4625 996 4665 t
1051 4603 1324 4686 Παροιμία
1358 4606 1577 4680 παιδικὴ
1620 4608 1708 4667 ἐπὶ
1750 4613 1854 4669 τῶν

299 4687 725 4771 ὀφθαλμιώντων,
748 4694 800 4759 ἐς
824 4689 976 4760 κυνὸς
1002 4689 1173 4770 πυγὴν
1197 4695 1325 4775 ὁρᾶν
1348 4693 1439 4752 καὶ
1461 4698 1615 4777 τριῶν
1642 4696 1853 4756 ἀλωπέ-

296 4797 405 4836 κων

294 4949 388 5010 ταί
413 4971 525 5008 σου.

377 4821 476 4924 250.
520 4864 881 4948 ὖποκρούσωσί
904 4885 1004 4928 σεε
1035 4865 1414 4929 Ὑποὸάλλωσί
1435 4891 1512 4933 σε.
1538 4870 1852 4950 λαμὸάνων-
1887 4873 1897 4946 Ι

1948 702 2068 768 λως.
2091 702 2393 785 παραδώσω
2407 750 2425 782 ,
2449 700 2535 767 ἵνα
2557 712 2660 766 τῶν
2682 712 2872 789 χειρῶν
2896 709 2990 791 ἕλῃ
3016 736 3110 790 με,
3129 712 3221 774 καὶ
3243 711 3318 791 μὴ
3341 713 3508 792 μέσην
3533 733 3559 773 5

1952 786 2081 870 ἄρας
2103 813 2174 867 με
2193 794 2299 873 γνῷ
2322 791 2400 851 ὅτι
2428 792 2556 871 γυνή
2581 797 2689 873 εἶμι
2712 799 2772 854 ἐκ
2796 801 2901 856 τῶν
2929 798 3183 881 τιτθίων.)

2028 902 2126 944 200.
2170 884 2293 959 ὡδὶ,
2315 886 2495 955 οὕτως.
2521 898 2580 946 R.

2030 988 2127 1030 200.
2172 971 2293 1034 τίνι.
2322 975 2436 1052 (202)
2462 973 2731 1038 ἔσκεπται.
2756 987 2816 1036 R.

2019 1061 2127 1127 205.
2171 1068 2334 1149 αἴρειν
2361 1070 2437 1130 τὼ
2471 1070 2631 1146 σκέλη
2662 1093 2676 1133 :
2710 1074 2807 1134 Ἐν
2834 1080 2900 1154 τῇ
2936 1077 3208 1156 συνουσία·
3240 1079 3380 1159 λέγει
3415 1079 3510 1149 τὰς

1949 1155 2131 1233 χεῖρας
2160 1154 2341 1236 αἴρειν,
2365 1157 2544 1240 ὥσπερ
2572 1163 2619 1218 οἱ
2643 1160 2854 1242 ῥήτορες
2879 1165 2926 1223 οἱ
2950 1166 3260 1247 κρινόμενοι.
3539 1185 3595 1226 10

2031 1258 2127 1302 267.
2175 1242 2525 1322 ἐξωμισάσαις
2553 1268 2568 1308 :
2593 1246 2747 1330 Ἄχρι
2770 1254 2871 1308 τῶν
2896 1251 3056 1331 ὤμων
3080 1256 3465 1335 γυμνωσάσαις.

2031 1345 2130 1387 209.
2174 1332 2445 1392 ὑποδεῖσθε
2473 1354 2489 1395 :
2515 1333 2993 1415 Ὑποδεσμεύσατε.

2030 1433 2127 1475 274.
2170 1417 2399 1497 ἀκριὸῶς
2421 1421 2683 1493 ποιήσετε.
2710 1435 2771 1483 R.

2031 1519 2126 1562 270.
2168 1507 2562 1569 ἐπαναὸάλεσθε
2591 1531 2606 1572 :
2635 1512 2749 1572 ἀντὶ
2769 1520 2864 1574 τοῦ
2889 1518 3339 1595 περιστολίσασθε.
3367 1532 3428 1581 R.
3477 1545 3483 1549 ·

2032 1586 2441 1695 280.Νπροΐωμεν
2471 1598 2642 1659 αὐτῶν
2668 1621 2683 1661 :
2711 1603 3149 1690 Προηγησώμεθα
3175 1610 3279 1666 τῶν
3314 1610 3512 1671 λοιπῶν
3540 1634 3590 1674 15

1951 1694 2225 1749 γυναικων.

2030 1787 2128 1829 201.
2173 1769 2414 1854 ἄντικρυς
2441 1796 2457 1837 :
2487 1778 2604 1838 ἀντὶ
2627 1787 2719 1841 τοῦ
2742 1784 2948 1846 αὐτίκα.
2974 1798 3033 1846 R.

2031 1875 2127 1915 204.
2171 1860 2554 1944 ὑπαποτρέχειν
2583 1886 2599 1927 :
2625 1868 2833 1931 Ὀπίσω
2858 1873 3077 1955 τρέχειν.

2031 1942 2297 2006 πάτταλον
2325 1969 2341 2009 :
2372 1950 2453 2011 Τὸ
2482 1953 2658 2033 τυχόν.
2689 1960 2737 2016 οἱ
2770 1958 2872 2042 γὰρ
2909 1961 3121 2045 ὕστερον
3159 1965 3390 2036 ἐλθόντες
3417 1969 3511 2027 οὐκ

1952 2027 2251 2107 ἐλάμόανον
2274 2034 2334 2094 τὸ
2362 2038 2815 2113 ἐκκλησιαστικόν.
3536 2076 3598 2118 2⁰

2030 2136 2127 2177 205.
2166 2118 2229 2178 τὸ
2253 2121 2461 2204 ἄνδρας.
2493 2138 2553 2187 R.
3257 2121 3273 2150 ἱ

2031 2222 2124 2265 200.
2168 2209 2382 2292 ἐκπέσῃ.
2404 2224 2461 2273 R.

2029 2311 2127 2354 200.
2172 2295 2491 2377 (ἐνδούμεναι
2540 2323 2556 2365 :
2614 2306 3021 2387 Καταδυόμεναι
3072 2313 3145 2381 εἷς
3189 2314 3512 2392 τηλικαύτην

1949 2376 2151 2457 τόλμαν
2176 2385 2397 2469 λάθρα.)

2032 2487 2129 2530 200.
2176 2471 2454 2556 (χωρῶμεν
2481 2496 2496 2539 :
2521 2480 2680 2541 Τοῦτ’
2720 2481 2834 2543 ἐστὶ
2861 2484 2924 2545 τὸ
2953 2485 3109 2565 μέλος
3126 2488 3156 2549 ὃ
3190 2481 3332 2551 εἶπεν
3366 2493 3508 2555 ἔνδον
3536 2517 3587 2559 20

1953 2556 2136 2625 αὐταῖς
2154 2559 2215 2618 τὸ
2238 2565 2580 2646 ἀγροικικόν.)

2038 2665 2134 2709 201.
2177 2647 2295 2731 πρῲ
2342 2653 2762 2729 μονοσυλλάὸως.

1951 2736 2109 2806 ὄντος.

2029 2830 2356 2912 κεκονιμένος
2373 2854 2388 2895 :
2408 2824 2513 2896 οἷον
2535 2838 2842 2910 σπουδάζων
2857 2841 2997 2905 πάνυ
3011 2846 3101 2906 καὶ
3121 2849 3306 2929 σχεδὸν
3320 2842 3509 2924 κύνε-οἶς

1950 2920 2378 3002 πεπληρωμένος.
2400 2934 2459 2982 R.
3535 2966 3586 3010 ³⁰

2029 3029 2127 3069 292.
2171 3008 2475 3092 ὑπότριμμα
2503 3030 2519 3072 2
2545 3011 2682 3073 Ἀντὶ
2700 3020 2793 3074 τοῦ
2813 3017 2986 3100 δριμύ.
3011 3024 3059 3081 οἱ
3081 3023 3184 3106 γὰρ
3217 3027 3509 3100 δικάζοντες
3618 3054 3633 3061 “

1948 3094 2209 3176 ὀφείλουσι
2233 3096 2431 3177 δριμεῖς
2449 3087 2597 3158 εἶναι.

1950 3269 1974 3326 3
2028 3180 2287 3326 ‹xz-{pytnvz
2309 3182 2594 3262 Ἦδόμενος
2620 3188 2897 3270 σκορόδοις.
2921 3194 3188 3258 καὶτοῦτο
3212 3202 3507 3283 ἅγροικικὸν

1979 3291 2019 3346 μ
2061 3291 2095 3326 α
2118 3290 2211 3328 νει.

2020 3290 2127 3415 (ξοδ.
2170 3355 2491 3416 ἀναπλάττει
2513 3358 2764 3438 ὀνόματα.
2789 3375 2849 3424 R.

2027 3462 2123 3503 2⁹5.
2170 3440 2330 3521 μηδὲν
2366 3449 2736 3528 παραχορδιεῖς
2772 3471 2788 3511 z
2819 3451 2981 3536 Παρὰ
3017 3459 3211 3537 ῥυθμὸν
3245 3464 3504 3542 ποιήσεις,

1950 3528 2112 3608 μηδὲν
2135 3530 2500 3613 παραφθέγξῃ,
2525 3534 2663 3595 ἀλλὰ
2687 3538 2766 3598 δεῖ
2786 3540 2951 3600 εἰπεῖν
2978 3542 3136 3614 ὅπως.
3161 3548 3423 3629 σύμὸολον
3447 3555 3507 3616 δέ

1945 3639 1997 3675 τι
2019 3618 2168 3689 δηλοῖ
2185 3619 2402 3700 φανερὸν
2422 3621 2544 3694 ἤδη.

2026 3725 2122 3766 200.
2167 3706 2283 3765 ἀντὶ
2303 3712 2396 3765 τοῦ
2421 3708 2655 3771 σεαυτόν.
2680 3721 2741 3770 R.

2023 3811 2118 3853 207.
2161 3793 2382 3866 πλησίον
2408 3796 2668 3868 ἀλλήλων.
2689 3810 2749 3857 R.

2884 2659 3001 2721 ἀντὶ
3039 2668 3132 2723 τοῦ
3171 2662 3250 2724 ἔτι
3297 2667 3513 2750 κνέφους

3529 3414 3584 3455 ³15

3064 4264 3136 4330 ὣς
3150 4262 3235 4324 διὰ
3246 4265 3341 4338 τὴν
3356 4270 3498 4330 εὖτέ-
3522 4298 3575 4340 ⁴5

1942 4335 2088 4393 λειαν
2114 4339 2207 4393 τοῦ
2234 4342 2419 4412 μισθοῦ
2443 4339 2670 4409 δικάζειν
2693 4343 2963 4408 θελόντων.
2984 4357 3045 4406 R.

2009 4448 2118 4596 ἕξ.
2160 4432 2472 4513 Μυρωνίδης
2492 4453 2508 4496 2
2533 4439 2660 4497 Τῶν
2677 4437 3084 4519 εὐδοκιμούντων
3105 4436 3253 4515 οὗτος
3282 4450 3311 4506 6
3332 4472 3493 4532 στραι

1941 4540 2007 4589 τη
2097 4562 2111 4577 ·
2307 4534 2315 4543 '

2018 4624 2115 4665 304.
2158 4604 2480 4685 παρεγίνετο.
2504 4619 2564 4667 R.

2019 4710 2117 4753 ³08.
2158 4694 2213 4750 ἐν
2238 4693 2457 4776 ἀσκιδίῳ
2476 4717 2491 4756 :
2510 4695 2726 4778 Πρὸςτὸ
2745 4701 2962 4781 ἀρχαῖον
2987 4701 3098 4773 ἔθος
3120 4708 3488 4786 σεσημείωται.
3516 4748 3571 4788 5⁰

2019 4798 2117 4839 010.
2160 4780 2572 4861 πηλοφοροῦντες
2596 4806 2612 4846 :
2638 4784 2738 4852 Ὧς
2753 4788 3083 4870 χειροτέχναι
3104 4793 3194 4851 καὶ
3221 4798 3487 4873 μισθωτοί.

2019 4892 2116 4934 017.
2159 4876 2189 4932 6
2215 4876 2507 4957 Κοπρεαῖος
2536 4899 2552 4941 :
2577 4879 2833 4941 Βούλεται
2858 4885 3020 4946 εἰπεῖν
3057 4890 3127 4957 ὥς
3160 4887 3240 4950 ὅτι
3274 4893 3491 4978 ἠπειγό-

1885 4955 1899 5009 ί
1944 4984 2047 5036 μην
2072 4963 2432 5035 ἆποπατῆσαι.
