3859 5725
310 283 420 337 150

302 430 460 504 ἐμοῦ,
502 426 579 506 μὴ
624 426 913 508 ἀρέσκοντά
954 449 1045 504 μοι
1082 423 1306 505 λέγοντι.
1338 426 1575 504 (πάντως
1599 426 1705 512 γὰρ
1731 427 1872 490 κατὰ

303 521 394 575 τοῦ
417 514 643 587 δικάζειν
668 513 857 593 ἔμελλε
876 514 1097 595 λέγειν.)

384 624 481 664 646.
528 601 730 683 (μύλην
771 603 975 685 ἀγαθήν
1020 623 1037 665 2
1088 603 1627 667 Νεοκατασκεύαστον
1677 604 1870 684 μύλην.

303 691 396 751 καὶ
416 689 664 775 Ὅμηρος
685 691 743 752 δὲ
772 699 897 766 [od.
916 704 984 768 Υ,
1010 699 1122 765 m}
1148 696 1384 769 θηλυκῶς
1409 693 1550 774 λέγει
1572 721 1600 749 ι
1620 693 1659 768 ἡ
1687 688 1755 777 ῥὰ
1778 693 1874 774 μύ·

248 790 275 830 ⁶
301 776 402 853 λὴν
430 778 694 853 στήσασα.
719 781 775 857 ν)

381 890 477 930 649.
521 868 815 951 κατερεῖξαι
838 889 856 933 ε
889 873 1288 951 Καταθραῦσαι.
1311 869 1424 952 (ἀφ’
1446 860 1507 929 οὗ
1538 868 1630 929 καὶ
1657 868 1720 929 τὸ
1741 871 1876 952 ἔρει-

302 958 425 1018 κτὸν
466 957 666 1028 ἀξιοῦσι
710 957 876 1034 τινὲς,
922 958 1027 1019 ἀπὸ
1057 967 1356 1040 μεταφορᾶς
1386 963 1492 1018 τῶν
1529 957 1871 1040 ἐρεικομένων

301 1046 555 1128 ὀσπρίων.
592 1046 707 1107 ὅθεν
743 1046 837 1108 καὶ
866 1048 928 1107 τὸ
962 1055 1051 1121 [11.
1089 1059 1159 1121 N,
1193 1054 1301 1120 ιιι]
1337 1076 1364 1101 ι
1401 1045 1725 1129 ἐρεικόμενος
1749 1046 1872 1128 περὶ

316 1137 478 1219 δουρί.
512 1164 536 1190 υ
565 1134 772 1215 εἴρηται
801 1138 845 1196 δ’
869 1139 922 1196 ἕν
951 1139 1058 1203 τοῖς
1082 1135 1383 1219 Βατράχοις
1404 1136 1570 1215 [⁶08]-

224 1243 276 1284 10
383 1245 482 1287 650.
531 1225 731 1303 (δεινῆς
766 1221 982 1303 γνώμης
1015 1244 1031 1286 :
1076 1224 1215 1285 Ἀντὶ
1257 1229 1349 1283 τοῦ
1392 1224 1621 1303 μείζονος
1654 1222 1690 1296 ἢ
1732 1220 1872 1281 κατὰ

303 1312 591 1395 κωμῳδίαν
618 1313 732 1375 ἐστὶ
757 1313 817 1372 τὸ
845 1316 1027 1373 ἰᾶσθαι
1057 1312 1205 1384 νόσον
1237 1312 1688 1386 πεπαλαιωμένην
1720 1313 1773 1371 ἐν
1801 1315 1870 1392 τῇ

300 1402 470 1461 πόλει.
505 1399 649 1481 λέγει
677 1399 735 1460 δὲ
771 1401 833 1461 τὸ
866 1400 1152 1484 φιλόδικον.
1187 1403 1513 1462 ἐντετοκυῖαν
1546 1399 1603 1462 δὲ
1629 1402 1874 1480 έγγεννη·

301 1490 499 1563 θεῖσαν,
528 1487 564 1561 ἢ
593 1488 1052 1570 ἐμφωλεύουσαν.)

380 1597 479 1640 m.
522 1576 633 1657 (μὴ
649 1577 895 1661 πατέριζε
916 1600 931 1640 z
956 1576 1180 1659 Πατέρα
1203 1576 1370 1638 κάλει.
1392 1576 1583 1657 ἔμελλε
1602 1575 1659 1637 δὲ
1677 1576 1840 1636 εἰπεῖν
1856 1599 1872 1613 ·

222 1687 274 1729 15
301 1666 385 1726 σοὶ
409 1666 586 1727 πάντα
617 1666 814 1727 δυνατά
838 1670 996 1742 ἐστιν,
1026 1657 1071 1727 ὦ
1100 1671 1237 1740 Ζεῦ,
1264 1666 1358 1727 καὶ
1383 1666 1621 1747 διέκοψεν
1644 1669 1673 1725 δ
1695 1666 1871 1726 Φιλο-

380 1862 478 1903 ⁶⁵⁴.
522 1842 623 1903 κᾶν
646 1843 754 1925 χρή
777 1864 794 1906 :
823 1842 978 1922 (Κᾶν
997 1847 1069 1911 ὡς
1089 1841 1397 1926 ἀνδροφόνος
1411 1844 1639 1920 λογισθῶ
1655 1841 1873 1902 καὶτῶν

301 1935 491 1990 θυσιῶν
522 1929 602 2009 μὴ
631 1930 940 2009 μεταλάὸω.
968 1931 1101 2014 πρὸς
1123 1930 1185 1990 τὸ
1213 1930 1328 1999 ἔθος
1351 1930 1464 2010 δὲ,)
1493 1929 1574 1990 ὅτι
1603 1932 1652 1989 οἱ
1680 1930 1872 2011 ἀνδρο-

300 2018 444 2100 φόνοι
468 2021 530 2079 οὐ
554 2019 1024 2100 μεταλαμὸάνουσι
1046 2022 1257 2082 θυσιῶν.

221 2134 274 2172 20
379 2128 477 2168 666.
523 2100 792 2188 (χαλάσας
830 2128 846 2169 2
895 2108 1246 2186 Παυσάμενος
1285 2110 1378 2180 τῆς
1407 2109 1588 2189 ὀργῆς.
1623 2105 1735 2174 ἔθος
1769 2104 1873 2186 γὰρ

299 2196 406 2264 τοῖς
432 2194 783 2276 ὀργιζομένοις
811 2194 976 2277 αἴρειν
997 2193 1093 2263 τὰς
1118 2197 1335 2277 ὀφρῦς.)

378 2302 478 2344 656.
523 2282 598 2361 μὴ
627 2281 819 2367 ψήφοις
848 2302 863 2345 z
894 2281 992 2350 Ὡς
1008 2283 1140 2365 πρὸς
1164 2283 1226 2342 τὸ
1253 2281 1515 2366 φιλόδικον
1546 2272 1705 2343 εἶπεν.
1738 2283 1873 2366 φαύ-

298 2374 404 2439 λως
433 2372 488 2430 δὲ
518 2370 634 2430 ἀντὶ
658 2376 752 2431 τοῦ
802 2371 1001 2438 ἅπλῶς.
1030 2382 1090 2430 R.
1134 2372 1436 2450 (πολλαχοῦ
1466 2371 1622 2443 δῆλον
1650 2369 1731 2430 ὅτι
1760 2370 1873 2453 ψή-

301 2482 414 2541 φοις
449 2457 738 2537 ἐλογίζοντο
764 2461 812 2519 οἱ
834 2459 1087 2533 παλαιοὶ,
1122 2462 1216 2542 ἀφ’
1240 2451 1300 2518 οἶ
1327 2461 1389 2519 τὸ
1416 2459 1677 2541 ψηφίζειν.
1702 2465 1793 2519 νῦν
1816 2459 1872 2520 δὲ

220 2570 274 2610 25
301 2547 393 2606 καὶ
420 2547 539 2614 ταῖς
557 2548 884 2616 δικαστικαῖς
902 2545 1118 2630 ψήφοις,
1146 2548 1274 2630 πρὸς
1301 2547 1334 2608 δ
1353 2548 1545 2617 παίζει.
1574 2546 1636 2606 τὸ
1659 2545 1714 2606 δὲ
1737 2548 1875 2631 φαύ-

300 2637 406 2703 λως
428 2634 544 2695 ἀντὶ
566 2641 656 2696 τοῦ
683 2635 864 2703 ἁπλῶς
878 2680 895 2709 ,
920 2638 1144 2717 ἀφεὶῶς.
1170 2640 1242 2705 ὡς
1267 2634 1528 2718 φιλόδικος
1554 2635 1610 2696 δὲ
1638 2626 1752 2697 εἷπε
1775 2637 1875 2720 ψή-

299 2729 457 2806 vote.)

380 2832 476 2874 658.
519 2809 663 2882 κᾶξω
694 2813 880 2873 τούτου
910 2833 926 2875 t
956 2812 1069 2875 Καὶ
1093 2811 1192 2887 τὴν
1224 2811 1327 2884 ἔξω
1361 2812 1635 2892 διδομένην
1657 2822 1767 2884 τοῖς
1788 2816 1873 2875 δι·-

300 2905 521 2970 κασταῖς
563 2900 827 2984 δραχμήν.
881 2901 1166 2970 ἑκατοστᾶς
1202 2900 1257 2962 δὲ
1295 2900 1392 2971 τὰς
1426 2901 1530 2961 ὑπὸ
1564 2907 1655 2962 τοῦ
1696 2902 1874 2971 τέλους

221 3017 276 3056 30
299 2990 692 3072 χορηγουμένας
715 2990 821 3049 ἀπὸ
843 2994 947 3050 τῶν
986 2989 1209 3051 πόλεων.
1236 3022 1309 3034 —·
1338 2988 1583 3050 δικασταί
1605 2990 1793 3050 λείπει.
1810 3003 1870 3050 R.

380 3101 480 3140 659.
525 3081 850 3161 (πρυτανεῖα
890 3099 906 3139 :
970 3078 1062 3148 Ἃς
1113 3077 1443 3137 κατέὸαλλον
1501 3077 1726 3147 δεκάτας
1766 3082 1874 3138 τῶν

299 3170 471 3248 χρεῶν
493 3171 540 3226 01
565 3167 830 3228 δανεισταὶ
859 3165 992 3249 ὑπὲρ
1017 3165 1401 3247 παραστάσεως
1419 3167 1525 3225 τῶν
1553 3168 1872 3249 χρεωφειλε-

299 3259 423 3328 τῶν,
468 3254 608 3324 ὅπως
638 3253 706 3314 ἂν
744 3257 1109 3328 ἀπαιτηθῶσιν
1147 3254 1285 3336 ἅπερ
1321 3246 1462 3327 ἦσαν
1500 3253 1648 3329 τέλη.
1678 3255 1771 3315 καὶ
1804 3253 1873 3315 τὰ

301 3341 433 3424 ὑπὲρ
469 3347 574 3403 τῶν
610 3342 885 3421 μετάλλων
911 3348 1006 3403 τοῦ
1031 3342 1276 3425 ἀργυρίου
1304 3343 1700 3421 εἷσοδιαζομενά
1723 3367 1868 3426 φησι.

221 3454 275 3494 25
302 3429 393 3490 καὶ
419 3429 486 3490 τὰ
516 3432 624 3491 ἀπὸ
655 3435 748 3503 τῆς
781 3433 977 3513 ἀγορᾶς
1003 3432 1096 3492 καὶ
1127 3434 1231 3491 τῶν
1258 3429 1485 3511 λιμένων
1513 3429 1640 3505 τέλη
1672 3436 1872 3512 ὑπομι-

303 3518 545 3598 μνήσκει.

383 3607 720 3690 δημιόπρατα
772 3631 792 3671 τ
831 3609 1129 3688 Ἐδήμευον
1157 3608 1261 3691 γάρ
1286 3632 1430 3679 τινας
1454 3609 1546 3670 καὶ
1574 3607 1670 3678 τὰς
1694 3609 1873 3679 οὐσίας

304 3699 476 3756 αὐτῶν
498 3696 671 3764 κοινὰς
694 3698 947 3778 ἐποίουν.)

381 3805 481 3845 660.
526 3784 740 3846 τάλαντ’
783 3786 934 3868 ἐγγύς
974 3808 990 3848 z
1025 3786 1106 3847 Τὸ
1133 3784 1287 3866 ἐγγὺς
1314 3786 1431 3847 ἀντὶ
1457 3792 1549 3846 τοῦ
1584 3791 1735 3865 ὁμοῦ.
1763 3788 1872 3855 τοῖς

221 3892 276 3932 46
306 3871 674 3953 ἑξακισχιλίοις
705 3873 809 3956 γάρ
841 3897 998 3956 φησιν
1035 3873 1224 3934 ἑκατὸν
1267 3874 1596 3947 πεντήκοντα
1630 3873 1867 3937 τάλαντα

301 3966 392 4021 τοῦ
418 3964 674 4021 ἐνιαυτοῦ.

379 4069 481 4110 662.
527 4050 587 4109 οὐ
615 4046 718 4131 γὰρ
742 4048 955 4118 πλείους
981 4047 1380 4122 κατενάσθησαν
1405 4052 1510 4109 τῶν
1531 4049 1604 4120 ἕξ.
1629 4064 1691 4111 V.

381 4139 528 4217 (663).
575 4136 760 4197 ἑκατὸν
786 4138 848 4211 δή
873 4161 976 4199 που
1002 4137 1093 4197 καὶ
1114 4139 1161 4197 ν’
1190 4159 1205 4199 t
1235 4141 1329 4206 Εἷς
1358 4139 1392 4196 ι’
1417 4144 1588 4217 μῆνας
1607 4139 1868 4219 λογίζεται

298 4224 388 4284 τὸν
408 4223 662 4298 ἐνιαυτὸν,
690 4227 760 4292 ὡς
782 4229 886 4284 τῶν
912 4226 960 4306 β’
988 4229 1061 4294 εἷς
1084 4224 1268 4308 ἑορτὰς
1284 4225 1717 4307 προχωρούντων.
1744 4226 1870 4286 ἑκά-

219 4342 272 4381 45
302 4336 411 4395 στῳ
433 4312 535 4394 γὰρ
551 4310 835 4394 τριώὸολον
849 4319 943 4386 τῆς
956 4313 1183 4397 ἡμέρας,
1202 4314 1288 4394 [ιε’
1312 4320 1404 4374 τοῦ
1426 4313 1610 4394 μηνὸς]
1633 4314 1868 4374 τάλαντα

300 4401 496 4474 ἐποίει,
526 4405 596 4469 ὣς
623 4403 683 4461 ἐκ
708 4403 815 4462 τῶν
838 4402 954 4475 ἑξῆς
984 4405 1143 4475 δῆλον
1174 4402 1396 4483 γίνεται.

379 4509 477 4549 666.
500 4491 549 4556 ἐς
564 4487 775 4559 τούτους
791 4510 805 4551 :
826 4483 932 4570 (Εὐ
944 4489 1003 4549 τὸ
1020 4489 1095 4568 μὴ
1111 4494 1182 4558 ὣς
1199 4489 1382 4570 ἔτυχεν
1398 4492 1562 4549 εἰπεῖν
1581 4488 1642 4550 τὸ
1653 4492 1866 4565 πλῆθος,

300 4577 439 4636 ἀλλὰ
465 4575 561 4649 τὴν
591 4575 808 4647 ἀταξίαν
836 4578 1248 4660 προσονειδίσαι.
1275 4577 1609 4660 περιπεφθεὶς
1635 4578 1690 4636 δὲ
1720 4581 1866 4636 ἀπα-

297 4665 500 4739 τηθεὶς,
534 4666 905 4746 κολακευθείς.)
935 4702 1015 4715 --
1051 4670 1124 4735 εἰς
1150 4665 1267 4734 τοὺς
1295 4664 1642 4744 δημαγωγοὺς
1669 4667 1760 4724 καὶ
1789 4668 1868 4725 δι-

219 4789 273 4829 w
300 4753 498 4821 καστὰς
522 4754 614 4814 καὶ
637 4754 882 4835 λέγοντας
912 4755 972 4816 τὸ
1000 4755 1118 4837 οὐχὶ
1145 4754 1424 4836 προδώσω.
1459 4752 1744 4827 ἀπατηθεὶς
1775 4754 1865 4813 καὶ

298 4842 628 4911 κολακευθεὶς
652 4844 744 4903 καὶ
769 4844 1118 4924 θεραπευθείς.
1141 4855 1199 4903 R.

376 4952 474 4992 669.
518 4934 566 4990 οἳ
618 4932 830 5014 ῥήτορες
865 4932 901 5006 ἢ
951 4936 999 4994 οἱ
1035 4930 1321 5012 στρατηγοὶ
1365 4929 1452 4989 ὅτε
1488 4929 1863 5011 δωροδοκοῦσι,

1440 283 1828 346 SCHOLIA
1874 285 1965 347 IN
2016 285 2375 350 VESPAS.

2429 525 2522 593 τῆς
2560 522 2811 600 μηλωτῆς
2851 523 2900 582 οἱ
2924 520 3106 597 πόδες,
3145 519 3233 591 οὓς
3265 522 3531 591 ποδεῶνας

2470 633 2488 667 ι
2511 607 2811 691 ἄχρηστοι.)

2041 712 2139 757 674.
2185 698 2265 774 (ἐκ
2286 694 2541 779 κηθαρίου
2571 718 2586 761 t
2613 695 2895 780 Σύρφακα.
2919 695 2981 756 τὸ
2997 695 3178 757 ἱκανὸν
3201 698 3402 769 πλῆθος
3419 699 3526 757 τῶν

1961 782 2224 843 δικαστῶν
2249 783 2311 844 τὸ
2337 786 2686 867 συρφετῶδες,
2724 785 2777 854 ἐξ
2816 788 3037 846 εὐτελῶν
3064 783 3399 867 τρεφόμενον.
3431 810 3530 859 κη·
3552 809 3580 849 6

1961 868 2139 952 θάριον
2169 870 2272 952 γὰρ
2307 870 2522 951 πλέγμα
2562 873 2676 933 ἐστὶ
2710 874 3055 948 κανισκῶδες,
3084 872 3437 951 ἐπιτιθέμενον
3466 878 3532 954 τῇ

1961 958 2281 1041 κληρωτρίδι
2307 963 2412 1020 τῶν
2444 960 2652 1043 ψήφων.
2688 959 3102 1043 λαγαριζόμενον
3136 961 3191 1021 δὲ
3218 959 3288 1021 τὰ
3320 960 3534 1044 λάγαρα

1961 1046 2227 1121 ὀσθίοντα,
2252 1046 2285 1106 ὅ
2299 1051 2440 1108 ἐστιν
2454 1048 2748 1131 εὔθραυστα
2771 1049 2862 1109 καὶ
2886 1051 3070 1122 εὐτελῆ
3095 1074 3232 1111 τινα.
3254 1048 3534 1132 ἢκηθάρια

1961 1134 2031 1193 τὰ
2059 1134 2326 1216 ὀξύὸαφα,
2347 1135 2402 1206 ἐξ
2423 1127 2498 1195 ὧν
2525 1136 2642 1205 τοὺς
2661 1136 2851 1206 κύὸους
2877 1137 3118 1220 ἠφίεσαν.
3154 1135 3359 1198 πλεκτὰ
3387 1138 3442 1198 δὲ
3468 1130 3531 1212 ἦν

1961 1228 2147 1285 ταῦτα.
2269 1220 2489 1292 Ἄλλως.
2503 1227 2565 1284 ἔκ
2580 1224 2831 1305 κηθαρίου
2851 1247 2866 1286 :
2889 1224 2978 1287 Τὰ
2995 1224 3261 1285 ἐκπέταλα
3275 1225 3527 1307 τρύὸλια,
3564 1262 3615 1302 10

1962 1311 1998 1370 ἃ
2026 1310 2306 1394 Εὐφρόνιος
2342 1311 2521 1385 κήθια.
2550 1314 2749 1458 ,μικρὸν
2779 1307 2867 1374 οὐν
2906 1317 3163 1396 ῥοφοῦντα
3187 1317 3247 1373 ἐκ
3280 1313 3531 1399 τρυὸλίου

1962 1398 2054 1459 καὶ
2082 1399 2498 1482 τρωγαλίζοντα,
2529 1423 2557 1460 ο
2578 1424 2634 1460 ον
2664 1399 2899 1476 κυάμους
2926 1401 3017 1461 καὶ
3045 1400 3144 1461 ὅσα
3167 1407 3407 1465 τοιαῦτα.
3438 1406 3532 1463 οὐκ

1960 607 2209 682 καλοῦσι,
2231 607 2323 669 καὶ
2344 631 2373 668 ο

1962 1486 2076 1547 ἔστι
2121 1485 2199 1562 δὲ,
2238 1487 2355 1547 ἀλλ’
2386 1490 2596 1567 ἀγγεῖον
2632 1488 2887 1563 πλεκτὸν,
2925 1492 2996 1558 εἷς
3023 1487 3053 1549 δ
3078 1488 3173 1558 τὰς
3195 1492 3399 1573 ψήφους
3429 1514 3531 1551 κα·

1962 1582 2130 1649 θιᾶσι,
2152 1574 2215 1635 τὸ
2241 1575 2442 1649 κήθιον,
2471 1567 2580 1637 οἷον
2617 1581 2689 1646 ὣς
2731 1577 2839 1637 ἀπὸ
2867 1584 2960 1638 τοῦ
2988 1580 3063 1659 ψη
3104 1587 3315 1660 ηφορεῖν
3351 1577 3529 1658 μόνον.

1959 1663 2053 1723 καὶ
2085 1666 2275 1747 Χαῖρις
2304 1663 2360 1725 δὲ
2385 1663 2447 1724 τὸ
2473 1664 2654 1737 κήθιον
2681 1665 2931 1747 τρυὸλίου
2965 1689 3018 1724 τι
3041 1689 3066 1724 ε
3090 1666 3195 1732 δος.
3227 1664 3319 1724 καὶ
3343 1666 3404 1726 τὸ
3425 1668 3530 1729 λα-
3560 1697 3611 1739 15

1960 1752 2212 1834 γαρίζειν,
2260 1751 2322 1811 τὸ
2355 1751 2731 1834 ἀποτρώγοντα
2768 1753 3030 1826 θηλάζειν.
3080 1753 3289 1831 μήποτε
3351 1753 3531 1833 μέντοι

1961 1840 2053 1901 καὶ
2077 1841 2208 1924 πρὸς
2229 1841 2327 1914 τὴν
2358 1844 2463 1901 τῶν
2499 1840 2677 1901 κύόων
2704 1840 2921 1901 παιδιὰν
2944 1840 3137 1920 ὁμοίως
3164 1841 3396 1923 ἐχρῶντό
3426 1866 3530 1903 τινι

1965 1930 2244 2011 βάλλοντες
2270 1929 2324 1999 ἐξ
2351 1931 2534 1992 αὐτοῦ.
2567 1929 2781 2014 καὶγὰρ
2807 1929 3118 2011 Ἕρμιππος
3139 1932 3194 1989 ἐν
3217 1931 3373 1998 Θεοῖς

2148 2071 2229 2120 καὶ
2251 2071 2365 2136 πρὸς
2387 2070 2558 2128 κύὸους
2571 2070 2732 2129 ἕστηκ’
2749 2069 2873 2135 ἔχων
2886 2070 2942 2120 τὸ
2965 2070 3145 2128 κήθιον.

1961 2191 2025 2252 τὸ
2058 2191 2115 2252 δὲ
2136 2192 2510 2274 λαγαρίζεσθαι
2543 2189 2718 2274 ἕτερόν
2751 2216 2804 2251 τι
2832 2190 3001 2251 ἔοικεν
3033 2188 3321 2271 ἐμφαίνειν.
3357 2193 3534 2272 Φερε-
3559 2216 3615 2255 20

1961 2280 2160 2363 κράτης
2199 2279 2749 2361 Μυρμηκανθρώποις.
2806 2318 2877 2330 -
2927 2277 3042 2339 ἀντὶ
3091 2283 3186 2338 τοῦ
3241 2280 3531 2340 σιδαλεύειν
3668 2300 3677 2309 ·

1964 2367 2070 2450 ἄρα
2095 2368 2213 2427 ποθ’
2243 2369 2390 2446 ὑμεῖς
2414 2367 2507 2428 καὶ
2542 2372 2638 2439 τῆς
2670 2370 2863 2450 ὀροφῆς
2887 2364 2977 2426 τὸν
3003 2372 3133 2445 χοῦν
3162 2364 3302 2425 κατὰ
3324 2372 3418 2440 τῆς
3438 2394 3534 2429 κε-

1963 2458 2132 2536 φαλῆς
2150 2455 2551 2533 καταμήσονται
2573 2454 2999 2537 λαγαριζόμενοι.
3024 2464 3087 2511 V.
3116 2491 3187 2502 —
3214 2452 3338 2523 ἴσως
3357 2454 3419 2515 ἂν
3443 2449 3533 2518 οῦν

1961 2541 2103 2621 λε’γοι
2144 2542 2263 2615 ἤτοι
2290 2544 2350 2602 ἐκ
2372 2546 2476 2601 τῶν
2514 2542 2737 2622 ἀγγείων
2765 2546 2857 2614 τῆς
2899 2540 3076 2621 ψήφου
3115 2539 3408 2610 ἀποξύοντα
3444 2540 3531 2600 τὸν

1964 2629 2146 2709 μισθὸν
2174 2630 2267 2690 καὶ
2304 2629 2359 2700 ἐξ
2392 2629 2586 2710 ἄγγους
2613 2629 2749 2698 τινὸς
2774 2631 3031 2703 πλεκτοῦ,
3061 2617 3166 2688 οἷον
3195 2632 3225 2687 ὁ
3245 2627 3531 2710 κάρταλος,
3559 2653 3615 2692 25

1960 2717 2428 2800 τρωγαλιζόμενον,
2452 2721 2523 2785 ὣς
2546 2716 2610 2776 ἂν
2638 2718 2861 2789 πένητα.
2894 2713 3302 2797 λαγαριζόμενον
3334 2712 3391 2774 δὲ
3414 2715 3532 2775 ἀντὶ

1960 2814 2051 2868 τοῦ
2069 2805 2361 2878 ἀποξύοντα
2380 2851 2398 2880 ,
2421 2810 2493 2875 ὡς
2516 2804 2623 2866 ἀπὸ
2634 2810 2739 2867 τῶν
2760 2807 3072 2866 δικαστικῶν
3098 2804 3340 2886 ἀγγείων.
3362 2809 3531 2865 ταῦτα

1962 2895 2017 2954 δὲ
2046 2900 2117 2965 ὡς
2143 2896 2264 2977 περὶ
2285 2895 2573 2975 πενήτων.)

2041 3005 2140 3047 676.
2188 2983 2387 3047 Κόννου
2429 2987 2605 3066 ψῆφον
2653 3001 2668 3044 :
2716 2981 2912 3049 Κόννος
2959 2978 3244 3062 κιθαρῳδὸς
3292 2970 3356 3053 ἦν
3396 2978 3529 3049 νέος.

1965 3072 2095 3151 (ἔστι
2129 3069 2184 3133 δὲ
2206 3071 2468 3154 παροιμία
2496 3071 2584 3132 ἐπὶ
2605 3073 2710 3130 τῶν
2739 3068 2902 3149 μηδὲν
2925 3067 3101 3138 ἀξίων.
3134 3067 3532 3151 Καλλίστρατος
3557 3091 3616 3132 ao

1962 3159 2018 3221 δὲ
2051 3160 2342 3243 παροιμίαν
2366 3158 2525 3242 φησὶ,
2550 3158 2753 3220 Κόννου
2772 3159 2928 3241 θρῖον·
2959 3158 3085 3240 παρ’
3107 3157 3174 3229 ἣν
3196 3156 3390 3227 παίζει.
3421 3158 3533 3218 Εὐ-

1961 3247 2164 3330 φρόνιος
2187 3247 2271 3322 δὲ,
2297 3246 2379 3307 ὅτι
2405 3247 2596 3328 ἐλέχθη
2625 3245 2714 3306 διὰ
2735 3245 2795 3306 τὸ
2818 3244 2946 3317 ἡδύν
2974 3269 3094 3305 τινα
3116 3244 3204 3306 τὸν
3231 3244 3426 3305 Κόννον
3456 3237 3534 3304 εῖ-

1960 3360 2065 3397 ναι.
2103 3339 2157 3407 οῑ,
2180 3337 2237 3397 δὲ
2260 3334 2458 3400 Κόννον
2500 3334 2712 3415 λέγουσι
2747 3334 2837 3394 τὸν
2873 3332 3195 3415 κιθαριστήν.
3226 3333 3433 3410 μήποτε
3474 3332 3531 3393 δὲ

1960 3423 2077 3484 οὐδὲ
2101 3423 2235 3493 ὅλως
2261 3424 2375 3484 ἔστι
2402 3423 2623 3496 Κόννος,
2671 3422 2809 3482 ἀλλὰ
2840 3420 3068 3494 Κόννας,
3100 3420 3157 3480 ὃν
3191 3420 3529 3500 προενεκτέον

1960 3517 2031 3580 ὡς
2058 3513 2250 3580 Μίδας.
2287 3512 2489 3573 Κόννου
2527 3514 2724 3592 ψ’ἥφος,
2762 3500 2867 3568 οἷον
2903 3509 2965 3568 τὸ
2998 3507 3180 3586 μηδέν.
3304 3503 3519 3578 Ἄλλως.
3554 3528 3610 3568 36

1964 3600 2159 3669 Κόννος
2173 3646 2189 3673 ,
2214 3599 2449 3671 εὐτελής.
2476 3597 2674 3665 Κόννος
2686 3597 2788 3678 γὰρ
2808 3596 2876 3655 τὰ
2897 3599 3118 3676 πατρῷα
3146 3594 3411 3676 κατέφαγε
3434 3598 3527 3657 καὶ

1958 3686 2119 3759 πένης
2145 3679 2229 3759 ἦν.
2255 3690 2428 3769 ψῆφον
2457 3684 2513 3745 δὲ
2550 3676 2665 3744 εἶπε
2695 3683 2782 3744 διὰ
2803 3684 2864 3742 τὸ
2886 3682 3008 3764 περὶ
3035 3684 3284 3743 δικαστοῦ
3312 3681 3524 3763 λέγειν.)

2038 3795 2136 3836 676.
2180 3774 2345 3887 ὕρχας
2381 3795 2395 3834 :
2434 3772 2713 3855 Κεράμινα
2748 3773 2964 3851 ἀγγεῖα,
2994 3768 3340 3848 (ὕποδεκτικὰ
3371 3772 3528 3855 ταρί-

1958 3888 2097 3945 χων,
2126 3863 2219 3924 δύο
2244 3862 2607 3942 ωτα’ἔχοντα.)
2639 3896 2706 3907 --
2733 3860 2819 3921 τὸν
2845 3858 3052 3941 καρπόν
3069 3883 3217 3941 φησι.
3248 3875 3312 3924 V.

2037 3949 2291 4033 [δάπιδας
2321 3970 2335 4011 :
2379 3947 2489 4016 Τὰς
2525 3945 2684 4029 ψιλὰς
2724 3946 2817 4007 καὶ
2859 3945 2935 4026 μὴ
2980 3949 3266 4025 μαλλωτὰς
3302 3947 3529 4019 δάπιδας
3554 3972 3611 4016 ες

1957 4041 2187 4116 λέγουσι.
2218 4037 2310 4098 καὶ
2338 4037 2523 4097 δάπισι
2546 4040 2655 4104 τοῖς
2683 4035 2934 4109 τάπησιν.
2961 4038 3016 4095 ἐν
3040 4034 3096 4095 δέ
3122 4060 3230 4097 τισι
3256 4042 3358 4098 τῶν
3387 4040 3530 4097 ἀντι-

1957 4128 2172 4211 γράφων
2211 4121 2425 4186 δάπισιν
2452 4125 2668 4206 εὕρηται
2698 4128 2751 4185 ἐν
2786 4128 2862 4206 τῷ
2890 4122 3119 4205 Πλούτῳ
3142 4132 3262 4199 [527]
3290 4153 3313 4179 ι
3338 4126 3445 4186 οὐδ’
3472 4127 3527 4186 έν

1959 4216 2169 4277 δάπισιν
2200 4214 2350 4275 ἔσται
2373 4215 2741 4295 καταδαρθεῖν.
2778 4242 2801 4267 ι»
2827 4213 2943 4274 ἀντὶ
2966 4219 3060 4272 τοῦ
3082 4212 3361 4295 τάπησιν]

2037 4326 2137 4367 677.
2180 4302 2373 4385 ὅρμους
2399 4323 2414 4364 z
2446 4300 2872 4383 Περιτραχήλιον
2892 4301 3106 4380 κόσμον.
3141 4312 3266 4362 vict.

2035 4413 2137 4454 078.
2178 4389 2495 4459 πιτυλεύσας
2519 4412 2534 4453 t
2561 4390 2789 4458 Πίτυλος
2806 4391 3100 4462 καλεῖταιῆ
3129 4387 3403 4461 καταὸολὴ
3433 4392 3527 4462 τῆς
3554 4412 3613 4453 45

1957 4479 2158 4553 κώπης.
2177 4483 2302 4560 (τοῖς
2320 4484 2561 4564 ἑψητοῖσι
2585 4477 2659 4553 δὲ,
2678 4483 2784 4546 τοῖς
2806 4477 3094 4559 ἰχθυδίοις.)
3111 4516 3182 4527 —-
3194 4483 3303 4546 τοῖς
3323 4478 3527 4561 μικροῖς

1957 4573 1989 4628 ἰ·
2015 4569 2169 4637 θύοις.
2190 4582 2251 4628 V.

1976 4595 2015 4650 Α
2034 4680 2133 4720 mo.
2181 4658 2415 4736 (ἄγλιθας
2444 4677 2458 4717 :
2487 4660 2556 4717 Αἱ
2576 4655 2806 4738 κεφαλαὶ
2826 4658 2931 4715 τῶν
2952 4652 3236 4737 σκορόδων.
3263 4651 3528 4734 ἐξηγεῖται

1956 4745 2012 4806 δὲ
2034 4745 2129 4815 τὰς
2152 4745 2386 4825 ἄγλιθας.
2408 4748 2627 4827 προεῖπε
2650 4743 2753 4825 γὰρ

2079 4888 2226 4944 οὐδεὶς
2249 4887 2356 4936 οὐδὲ
2370 4885 2598 4949 σκορόδου
2617 4884 2819 4945 κεφαλὴν
2840 4887 2936 4940 τοῖς
2956 4885 3173 4947 ἑψητοῖσι
3195 4882 3400 4932 δίδωσιν.
3555 4889 3617 4931 ⁶0

297 5021 393 5080 οὐκ
429 5019 582 5097 ὀλίγα
621 5021 1002 5099 λαμὸάνουσιν,
1039 5017 1179 5080 ἀλλὰ
1221 5019 1264 5076 ν’
1310 5017 1575 5093 τάλαντα,
1617 5015 1732 5075 ἀντὶ
1772 5021 1863 5075 τοῦ
1955 5012 2110 5085 ἄηθες
2146 5009 2198 5071 δὲ
2234 5009 2327 5070 καὶ
2358 5009 2420 5069 τὸ
2447 5006 2761 5091 μετέπεμψα
2797 5006 2915 5066 ἀντὶ
2951 5013 3044 5068 τοῦ
3078 5004 3531 5089 μετεπεμψάμην.

298 5108 487 5168 πολλά.
513 5118 576 5167 V.

1959 5098 2263 5181 Εὐχαρίδης
2283 5096 2337 5158 δὲ
2358 5095 2524 5176 ὄνομα
2552 5094 2990 5179 σκοροδοπώλου.)
