3859 5725
365 265 476 313 208

1500 255 1871 316 SCHOLIA
1923 257 2013 316 IN
2067 258 2173 318 ΡΑ
2189 260 2232 321 C
2248 260 2389 320 ΕΜ.

443 400 561 440 1254.
603 378 863 462 συρμαίαν
892 381 1097 461 μετρεῖν
1133 402 1147 441 :
1178 384 1249 442 Οἱ
1274 383 1370 460 μὲν
1392 382 1589 451 ἀξιοῦσι
1616 383 1775 464 χυλὸν
1807 389 1903 464 βο·-
1990 386 2060 452 εἰς
2096 385 2323 464 πόλεμον
2363 391 2416 447 ἐν
2451 391 2518 468 τῇ
2558 389 2687 471 πρὸς
2730 387 2924 460 zatun<
2965 391 3135 473 μάχῃ·
3172 394 3284 454 ἔστι
3310 395 3366 455 δὲ
3403 396 3544 466 ἔθνος

359 466 519 538 τάνης
554 458 684 526 εἶναι
711 465 805 537 τὴν
831 466 1110 545 συρμαίαν,
1138 458 1175 546 ᾖ
1209 472 1439 547 χρῶνται
1470 469 1746 548 Αἰγύπτιοι
1777 470 1905 549 πρὸς

361 556 644 637 διάρροιαν,
673 553 802 619 τινὲς
834 552 888 613 δὲ
922 553 1010 612 τὸν
1037 556 1314 632 λεγόμενον
1353 556 1519 630 ζύθον,
1558 561 1627 625 ὡς
1653 557 1744 617 καὶ
1777 557 1904 643 φησὶ

358 643 598 721 Δίδυμος.
720 640 939 707 Ἄλλως.
961 641 1229 719 φαίνονται
1246 649 1338 702 τοῦ
1356 647 1519 722 χυλοῧ
1539 650 1630 715 τῆς
1648 644 1905 725 συρμαίας

305 755 332 792 5
358 730 523 787 πίνειν
560 730 608 786 οἱ
636 727 914 806 Αἰγύπτιοι
940 727 1068 807 πρὸς
1102 729 1389 810 διάρροιαν,
1427 734 1497 796 ὡς
1532 731 1772 809 Δίδυμος.
1803 730 1902 789 ἆλ-

360 816 521 893 μαίαν
546 819 603 874 ἐκ
630 815 921 896 ῥαφανίδων
952 816 1334 892 Αἰγυπτιακὴν,
1361 818 1490 898 πρὸς
1512 817 1762 899 κάθαρσιν
1790 821 1902 876 ἐπι-

356 903 574 974 τήδειον.

440 1011 558 1051 1258.
602 989 770 1058 λαὸάς
807 1010 821 1051 :
848 990 1076 1071 Ὠτάρια
1103 991 1209 1057 τοῖς
1243 989 1504 1071 κράνεσιν,
1538 989 1626 1051 ἵνα
1654 992 1904 1071 γένωνται

356 1078 523 1138 κάδοι.
541 1077 766 1137 δείκνυσι
786 1077 840 1137 δὲ
854 1078 922 1136 τὰ
934 1068 1046 1138 ὦτα
1071 1078 1229 1135 αὐτοῦ
1253 1083 1344 1136 καὶ
1370 1077 1482 1137 ἔστι
1506 1080 1900 1160 παρεπιγραφή.

283 1184 332 1223 ιο
440 1185 560 1224 1281.
602 1162 770 1242 τούτῳ
797 1164 847 1241 γ’
870 1163 973 1241 ἐγὼ
990 1164 1058 1221 τὰ
1078 1161 1273 1242 δόρατα
1297 1184 1313 1223 t
1338 1164 1578 1231 Ἀττικῶς
1603 1156 1716 1224 εἷπε
1737 1167 1904 1247 τούτῳ

355 1250 654 1328 ὠνήσομαι,
680 1248 794 1308 ἀντὶ
817 1256 907 1309 τοῦ
937 1249 1083 1329 παρὰ
1108 1250 1292 1309 τούτου
1319 1250 1611 1329 ὠνήσομαι.

436 1357 554 1398 1235.
595 1335 663 1396 τὰ
685 1342 789 1396 τῶν
813 1336 1146 1414 κεκλημένων
1175 1340 1246 1403 εἰς
1269 1339 1491 1397 δεῖπνον.
1520 1350 1580 1396 V.

436 1446 554 1485 12⁶7.
598 1423 710 1483 ἅττ’
740 1423 924 1504 ᾄσεται
952 1446 966 1483 t
997 1424 1076 1484 Τὸ
1105 1423 1248 1495 ἑξῆς,
1277 1426 1419 1483 δοκεῖ
1446 1424 1503 1483 δέ
1531 1449 1620 1502 μοι
1645 1423 1731 1484 ἵνα
1755 1428 1905 1508 δεῦρο

353 1510 762 1593 προοιμιάσηταί
784 1535 900 1569 τινα
931 1510 1064 1588 μέλη
1096 1503 1223 1592 ᾆσαι
1247 1511 1338 1571 καὶ
1363 1514 1769 1593 προμελετῆσαι.

281 1618 328 1657 15
437 1618 556 1659 1270.
598 1603 686 1656 ν’ῦν
712 1590 826 1656 αὖθ’
848 1596 1141 1678 ὁπλοτέρων
1165 1599 1367 1677 ἀνδρῶν
1397 1619 1410 1658 2
1449 1597 1616 1659 Οὐδὲν
1644 1598 1902 1660 ἀστειότε·

356 1710 441 1767 ρον
466 1691 560 1757 τῆς
582 1683 846 1765 εὑρέσεως.
872 1683 963 1744 δύο
980 1683 1080 1765 γὰρ
1106 1685 1256 1756 δῆθεν
1279 1683 1457 1757 ἵστησι
1477 1686 1661 1744 παιδία
1684 1686 1871 1767 ᾄδοντα
1886 1733 1901 1759 ,

352 1771 438 1831 ἵνα
467 1771 705 1853 ἀφορμὴν
734 1776 838 1851 σχῇ
867 1772 971 1838 τοῖς
1008 1772 1267 1852 πατράσιν
1298 1775 1466 1831 αὐτῶν
1493 1773 1773 1850 ὀνειδίσαι,
1813 1774 1902 1833 καὶ

353 1859 621 1918 διαὸαλεῖν
643 1857 730 1916 τὸν
756 1856 849 1935 μὲν
873 1861 943 1925 ὥς
964 1857 1315 1938 φιλοπόλεμον
1342 1858 1494 1932 ὄντα,
1523 1860 1611 1918 τὸν
1643 1857 1697 1918 δὲ
1724 1863 1793 1927 ὥς
1826 1860 1902 1941 ρί-

352 1950 571 2027 ψασπιν.
596 1948 800 2025 πρῶτον
828 1937 915 2003 οῧν
941 1945 1197 2016 πεποίηκε
1215 1946 1274 2004 τὸ
1296 1951 1387 2004 τοῦ
1408 1945 1758 2025 φιλοπολέμου
1778 1938 1899 2028 ᾆδον

273 2054 327 2096 20
350 2033 575 2106 παιδίον,
599 2032 690 2091 καὶ
710 2030 894 2091 θέασαι
915 2034 986 2098 ὡς
1007 2032 1279 2114 πρόσφορα
1305 2036 1447 2113 αὐτῷ
1466 2032 1741 2114 περιέθηκε
1763 2034 1900 2114 πρά-

350 2145 548 2201 γματα.
574 2118 714 2200 ἀρχὴ
742 2117 799 2177 δὲ
825 2122 926 2177 τῶν
950 2118 1240 2197 Ἐπιγόνων
1271 2120 1604 2199 Ἀντιμάχου.

432 2228 553 2268 1271.
596 2205 902 2286 ὁπλοτέρους
929 2226 943 2265 :
977 2206 1134 2286 Παρὰ
1156 2205 1216 2264 τὸ
1244 2205 1403 2265 ὅπλον
1428 2207 1621 2275 παίζει.

432 2314 549 2354 1283.
591 2292 773 2354 ἔκλυον
827 2312 840 2352 :
886 2289 1150 2364 Ἀπέλυον,
1193 2290 1412 2359 ἐξέλυον.
1458 2283 1571 2350 εἶτα
1611 2294 1665 2351 ἐν
1702 2292 1898 2361 ἐκθέσει

350 2382 521 2462 στίχοι
544 2380 782 2458 ἷαμὸικοὶ
812 2376 1075 2462 τρίμετροι
1104 2378 1461 2451 ἀκατάληκτοι
1491 2382 1557 2459 β.
1589 2414 1667 2425 --
1691 2371 1804 2439 εἶτα
1841 2382 1894 2438 ἐν

270 2494 323 2532 25
350 2467 564 2526 εἷσθέσει
588 2468 754 2526 ἐπικοὶ
778 2465 884 2526 δύο.
916 2482 976 2528 V.

430 2573 551 2613 1283.
595 2550 907 2632 θωρήσσοντ’
954 2571 968 2611 2
1009 2550 1145 2610 Ἀντὶ
1182 2557 1272 2611 τοῦ
1314 2550 1508 2625 ἔπινον,
1550 2552 1695 2632 παρὰ
1729 2552 1790 2611 τὸ
1825 2555 1897 2620 εἷς

346 2639 434 2699 τὸν
458 2637 670 2721 θώρακα
697 2637 923 2715 πέμπειν
947 2636 1035 2696 τὸν
1067 2628 1221 2697 οἶνον.

427 2725 642 2804 ἅσμενοι
679 2715 826 2803 οἶμαι
863 2743 878 2784 :
921 2722 1059 2805 Πρὸς
1093 2723 1152 2782 τὸ
1188 2724 1543 2803 πεπαυμένοι,
1573 2729 1631 2785 οὗ
1668 2726 1798 2807 πρὸς
1837 2727 1896 2787 τὸ

347 2814 693 2895 θωρήσσοντο.
721 2814 766 2872 εἰ
795 2811 868 2892 μὴ
897 2811 977 2870 ὅτι
999 2812 1291 2890 ὁμωνύμως
1326 2812 1687 2894 θωρήσσεσθαι
1717 2813 1893 2894 ἔλεγον

266 2924 320 2964 30
348 2901 519 2960 καὶτὸ
543 2900 708 2960 πίνειν
729 2897 876 2981 παρὰ
902 2899 989 2958 τὸν
1015 2897 1254 2981 θώρακα,
1291 2898 1371 2958 ὅτι
1398 2903 1451 2959 ἐν
1482 2903 1627 2982 αὐτῷ
1657 2901 1716 2961 τὸ
1744 2902 1895 2983 ὑγρὸν

344 2988 550 3067 λέγεται
574 2979 721 3048 εἶναι.

425 3095 544 3135 1238.
588 3066 699 3133 εἶτα
733 3076 784 3132 ἰν
803 3070 999 3132 ἐκθέσει
1027 3071 1194 3153 στίχοι
1217 3072 1455 3150 ἱαμὸικοὶ
1474 3073 1737 3157 τρίμετροι
1760 3079 1893 3135 ἀκα-

342 3160 594 3235 τάληκτοι
616 3160 688 3242 γ’.
712 3152 824 3219 εἶτα
848 3158 975 3226 ποὺς
997 3162 1264 3228 σπονδεῖος
1283 3160 1375 3219 καὶ
1397 3164 1450 3220 ἐν
1479 3163 1695 3222 εἰσθέσει
1723 3165 1893 3224 ἐπικοὶ

348 3250 421 3326 β’.
453 3247 544 3307 καὶ
580 3247 750 3328 στίχοι
786 3245 1022 3325 ἶαμὸικοὶ
1048 3246 1315 3328 τρίμετροι
1354 3248 1712 3322 ἀκατάληκτοι
1740 3252 1804 3310 δ’.
1834 3262 1892 3308 V.

266 3361 318 3400 215
344 3334 435 3394 καὶ
464 3336 684 3414 ἐλεγεῖον
715 3333 1018 3416 Ἀρχιλόχου
1052 3334 1143 3392 καὶ
1181 3334 1352 3413 στίχοι
1387 3335 1558 3395 ἑπικοὶ
1588 3341 1658 3414 β’.
1698 3373 1776 3382 -
1802 3338 1893 3397 καὶ

346 3426 516 3500 στίχοι
549 3419 785 3498 ἷαμὸικοὶ
821 3419 1159 3501 τετράμετροι
1185 3422 1562 3493 καταληκτικοὶ
1590 3424 1662 3501 β’.
1704 3423 1894 3502 ἴαμὸος

345 3506 579 3588 δίμετρος
608 3505 988 3579 ἀκατάληκτός.
1019 3517 1079 3563 V.

425 3615 543 3655 1290.
587 3593 848 3673 Λαμάχου
893 3614 906 3652 :
949 3596 1059 3652 Τοῦ
1111 3591 1193 3651 ἀεὶ
1248 3594 1562 3672 βουλομένου
1609 3594 1889 3676 μάχεσθαι.

344 3679 519 3749 ἔπαιξε
544 3678 597 3740 δὲ
621 3680 766 3760 παρὰ
792 3678 852 3738 τὸ
874 3679 1019 3746 τέλος
1046 3684 1138 3738 τοῦ
1166 3679 1424 3759 Λάμαχος
1448 3679 1716 3757 ὀνόματος.
1744 3682 1804 3741 τὸ
1837 3684 1893 3743 δὲ

266 3790 318 3830 40
344 3767 486 3827 αἷὸοἷ
508 3768 672 3846 γελῶν
694 3765 853 3845 λέγει.

426 3873 545 3914 1293.
590 3852 701 3913 ἐπεὶ
725 3849 1074 3930 μισοπόλεμος
1098 3855 1126 3910 ὁ
1155 3851 1482 3930 Κλεώνυμος.
1512 3852 1592 3912 ὅτι
1621 3854 1783 3922 δειλὸς
1802 3857 1891 3916 καὶ

345 3940 591 4023 ῥίψασπις
608 3945 637 3999 ὁ
660 3937 1001 4016 Κλεώνυμος,
1028 3938 1282 4006 πολλάκις
1310 3939 1606 4020 εἰρήκαμεν.
1631 3953 1691 3999 V.

424 4046 545 4087 1297.
587 4028 645 4085 οὗ
662 4024 934 4107 πράγματ’
957 4025 1129 4107 ᾅσειςτ
1153 4025 1321 4086 Οὐδὲν
1338 4031 1428 4097 τῆς
1447 4026 1707 4107 εἰρωνείας
1726 4027 1888 4100 ἥδιον·

341 4113 432 4172 καὶ
462 4113 563 4194 γὰρ
598 4117 669 4181 ὡς
696 4111 1101 4190 κιναιδιζόμενον
1141 4111 1227 4171 τὸν
1258 4112 1578 4191 Κλεώνυμον
1618 4118 1890 4197 κωμῳδεῖν

264 4220 314 4262 45
346 4199 606 4279 βούλεται.

423 4307 542 4348 1298.
589 4285 797 4365 [ἀσπίδι
820 4285 915 4364 μὲν
941 4283 1118 4346 Σαΐων
1146 4305 1160 4345 2
1187 4284 1497 4365 Ἀρχιλόχου
1522 4288 1632 4346 ἐστὶ
1655 4289 1716 4348 τὸ
1737 4289 1891 4348 δίστι-

337 4397 450 4454 χον.
488 4373 650 4440 οὕτως
685 4372 739 4433 δὲ
768 4373 967 4455 ἐγράφη
1003 4373 1089 4431 ἐπὶ
1115 4377 1181 4452 τῇ
1209 4373 1487 4454 ἀπορρίψει
1525 4379 1618 4446 τῆς
1654 4377 1886 4444 ἀσπίδος.

341 4461 643 4531 ἐπιτηδείως
689 4459 744 4518 δὲ
794 4461 884 4519 καὶ
941 4461 1160 4521 ἐνταῦθα
1201 4458 1328 4541 πρὸς
1369 4461 1620 4542 ῥίψασπιν
1665 4462 1884 4542 εἴρηται.

338 4545 558 4615 Ἄλλως.
591 4547 891 4628 Ἀρχίλοχος
917 4545 1138 4619 ποιητὴς
1161 4537 1224 4618 ἦν
1253 4547 1342 4604 καὶ
1371 4548 1573 4614 πάντας
1596 4548 1884 4609 διέὸαλλεν.

261 4655 310 4695 50
340 4635 451 4694 ὅθεν
479 4635 568 4693 καὶ
597 4635 854 4715 Πίνδαρος
891 4637 1135 4694 Πυθικῶν
1162 4634 1238 4712 [2,
1268 4635 1341 4712 90]
1381 4661 1405 4687 ι
1443 4626 1576 4693 εἶδον
1613 4636 1751 4695 κατὰ
1785 4637 1886 4717 γὰρ

342 4749 365 4774 α
382 4720 501 4789 ἑκὰς
513 4722 636 4781 ὄντα
648 4721 817 4794 πολλὴ
838 4720 1054 4803 ψογερὸν
1070 4721 1119 4780 Ἀ
1129 4744 1169 4801 ρ·
1198 4720 1371 4801 ίλοχον
1395 4722 1699 4801 βαρυλόγοις
1713 4722 1887 4802 ἔχθεσι

342 4837 366 4860 α
389 4809 735 4886 πιαινόμενον.
767 4837 791 4862 ι
891 4807 1108 4875 Ἄλλως.
1135 4830 1163 4866 ο
1196 4831 1279 4875 τος
1300 4811 1329 4866 ὁ
1356 4807 1656 4889 Ἀρχίλοχος
1676 4809 1883 4881 ἐξῆλθεν

1989 472 2221 553 Θρᾴκης·
2242 475 2333 534 καὶ
2353 475 2593 556 φοὸηθεὶς
2612 477 2768 560 ἔφυγε
2791 478 2943 561 ῥίψας
2966 483 3153 540 ἑαυτοῦ·
3173 481 3241 541 τὰ
3261 482 3416 545 ὅπλα.
3451 488 3541 545 αύ-

1986 558 2075 617 τὸιν
2102 551 2189 618 οὖν
2214 560 2512 621 διαὸάλλων
2537 563 2724 643 λέγει.]

2070 665 2191 705 1300.
2234 646 2440 705 πόσθων
2488 667 2502 708 :
2553 648 3013 730 Ὑποκοριζόμενοι
3055 652 3217 721 οὕτως
3259 654 3437 735 ἔλεγον
3473 656 3542 717 τὰ

1988 731 2190 791 παιδία.
2214 731 2248 804 ἢ
2271 731 2407 792 οὕτω
2440 733 2648 813 λέγεται
2691 743 2784 795 τοῦ
2816 739 3033 819 βρέφους
3058 738 3118 798 τὸ
3150 741 3360 805 αἰδοῖον.
3496 735 3541 804 ὦ
3569 764 3598 804 5

1991 819 2119 895 αἰσχ
2152 817 2197 878 έ.

2070 840 2150 971 εἰς
2176 904 2263 964 τὸν
2294 912 2484 966 σαυτοῦ
2513 906 2701 989 πατέρ’
2737 907 2874 990 ᾄδεις
2905 930 2919 970 2
2954 913 3048 978 Εἷς
3077 911 3166 971 τὸν
3202 914 3540 994 Κλεώνυμον,

1988 988 2068 1048 ὅτι
2092 989 2358 1072 ῥίψασπις.

2071 1096 2194 1139 1301.
2238 1078 2329 1137 καὶ
2351 1085 2507 1139 τοῦτο
2529 1080 2852 1161 Ἀρχίλοχος.

2073 1184 2191 1226 1305.
2235 1168 2369 1243 φλᾶν
2399 1185 2414 1226 :
2447 1167 2788 1227 Κατακαίειν.
2818 1171 2975 1242 δῆλον
2999 1169 3055 1230 δὲ
3075 1171 3156 1231 ὅτι
3182 1171 3251 1232 τὰ
3276 1175 3540 1253 πολεμικὰ
3570 1196 3620 1237 11

1988 1247 2022 1320 ἢ
2047 1250 2336 1331 συντρίὸειν
2359 1251 2449 1310 καὶ
2473 1257 2717 1335 γεωργεῖν
2740 1252 2775 1323 ἢ
2805 1254 3041 1335 τρώγειν.

2067 1335 2218 1404 κενὰς
2247 1337 2525 1420 παρέλκειν
2556 1362 2571 1400 :
2612 1340 2739 1399 Ἀπὸ
2771 1353 3069 1424 μεταφορᾶς
3094 1348 3196 1402 τῶν
3232 1345 3541 1426 ἐρεττόντων

1990 1419 2065 1499 μὴ
2094 1422 2398 1501 βαπτόντων
2424 1424 2520 1493 τὰς
2542 1424 2750 1500 κώπας,
2774 1428 2908 1487 ἀλλὰ
2931 1432 3007 1510 τῷ
3031 1432 3197 1490 δοκεῖν
3218 1432 3371 1501 κενὰς
3391 1458 3540 1515 περι-

1989 1509 2265 1590 φερόντων.
2308 1513 2725 1591 παρακελεύεται
2768 1515 2823 1574 δὲ
2861 1518 2967 1584 τοῖς
3008 1518 3093 1577 ἐπὶ
3124 1519 3330 1578 δεῖπνον
3355 1520 3540 1593 ἥκουσι

1987 1596 2233 1672 γενναίως
2258 1598 2463 1659 ἐσθίειν.
2702 1642 2713 1651 ·
3572 1625 3615 1664 11

2069 1703 2187 1743 1309.
2230 1683 2461 1764 σμώχετ’
2496 1707 2511 1747 :
2550 1688 2811 1762 Ἕσθίετε,
2850 1690 3072 1773 τρίὸετε·
3108 1692 3170 1752 τὸ
3203 1692 3304 1775 γὰρ
3335 1696 3540 1775 ἐκλαμ-

1986 1768 2195 1851 πρύνειν
2218 1773 2448 1851 σμώχειν
2473 1771 2700 1852 λέγεται.

2069 1878 2189 1918 1310.
2236 1857 2317 1917 ὅτι
2342 1860 2603 1940 παροιμία
2642 1860 2798 1920 ἐστίν.
2835 1862 2927 1921 καὶ
2955 1862 3117 1933 οὕτως
3153 1893 3177 1919 ει
3213 1865 3361 1926 οὐδὲν
3389 1867 3538 1949 ἔργον

1985 1943 2122 2002 ἐστὶν
2160 1946 2357 2026 ἀνδρῶν
2385 1948 2601 2020 λευκῶν,
2641 1946 2706 2019 ἢν
2731 1948 2807 2026 μή
2851 1973 2905 2008 τι
2940 1950 3030 2009 καὶ
3071 1951 3367 2032 μάχωνται.
3401 1981 3425 2007 »ι
3454 1954 3534 2014 ἔτι

1984 2027 2040 2088 δὲ
2062 2029 2221 2099 οὕτως
2252 2059 2274 2085 «ι
2300 2032 2445 2092 οὐδὲν
2467 2035 2665 2093 λευκῶν
2697 2036 2897 2117 ἀνδρῶν
2927 2036 3076 2119 ἔργον
3100 2042 3146 2099 εἰ
3176 2037 3252 2116 μὴ
3278 2062 3530 2102 σκυτοτο-
3558 2062 3616 2103 2ο

1985 2140 2120 2194 μειν.
2152 2145 2177 2170 ²>

2065 2224 2183 2264 1318.
2227 2205 2456 2286 κορωνίς.
2490 2206 2682 2266 εἰσίασι
2704 2207 2804 2288 γὰρ
2833 2212 2881 2267 01
2905 2209 3186 2291 ὑποκριταὶ
3212 2212 3304 2271 καὶ
3333 2213 3462 2272 εἰσὶν
3484 2218 3533 2274 οἱ
3637 2212 3642 2216 ’

1982 2295 2178 2372 πρῶτοι
2206 2294 2260 2350 ἐν
2284 2292 2550 2351 ἐπεκθέσει
2574 2293 2744 2373 στίχοι
2771 2296 3140 2356 ἀναπαιστικοὶ
3164 2298 3231 2358 δ’.

2064 2398 2182 2438 1319.
2229 2378 2587 2460 Ὑπέρὸολονε
2616 2382 2916 2462 Στρατηγὸς
2936 2385 3297 2464 φιλοπόλεμος.
3325 2386 3529 2469 εἴρηται

1982 2462 2037 2523 δὲ
2059 2466 2182 2546 παρ’
2207 2466 2469 2526 ὑπόνοιαν.
3560 2492 3615 2534 25

2065 2572 2186 2612 1320.
2232 2554 2390 2626 διπλῆ
2423 2553 2514 2615 καὶ
2542 2554 2595 2614 ἐν
2627 2552 2914 2616 ἐπεισθέσει
2944 2555 3184 2637 περίοδος
3224 2560 3534 2620 ἑπτακαιδε-

1980 2638 2238 2724 κάμετρος
2266 2644 2310 2701 θ’
2340 2642 2542 2717 κώλων,
2567 2641 2646 2702 ὅτι
2666 2642 2778 2722 ἔχει
2801 2643 3118 2722 μονόμετρον
3145 2642 3206 2703 τὸ
3231 2647 3294 2706 ε’.

2064 2749 2180 2789 1325.
2224 2728 2369 2809 παρὰ
2395 2728 2463 2789 τὰ
2500 2728 2745 2790 Ἡσιόδου
2786 2738 2899 2804 [Op.
2937 2738 3036 2803 232]
3069 2759 3091 2784 c«
3124 2735 3179 2790 αἱ
3214 2730 3270 2791 δὲ
3295 2733 3542 2811 γυναῖκες“

1979 2815 2259 2878 τίκτουσιν.
2293 2845 2316 2871 n
2351 2821 2504 2877 τοῦτο
2538 2815 2639 2899 γὰρ
2667 2817 2935 2899 εὐετηρίας
2972 2827 3207 2896 σημεῖον,
3245 2820 3306 2879 τὸ
3340 2819 3531 2879 τίκτειν

1980 2907 2246 2980 γυναῖκας.
2275 2907 2377 2962 τῶν
2405 2904 2507 2986 γὰρ
2535 2906 2735 2985 ἀνδρῶν
2758 2907 2813 2963 ἐν
2836 2905 3013 2987 εἰρήνῃ
3038 2905 3198 2965 ὄντων
3225 2910 3280 2965 αἱ
3299 2910 3535 2987 γυναῖκες
3560 2926 3616 2969 80

1981 2989 2453 3065 συλλαμὸάνονται.

2063 3096 2183 3136 1329.
2230 3077 2390 3147 διπλῆ
2428 3077 2520 3135 καὶ
2555 3076 2643 3135 ἐπὶ
2681 3076 2820 3135 τέλει
2849 3082 3265 3160 μονοστροφικῶν
3298 3080 3535 3162 περίοδος

1977 3162 2326 3221 πεντακώλων
2378 3163 2625 3223 Ἰωνικῶν
2681 3162 2829 3240 διμέτ
2888 3187 2934 3221 ιν
2981 3162 3071 3223 δύο
3115 3168 3534 3239 καταληκτικῶν,

1979 3253 2134 3330 τριῶν
2159 3248 2214 3308 δὲ
2241 3250 2777 3330 βραχυκαταλήκτων.
2805 3186 2919 3308 εἴα
2945 3252 2997 3309 ἐν
3022 3250 3309 3311 ἐπεισθέσει
3331 3260 3420 3314 τοῦ
3439 3275 3535 3333 χο-

1981 3341 2069 3415 ροῦ
2096 3334 2156 3393 τὸ
2180 3334 2308 3395 ἴσον.
2332 3335 2423 3395 καὶ
2450 3335 2608 3395 πάλιν
2636 3333 2704 3395 τὰ
2727 3336 2769 3393 ε’
2800 3341 2891 3395 τοῦ
2922 3338 3081 3395 αὐτοῦ
3105 3335 3295 3419 μέτρου
3322 3345 3414 3398 τοῦ
3437 3363 3530 3420 χο·
3560 3356 3615 3395 35

2040 3445 2088 3481 υ.

1981 3443 2181 3568 ρο1333.
2226 3509 2280 3566 ἐν
2316 3507 2515 3576 τούτοις
2542 3508 2781 3590 φέρονται
2808 3508 2947 3569 κατά
2974 3534 3118 3579 τινας
3155 3514 3531 3594 παραγραφαὶ,

1977 3591 2061 3651 ἵνα
2085 3598 2113 3651 ὁ
2139 3594 2293 3675 χορὸς
2321 3594 2420 3652 ἀνὰ
2445 3593 2598 3674 μέρος
2619 3594 2752 3653 αὐτὰ
2778 3594 2924 3674 λέγῃ.

2059 3700 2181 3741 1335.
2225 3681 2281 3739 ἔν
2302 3704 2437 3739 τισιν
2462 3684 2519 3740 οὗ
2551 3680 2761 3762 φέρεται
2787 3681 2874 3740 διὰ
2894 3680 2961 3740 τὰ
2990 3681 3174 3764 μέτρα.

2062 3787 2180 3826 1340.
2223 3767 2337 3826 ἀντὶ
2373 3765 2579 3845 ζεύγους
2606 3767 2838 3850 αἴρουσιν
2863 3768 3027 3840 αὐτὴν
3052 3773 3100 3829 οἱ
3127 3771 3373 3853 χορευταὶ
3402 3774 3528 3831 ἀνα·
3558 3786 3617 3825 ⁴0

1976 3853 2240 3922 λαὸόντες.

2059 3960 2179 4000 1314.
2224 3942 2452 3998 ἐντεῦθεν
2500 3941 2554 3998 ἐν
2593 3945 2701 4008 τοῖς
2745 3942 3076 4025 ἀντιγράφοις
3116 3946 3174 4002 οὔ
3218 3943 3431 4027 φέρεται
3470 3949 3530 4004 οὗ

1977 4025 2291 4084 πεντάκωλα
2322 4024 2613 4093 ἀκολούθως
2638 4030 2709 4094 ὥς
2735 4027 2945 4108 φέρεται
2971 4031 3062 4089 καὶ
3092 4032 3312 4089 ἐνταῦθα
3339 4031 3468 4092 ἐστί.

2062 4133 2182 4173 1345.
2226 4113 2497 4195 πράγματ’
2530 4134 2545 4174 :
2577 4113 2646 4172 τὰ
2671 4120 2763 4173 τοῦ
2786 4115 3020 4194 πολέμου
3050 4116 3308 4189 δηλονότι.

2059 4221 2176 4260 1343.
2219 4206 2583 4281 γεωργοῦντες.
3555 4231 3615 4269 ιε

2058 4308 2177 4348 1348.
2214 4288 2274 4346 τὸ
2322 4290 2512 4347 αἰδοῖον
2559 4287 2699 4369 λέγει
2738 4295 2829 4349 τοῦ
2871 4291 3120 4373 νυμφίου,
3158 4291 3393 4351 τουτέστι
3433 4297 3526 4351 τοῦ

1974 4372 2259 4455 Τρυγαίου.

2057 4481 2176 4521 1349.
2213 4459 2273 4518 τὸ
2295 4464 2390 4531 τῆς
2411 4459 2661 4542 Ὀπώρας
2679 4462 2871 4521 αἰδοῖον
2890 4462 3049 4540 λέγει·
3073 4463 3185 4542 ἅμα
3207 4466 3263 4524 δὲ
3286 4464 3529 4546 καὶπρὸς

1970 4549 2031 4608 τὸ
2052 4549 2217 4626 ὄνομα
2240 4552 2334 4620 τῆς
2357 4547 2607 4629 Ὀπώρας
2634 4547 2695 4608 τὸ
2718 4554 2872 4609 σῦκον
2895 4549 3052 4627 λέγει.

2056 4656 2177 4695 1333.
2223 4634 2306 4716 ὑφ’
2337 4634 2371 4693 ἃ
2398 4636 2611 4716 κορωνὶς
2636 4642 2726 4695 τοῦ
2759 4635 3035 4718 δράματος.
3066 4636 3204 4717 ὑμὴν
3233 4637 3437 4716 ὃμέναι’
3456 4628 3525 4701 ὦ.
3551 4657 3622 4722 ιο·

1972 4722 2132 4790 οὕτως
2156 4721 2488 4805 Ἡλιόδωρος.

2054 4831 2170 4870 1355.
2213 4809 2342 4890 πρὸς
2361 4810 2479 4878 τοὺς
2508 4809 2711 4877 θεατάς.

1340 5081 2548 5119 ψ
