3859 5725
1643 298 2016 373 EQUITUM.

3289 311 3406 365 408

282 429 654 509 Ἱπποδάμειος
680 430 869 512 τρόπος
893 433 1132 491 Aristot.
1163 428 1330 489 Polit.
1357 451 1413 502 7,
1447 452 1467 488 1
1487 451 1536 503 1,
1569 432 1603 507 §
1634 439 1689 501 4,
1713 429 1802 488 ed.
1888 429 2092 507 populi
2133 428 2453 489 dominatui
2501 431 2785 504 deditum,
2828 434 3007 510 magis
3049 436 3205 513 pacis
3238 456 3411 514 quam

283 522 485 591 Schn.,
516 541 686 597 quem
717 522 909 579 locum
939 518 1192 578 laudavit
1221 518 1545 576 Schneider.
1580 518 1651 576 ad
1678 521 1805 576 Xe·
1881 515 2019 575 belli
2064 518 2239 575 fuisse
2281 519 2599 578 studiosum
2648 519 2958 597 probatur,
2997 542 3069 580 ex
3118 521 3243 599 ejus
3278 524 3415 582 vita

283 607 462 686 noph.
491 613 562 666 Η.
590 614 692 667 Gr.
726 630 781 682 a,
815 617 872 681 4,
905 629 925 665 1
945 629 962 664 1
1001 630 1014 665 ε
1051 606 1214 664 liceat
1248 619 1435 664 tamen
1470 626 1704 664 monere
1744 606 1804 662 in

282 695 586 753 scholiasta
632 695 1029 774 Aristophanis
1060 693 1397 752 mutandum
1434 712 1556 750 esse
1594 691 1808 750 verbo—

285 803 414 840 rum
441 782 701 841 ordinem
725 784 973 841 fetenim
990 825 1007 854 ,
1039 795 1102 839 ut
1129 800 1281 838 nunc
1322 782 1622 856 leguntur,
1647 780 1806 837 facile

283 871 686 949 suspicareris»,
714 869 1217 947 Archeptolemum
1245 866 1319 925 ab
1347 869 1472 925 aliis
1497 869 1807 937 Milesium,

284 958 359 1016 ab
387 958 512 1016 aliis
541 958 823 1016 Thurium
851 957 1145 1036 appellari,
1175 975 1353 1034 quum
1381 956 1493 1013 1100
1523 956 1717 1033 potius
1740 954 1809 1012 de

286 1045 654 1123 Hippodamo
700 1045 1005 1104 dicendum
1055 1045 1159 1117 sit3
1209 1045 1400 1121 itaque
1445 1043 1632 1102 scribe
1680 1062 1810 1101 meo

284 1137 522 1194 Marte:
551 1131 944 1212 καρπούμενον·
970 1133 1059 1191 καὶ
1090 1134 1138 1191 οἱ
1174 1130 1270 1209 μὲν
1299 1131 1451 1189 αὐτόν
1491 1153 1637 1230 φασι
1664 1128 1811 1190 Θού-

289 1235 430 1292 ριον,
456 1214 504 1269 ot
532 1211 587 1271 δὲ
628 1212 923 1284 Μιλήσιον·
954 1211 1125 1271 λείπει
1166 1209 1222 1268 δὲ
1248 1214 1276 1268 ὁ
1298 1209 1579 1292 ὀφθαλμός.
1614 1208 1813 1276 Ἄλλως

293 1299 392 1377 ((10
414 1299 744 1376 conjectura
766 1300 956 1378 addo).
990 1303 1262 1372 λυπεῖται,
1286 1298 1462 1381 φησὶν,
1486 1301 1514 1356 ὁ
1537 1295 1815 1380 Ἀρχεπτό-

287 1387 477 1464 λεμος·
502 1379 651 1453 οὗτος
669 1385 772 1469 γὰρ
797 1385 969 1447 πολλὰ
992 1387 1235 1467 ὠφέλησε
1262 1386 1359 1459 τὴν
1381 1386 1552 1445 πόλιν·
1577 1386 1814 1451 Κλέωνος

291 1472 350 1533 δὲ
371 1473 553 1553 ἐχθρὸς
572 1466 655 1548 ἦν.
683 1473 883 1543 Ἄλλως
911 1488 1020 1534 etc.
1047 1480 1424 1534 Transeamus
1440 1473 1561 1551 jam
1583 1474 1655 1532 ad
1699 1479 1815 1531 Ar-

292 1560 746 1637 cheptolemum,
774 1582 945 1640 quem
972 1562 1066 1620 hic
1094 1563 1401 1638 significari
1429 1562 1578 1634 dixi,
1609 1574 1666 1618 et
1695 1559 1817 1636 jam

291 1651 479 1707 multo
505 1663 636 1709 ante
666 1652 887 1710 dixerat
915 1652 1303 1726 casaubonus,
1328 1651 1491 1728 cujus
1520 1652 1819 1710 adnotatio

293 1735 552 1814 alioquin
574 1758 692 1796 nou
719 1740 798 1797 ita
825 1740 1046 1817 optima
1073 1752 1176 1797 est.
1205 1746 1307 1800 Est
1333 1740 1487 1797 enim
1510 1739 1662 1797 idem
1700 1744 1817 1797 Ar-

294 1822 721 1900 cheptolemus,
766 1827 867 1903 qui
901 1840 1254 1885 memoratur
1281 1828 1340 1883 in
1379 1827 1485 1884 hac
1528 1825 1721 1884 fabula
1760 1844 1817 1882 v.

300 1930 436 1986 791,
463 1910 562 1969 ubi
595 1915 956 1990 Agoracritus
978 1915 1173 1973 Cleoni
1196 1915 1339 1972 vitio
1367 1915 1563 1986 vertit,
1585 1913 1821 1990 quod—-

299 1994 719 2077 Ἀρχεπτολέμου
747 2000 803 2061 δὲ
831 2001 1073 2082 φέροντος
1102 2001 1218 2072 Τὴν
1248 2001 1461 2083 εἰρήνην
1486 1999 1824 2070 ἐξεσκέδασας

296 2083 392 2150 τὰς
412 2086 691 2167 πρεσὸείας
711 2090 759 2146 τ’
790 2087 1096 2157 ἀπελαύνεις
1120 2089 1220 2148 Ἐκ
1245 2093 1340 2161 τῆς
1365 2088 1565 2155 πόλεως
1588 2092 1824 2168 ῥαθαπυ-

298 2169 488 2247 γίζων,
530 2174 589 2233 αἳ
635 2174 727 2241 τὰς
770 2176 997 2243 σπονδὰς
1040 2179 1447 2257 προκαλοῦνται.
1495 2176 1824 2235 Scholiastae

300 2277 483 2333 error,
512 2264 609 2338 qui
643 2263 716 2321 ad
741 2264 893 2322 hunc
920 2266 1111 2323 locum
1144 2277 1375 2342 poetam
1417 2276 1618 2322 contra
1651 2265 1827 2321 histo-

301 2347 449 2405 riam
470 2365 659 2409 censet
683 2352 1192 2430 Arcbeptolemum
1214 2353 1463 2430 legatum
1481 2353 1826 2423 nominasse,

301 2454 482 2513 quum
511 2437 571 2495 in
593 2457 660 2497 ea
685 2440 997 2516 legatione,
1025 2460 1153 2518 quae
1182 2452 1389 2499 octavo
1416 2438 1689 2516 (debebat
1716 2459 1828 2497 no-

302 2541 443 2579 num
495 2525 704 2603 dicere)
753 2526 891 2584 belli
936 2547 1088 2586 anno
1139 2527 1450 2604 superstite
1495 2526 1708 2586 Cleoue
1754 2525 1828 2585 ad

298 2629 519 2670 annuas
540 2614 800 2674 inducias
819 2616 1247 2693 componendas
1270 2616 1443 2673 missa
1471 2628 1610 2688 erat,
1638 2616 1828 2673 nullus

305 2699 705 2778 Hippodamus
724 2704 1071 2775 nominetur,
1096 2704 1171 2763 ab
1198 2704 1354 2776 aliis,
1385 2706 1539 2763 velut
1560 2724 1595 2762 a
1615 2706 1829 2763 Palme-

304 2787 426 2859 rio,
454 2802 685 2848 notatus
711 2791 832 2867 jam
874 2805 988 2863 est,
1038 2794 1137 2870 qui
1178 2793 1331 2851 idem
1364 2793 1676 2872 prudenter
1706 2813 1833 2851 mo-

304 2877 450 2947 nuit,
473 2878 535 2935 in
563 2897 631 2937 ea
663 2878 856 2938 fabula
879 2901 1007 2958 quae
1036 2881 1130 2940 Ol.
1162 2882 1236 2940 88
1255 2924 1271 2952 ,
1315 2889 1347 2949 4
1397 2881 1692 2951 doceatur,
1713 2900 1831 2937 non

305 2961 379 3019 de
400 2982 468 3020 00
489 2983 660 3041 posse
690 2967 972 3043 legatione
994 2967 1136 3039 dici,
1165 2988 1294 3044 quae
1331 2967 1422 3025 ol.
1458 2969 1533 3042 89
1570 2978 1834 3043 suscepta

307 3046 509 3122 fuerit,
529 3052 631 3110 sed
652 3054 1082 3133 intelligendum
1108 3074 1230 3113 esse
1257 3055 1411 3112 hunc
1440 3056 1629 3111 locum
1658 3053 1729 3110 de
1762 3053 1833 3110 iis

307 3137 467 3213 pacis
514 3140 972 3216 conditionibus,
1028 3162 1169 3220 quas
1210 3140 1627 3200 Lacedaemonii
1678 3160 1830 3197 anno

308 3225 575 3300 septimo·
588 3227 723 3285 belli
751 3228 843 3289 Ol.
873 3231 980 3302 88,
1008 3233 1072 3302 3,
1098 3242 1230 3288 ante
1254 3230 1457 3304 Pylum
1485 3226 1712 3305 penitus
1736 3247 1833 3285 00-

310 3323 472 3387 ptam
512 3314 764 3374 Athenas
790 3318 1079 3389 tulissent,
1109 3318 1292 3375 Thuc.
1325 3325 1387 3387 4,
1420 3314 1487 3372 1¹6
1512 3337 1526 3372 t
1556 3334 1697 3391 quas
1724 3314 1832 3372 etsi

307 3398 650 3461 lautissimas
674 3405 851 3463 Cleon
878 3405 1240 3482 potissimum
1268 3416 1471 3463 auctor
1506 3402 1612 3460 suit
1644 3401 1829 3471 Athe-—

306 3487 606 3562 aiensibus
631 3504 696 3549 ut
721 3493 1115 3569 repudiarent3
1157 3491 1256 3551 sed
1292 3490 1505 3550 erravit
1533 3490 1687 3546 idem
1710 3489 1834 3546 Pal-

307 3576 524 3634 merius
545 3578 617 3635 ad
638 3579 696 3637 h.
724 3581 761 3637 1.
783 3601 914 3639 011111
933 3581 1025 3653 iis,
1049 3580 1151 3657 qui
1176 3580 1301 3657 ejus
1318 3578 1715 3638 auctoritatem
1736 3596 1828 3635 se-

310 3676 587 3738 quuntur,
612 3667 892 3726 Hudsono
921 3681 978 3725 et
998 3670 1235 3727 Dukero
1254 3667 1325 3726 ad
1350 3665 1745 3742 Thucydidem
1777 3673 1831 3736 4,

316 3754 409 3823 16,
428 3752 478 3809 si
507 3772 581 3811 ex
600 3755 711 3813 boc
739 3755 1141 3833 Aristophanis
1169 3757 1301 3814 1000
1327 3754 1832 3831 Archeptolemum

310 3840 685 3915 coryphaeum
752 3844 1052 3920 legationis
1113 3843 1287 3901 fuisse
1346 3840 1623 3919 expiscati
1679 3851 1831 3899 sunt.

310 3926 569 4004 Quippe,
594 3932 695 4006 qui
724 3948 897 4008 supra
919 3935 1144 3989 summo
1176 3931 1332 3987 luctu
1360 3928 1437 3987 ob
1462 3928 1689 3987 Cleonis
1716 3927 1832 3984 im-

310 4013 649 4089 pudentiam
671 4030 729 4076 et
754 4018 965 4094 flagitia
989 4018 1228 4076 affectus
1256 4017 1487 4087 dicitur,
1515 4015 1837 4090 Archepto-

312 4100 523 4174 lemus,
569 4105 953 4181 Atheniensis,
997 4107 1153 4183 pacis
1198 4104 1487 4164 studiosus
1523 4115 1582 4161 et
1610 4102 1835 4162 Cleonis

310 4189 598 4263 inimicus,
622 4192 775 4251 idem
799 4193 950 4251 haud
971 4191 1149 4250 dubie
1170 4204 1258 4250 est
1286 4204 1456 4268 atque
1477 4189 1545 4261 is,
1566 4189 1657 4247 cui
1683 4206 1834 4247 nunc

311 4278 491 4338 Cleon
508 4280 756 4337 maxime
774 4280 1058 4339 adversari
1080 4279 1337 4338 traditur.
1355 4283 1550 4354 Neque
1567 4275 1832 4352 injuriam

312 4385 407 4425 me
434 4379 581 4443 puto
606 4369 888 4426 sermonis
929 4368 1061 4425 usui
1105 4367 1418 4437 facturum,
1450 4366 1500 4423 si
1538 4362 1708 4444 φέριιν
1725 4363 1831 4436 ’τὴν

313 4454 524 4537 εἰρήνην
564 4455 634 4514 (10
668 4475 740 4514 00
780 4457 1121 4533 intelligam,
1149 4456 1251 4532 qui
1293 4454 1633 4530 legationem
1661 4457 1835 4511 Lace-

312 4543 730 4602 daemoniorum
770 4545 831 4601 111
871 4544 1209 4606 concionem
1252 4540 1666 4610 introduxerit,
1706 4558 1830 4597 eam

314 4650 629 4708 pacemque
653 4631 727 4690 ab
749 4651 816 4689 ea
835 4630 1059 4689 allatam
1082 4628 1309 4687 civibus
1328 4628 1447 4686 suis
1467 4625 1833 4685 commenda·-

311 4719 481 4776 verit.
521 4720 921 4777 Certissimum
972 4731 1166 4776 autem
1225 4727 1623 4793 argumentum
1640 4757 1657 4785 ,
1712 4733 1831 4791 quo

311 4805 595 4883 probatur
661 4806 1164 4882 Archeptolemum
1226 4802 1581 4881 Hippodami
1651 4801 1831 4859 filium

313 4904 563 4971 utroque
604 4895 735 4951 loco
779 4891 1211 4969 intelligendum
1259 4910 1415 4960 esse,
1460 4888 1519 4946 id
1558 4901 1671 4959 est,
1715 4908 1832 4965 quo

314 4982 470 5041 1111110
495 4984 722 5042 Cleonis
745 4983 977 5042 furiosis
1001 4994 1061 5041 et
1089 4980 1432 5039 turbulentis
1455 4977 1831 5037 concionibus

309 5079 542 5152 semper
576 5091 638 5130 se
678 5070 1038 5148 opposuisse,
1086 5070 1268 5147 magis
1308 5086 1622 5146 paucorum
1660 5085 1830 5143 quam

1883 605 1995 662 line
2036 605 2285 663 ducitur,
2330 606 2557 664 Etenim
2609 606 2706 664 hic
2735 608 3251 686 Archeptolemus,
3291 613 3413 689 qui,
3485 649 3492 654 —

1885 692 2149 750 instituto
2212 692 2762 770 quadringentorum
2823 695 3085 754 virorum
3136 699 3414 776 imperio,

1885 799 2018 837 cum
2042 780 2395 857 Antiphonte
2424 793 2481 839 et
2501 782 2810 839 Onomacle
2846 802 2971 841 eam
2994 787 3249 862 suscepit
3270 788 3417 863 lega-

1889 867 2124 938 tionem,
2145 866 2305 943 cujus
2326 871 2678 927 mentionem
2696 869 2831 927 facit
2848 870 3210 947 Thucydides
3230 875 3287 944 8,
3311 894 3414 945 71:

1886 953 2217 1030 ἐκπέμπουσι
2245 956 2333 1014 καὶ
2384 957 2436 1023 ἐς
2461 954 2591 1028 τὴν
2617 954 2989 1033 Λακεδαίμονα
3029 958 3270 1038 πρέσὸεις
3301 959 3421 1041 περὶ

1888 1040 2222 1119 ξυμὸοίσεως,
2253 1041 2557 1121 βουλόμενοι
2584 1043 2948 1121 διαλλαγῆναι.
2966 1046 3424 1125 Pseudoplular-

1890 1131 2073 1188 chus
2058 1150 2118 1188 111
2142 1131 2273 1188 Vita
2313 1132 2684 1209 Antiphontis
2715 1152 2788 1190 ex
2819 1133 3047 1191 Caecilio
3090 1134 3424 1212 psephisma

1889 1217 2062 1275 nobis
2084 1219 2360 1290 servavit,
2409 1239 2524 1297 quo
2566 1231 2841 1297 uterque,
2885 1221 3190 1299 Antiphon
3213 1235 3271 1280 et
3297 1223 3418 1282 Ar-

1892 1305 2311 1382 cheptolemus,
2333 1308 2601 1365 restituto
2628 1308 2892 1384 populari
2917 1309 3165 1386 imperio
3189 1311 3248 1369 in
3262 1308 3427 1386 judi-

1891 1392 2046 1450 cium
2091 1392 2476 1466 vocabantur,
2522 1412 2765 1470 eamque
2823 1413 3074 1470 poenam,
3122 1396 3194 1453 ad
3250 1414 3426 1473 quam

1893 1479 2261 1537 condemnati
2290 1493 2475 1538 sunt:
2525 1481 2584 1537 in
2629 1479 2888 1561 καταδίκῃ
2930 1480 3142 1540 diserte
3185 1484 3425 1561 legitur:

1898 1566 2188 1647 Προδοσίας
2222 1556 2394 1648 ωφλον
2424 1567 2837 1649 Ἀρχεπτόλεμος
2871 1567 3202 1646 Ἱπποδάμου
3237 1566 3429 1650 Ἀγρύ-

1895 1654 2077 1722 ληθεν·
2106 1654 2164 1710 111
2193 1655 2320 1731 ipso
2352 1655 2738 1732 psephismate
2765 1668 2823 1713 et
2846 1657 3098 1715 catadice
3129 1670 3262 1735 post
3287 1662 3429 1731 Tay-

1896 1738 2026 1811 lori,
2055 1739 2173 1796 vit.
2200 1744 2330 1815 LyS.
2356 1741 2471 1798 vol.
2504 1744 2560 1812 6,
2601 1762 2659 1819 p.
2703 1762 2812 1798 120
2844 1743 2933 1800 ed.
2968 1745 3186 1817 Reisk„
3218 1744 3430 1803 Ruhn-

1897 1826 2187 1898 kenii,Vit.
2207 1828 2446 1905 Antiph.
2467 1849 2522 1905 p.
2544 1837 2615 1897 24
2629 1849 2653 1886 1
2678 1829 2736 1886 in
2755 1830 3054 1908 Opuscul.,
3073 1831 3434 1914 aliorumque

1900 1927 2167 1986 conatus,
2236 1928 2632 1973 remanserunt
2702 1929 2892 1974 tamen
2980 1919 3255 1978 nonnulla
3333 1937 3436 1981 aut

1900 2001 2251 2060 emendanda
2275 2014 2374 2060 aut
2405 2003 2778 2080 explicanda:
2807 2005 2938 2081 ipso
2981 2005 3148 2063 initio
3181 2008 3294 2068 nisi
3318 2022 3436 2068 sta-

1902 2100 2029 2146 tuas
2072 2088 2352 2147 excidisse
2392 2088 2610 2155 Αἰαντις
2650 2090 2761 2162 (vel
2807 2090 2920 2149 alia
2927 2091 3235 2197 uquaelibet
3272 2093 3436 2176 φυλὴ)

1901 2174 2363 2255 πρώτη-δεκάτη
2395 2176 2709 2258 ἐπρυτάνευε
2737 2191 2871 2255 post
2897 2181 2963 2257 τῇ
3013 2180 3205 2259 βουλῇ,
3234 2183 3432 2261 legen·

1904 2262 2044 2320 dum
2064 2263 2278 2321 suadeo
2297 2281 2405 2341 pro
2423 2267 2517 2333 τῆς
2533 2265 2842 2343 πρυτανείας
2861 2285 3167 2326 numerum
3186 2268 3435 2349 aliquem

1904 2347 2220 2408 ordinalem
2265 2348 2496 2431 πρώτης,
2537 2351 2716 2434 τρίτης
2754 2352 3204 2426 010.-δεκοίτης;
3232 2376 3435 2435 quem,

1905 2439 2118 2498 nescio.
2146 2444 2390 2516 Legatos
2414 2440 2522 2497 hos
2557 2440 2785 2498 infectis
2819 2440 2991 2500 rebus
3022 2443 3437 2505 Lacedaemone

1907 2525 2168 2598 rediisse,
2192 2539 2395 2585 auctor
2422 2539 2507 2585 est
2529 2527 2790 2603 Thucyd
2827 2527 2884 2599 8,
2907 2548 2977 2603 91
3029 2552 3042 2586 z
3097 2530 3277 2602 ἐπειδὴ
3307 2534 3354 2591 οἱ
3379 2535 3439 2592 ἐκ

1905 2617 1999 2685 τ’ῆς
2035 2613 2426 2693 Λακεδαίμονος
2463 2612 2711 2693 πρέσὸεις
2741 2612 2887 2674 οὐδὲν
2916 2613 3207 2696 πράξαντες
3234 2619 3441 2700 ἀνεχώ-

1910 2723 2076 2782 ρησαν
2097 2710 2205 2766 τοῖς
2230 2699 2467 2778 ξυμπασι
2494 2700 2845 2780 ξυμὸατικόν,
2872 2723 3047 2780 quem
3079 2705 3293 2779 locum,
3325 2720 3439 2766 tam

1910 2791 2010 2867 qui
2040 2790 2357 2848 scholiastae
2379 2791 2722 2849 auctoritate
2761 2792 3264 2869 interpretantur«
3239 2796 3441 2854 «nulla

1909 2880 2178 2956 pactione
2225 2899 2357 2937 cum
2405 2879 2686 2937 universis
2740 2879 3188 2938 Lacedaemoniis
3239 2882 3391 2941 facta
3416 2909 3439 2935 a

1910 2964 2034 3043 (qui
2062 2984 2259 3024 sensus
2285 2984 2472 3042 neque
2498 2984 2567 3022 ex
2601 2964 2796 3024 verbis
2827 2966 2956 3024 elici
3001 2977 3193 3042 potest
3210 3010 3227 3039 ,
3251 2987 3441 3046 neque

1912 3052 2084 3110 rebus
2104 3066 2190 3110 est
2208 3065 2395 3128 aptus,
2407 3072 2583 3129 quum
2603 3072 2717 3128 pax
2738 3053 2890 3110 inter
2901 3051 3156 3127 singulos
3176 3052 3441 3114 hominen

1912 3139 2070 3197 nulla
2094 3140 2213 3215 sit),
2244 3160 2415 3217 quam
2440 3140 2541 3216 qui
2565 3147 2674 3205 τοῖς
2715 3137 2948 3217 ξύμπασι
2974 3137 3280 3198 delendum
3324 3162 3443 3220 pu-
3499 3192 3510 3201 .

1915 3240 2038 3285 tant
2074 3240 2173 3285 aut
2201 3225 2632 3304 intelligendum
2676 3245 2800 3284 esse
2834 3253 2858 3277 «ι
2889 3226 3091 3304 plane,
3122 3229 3398 3303 omnino,
3417 3257 3442 3282 η

1914 3327 2138 3373 errant:
2164 3313 2308 3372 οὐδὲν
2352 3310 2638 3392 πράξαντες
2675 3320 2784 3378 τοῖς
2818 3311 3054 3390 ξύμπασι
3081 3307 3439 3390 ξυμδατικόν,

1915 3402 1977 3461 11.
2003 3422 2051 3460 0.
2084 3421 2264 3480 quum
2287 3400 2432 3458 nihil
2454 3399 2857 3472 confecissent,
2887 3401 3045 3479 quod
3071 3403 3340 3464 omnibus
3361 3425 3442 3469 sc.

1918 3491 2366 3551 Atheniensibus
2392 3502 2539 3548 esset
2567 3486 2906 3568 ξυμὸατικὸν,
2944 3493 3044 3551 sed
3081 3514 3211 3573 quae
3243 3497 3447 3554 conffl-

1917 3591 2121 3637 cerunt
2174 3590 2339 3636 erant
2379 3577 2806 3654 quadringentis
2835 3578 3072 3655 quidem
3119 3582 3298 3656 utilia,
3340 3584 3445 3645 sed

1916 3686 2037 3724 non
2068 3668 2208 3725 item
2252 3665 2425 3743 plebi.
2452 3664 2740 3723 Discimus
2777 3678 2968 3724 autem
2993 3687 3066 3726 ex
3103 3669 3216 3728 hoc
3244 3682 3445 3732 nostro

1919 3754 2334 3832 psephismate,
2385 3752 2601 3827 legatos
2653 3753 3032 3814 Athenienses
3073 3775 3147 3815 ex
3187 3759 3445 3816 exercitu

1917 3843 2129 3914 hostili,
2159 3841 2214 3898 h.
2234 3860 2285 3898 e.
2315 3858 2388 3896 ex
2407 3840 2584 3897 classe
2602 3840 2699 3897 illa
2721 3840 2963 3899 duarum
2996 3856 3053 3902 et
3071 3844 3447 3923 quadraginta

1918 3929 2151 3986 navium
2178 3926 2827 4003 Peloponnesiacarum,
2857 3948 2986 4006 quae
3024 3931 3085 3986 in
3125 3948 3228 3988 ora
3257 3935 3443 3990 Laco-

1916 4016 2048 4073 nica
2073 4014 2380 4072 stationem
2422 4012 2670 4071 habebat
2708 4027 2767 4072 et
2795 4015 2857 4073 in
2896 4015 3173 4074 Euboeam
3208 4018 3446 4095 naviga-

1918 4104 2133 4161 tionem
2159 4100 2429 4179 parabat,
2456 4101 2749 4177 profectos
2773 4121 2895 4161 esse
2930 4102 3126 4161 hostili
3148 4104 3311 4176 navi,
3332 4124 3444 4182 apu

1918 4193 2113 4268 pulsos
2155 4208 2300 4247 vcro*
2335 4188 2530 4247 Attico
2568 4189 2753 4247 littori
2783 4209 2886 4266 per
2918 4191 3244 4261 Deceleam,
3286 4192 3444 4268 quod

1917 4278 2212 4337 castellum
2257 4277 2393 4352 Agis
2461 4290 2580 4334 tum
2635 4278 2938 4348 tenuisset,
2993 4290 3142 4336 terra
3188 4278 3444 4338 Athenas

1915 4366 2127 4424 ivisse-z
2153 4366 2214 4423 in
2247 4362 2505 4442 καταδίκῃ
2533 4364 2663 4441 ipsa
2702 4383 2810 4441 pro
2837 4366 2911 4441 τῷ
2942 4362 2998 4422 δὲ
3028 4364 3291 4445 δημάρχῳ
3316 4366 3448 4423 ἀπο·

1916 4457 2077 4534 φῆναι
2117 4453 2166 4511 τ’
2207 4449 2373 4509 οἰκίαν
2411 4453 2465 4517 ἐς
2497 4450 2586 4509 τὸν
2624 4452 2747 4529 lege
2781 4448 2857 4509 τὼ
2896 4450 2952 4509 δὲ
2998 4452 3258 4533 δημάρχω
3289 4454 3441 4530 (uam

1917 4542 2064 4600 duos
2089 4542 2424 4600 demarchos
2439 4536 2586 4617 opus
2603 4539 2774 4609 fuisse
2792 4552 2969 4617 patet,
2988 4559 3168 4618 quum
3189 4542 3443 4621 Antipho

1916 4628 2314 4700 Rhamnusius,
2343 4627 2816 4704 Archeptolemus
2840 4637 3029 4686 autem
3054 4629 3329 4705 Agryleus
3349 4648 3444 4687 cs-

1916 4715 2042 4795 set),
2072 4718 2335 4795 ἄποφῆναι
2361 4713 2454 4782 τὰς
2475 4714 2652 4779 οὐσίας
2670 4714 2812 4791 [11110
2831 4711 2907 4772 τὼ
2939 4713 3080 4773 οἰκία
3132 4734 3204 4773 ex
3247 4716 3396 4774 codd
3402 4716 3443 4793 .]

1917 4806 2106 4862 αὐτῶν.
2157 4804 2355 4861 Redeo
2392 4803 2465 4861 ad
2523 4803 2700 4860 schol.
2755 4799 3152 4880 Aristophanis
3196 4823 3339 4879 791,
3381 4803 3440 4860 in

1916 4911 2034 4968 quo
2057 4891 2294 4949 nomina
2324 4892 2637 4967 legatorum
2665 4889 2893 4948 restitui
2916 4902 3161 4968 possunt
3182 4908 3253 4948 ex
3280 4890 3444 4949 Thu-

1918 4978 2126 5054 cydide
2159 4988 2228 5049 4,
2259 4998 2396 5052 119,
2434 4990 2556 5036 tum
2598 4990 2822 5049 autem,
2868 4991 3089 5037 mutato
3126 4976 3439 5053 verborum

1919 5065 2126 5125 ordine
2162 5065 2245 5123 ita
2270 5064 2424 5142 lege,
2453 5063 2729 5142 Τολμαίου
2748 5087 2761 5100 ·
2787 5062 2879 5122 καὶ
2917 5062 3079 5130 οὕτως
3116 5068 3149 5136 ἠ
3190 5061 3441 5145 πρισὸεία

3237 5169 3317 5215 2⁶.
