3859 5725
299 218 412 274 uo

294 332 397 423 ᾧτι
438 342 713 424 διαδρᾶσαι
751 338 841 400 τὸν
878 337 1152 400 Κύκλωπα
1170 382 1188 415 ‚
1218 333 1307 396 ὅτε
1332 336 1402 395 τὰ
1436 334 1679 416 πρόὸατα
1708 334 1855 415 ἐξῆγε

293 434 384 489 τοῦ
429 427 719 501 σπηλαίου,
757 425 1113 509 ἐφαπτόμενος
1145 427 1317 484 αὐτῶν
1355 428 1449 495 τῆς
1480 423 1682 506 ῥάχεως
1728 424 1857 506 πρὸς

292 521 360 596 τῇ
383 514 514 598 θύρᾳ
539 521 632 576 τοῦ
655 513 914 586 σπηλαίου
937 511 1258 589 καθήμενος,
1278 510 1363 570 ἵνα
1384 509 1460 589 μὴ
1479 509 1652 569 λαθὼν
1676 509 1853 589 ἐξέλθῃ

293 602 503 664 κύπτων
532 609 561 664 6
588 601 918 673 Ὀδυσσεύς.]
959 605 1109 659 τοῦτο
1130 598 1186 657 δὲ
1215 596 1388 657 λαθὼν
1422 596 1661 671 ἐποίησεν
1699 602 1729 657 6
1761 597 1855 676 γε’-

241 713 267 751 5
297 713 416 772 ρων.
442 689 522 749 διὸ
543 689 670 768 πρὸς
696 685 1043 770 βαρυνόμενόν
1063 709 1192 768 φησι
1212 685 1300 744 τὸν
1323 684 1453 744 ὄνον.

371 777 574 844 κάνθων
603 804 620 844 ε
645 781 1087 864 Ὑποκοριστικῶς
1110 785 1139 840 6
1166 779 1294 847 ὄνος.
1328 791 1455 841 Vict.

376 869 471 940 ⁶184.
518 877 697 957 (Οὖτις
735 875 798 949 νὴ
828 875 930 938 Δία
964 897 979 937 :
1023 874 1154 937 Ὅτι
1180 875 1272 934 καὶ
1310 879 1341 934 6
1369 874 1656 943 Ὀδυσσεὺς
1696 872 1856 941 Οὖτις

292 967 418 1048 παρ’
438 965 664 1046 Ὁμήρῳ
690 965 963 1042 ἐκαλεῖτο.)
1002 965 1015 978 '

376 1082 470 1121 185.
515 1059 645 1139 (ἀπὸ
664 1058 1028 1140 Δρασιππίδου
1047 1079 1062 1120 t
1082 1057 1339 1119 Πέπλακε
1361 1058 1422 1117 τὸ
1444 1057 1610 1136 ὄνομα
1635 1056 1742 1116 ἀπὸ
1765 1061 1852 1115 τοῦ

218 1164 270 1203 10
294 1149 617 1228 ἄποδρᾶσαι,
640 1146 819 1228 ὥσπερ
846 1145 951 1205 ἀπὸ
980 1149 1172 1228 φυλῆς,
1199 1143 1234 1217 ἢ
1263 1146 1370 1205 ἀπὸ
1395 1145 1574 1225 γένους
1600 1145 1851 1227 φάσκων.)

376 1263 471 1304 1⁸8.
512 1240 579 1301 ἵν’
610 1262 623 1302 :
650 1242 802 1304 ὅπου.
826 1253 882 1301 Β.
906 1241 1222 1321 (ἰνδάλλεται
1246 1262 1261 1302 :
1283 1241 1543 1303 Φαίνεταί
1567 1264 1657 1319 μοι
1681 1240 1856 1317 ὅμοιος

295 1323 428 1392 εἶναι
458 1327 622 1411 πώλῳ
657 1332 937 1411 κλητῆρος.
1062 1329 1300 1407 Ἄλλως.)
1331 1332 1379 1389 οἱ
1407 1328 1510 1411 γὰρ
1540 1332 1707 1389 πῶλοι
1731 1333 1856 1389 ὑπο-

295 1417 501 1478 δύνουσι
525 1416 619 1484 τὰς
642 1419 872 1497 μητέρας
891 1417 981 1475 καὶ
1014 1416 1345 1489 θηλάζουσιν.

374 1514 509 1592 (189).
539 1510 723 1592 πωλίῳ
748 1531 764 1570 :
789 1510 925 1571 Ἀντὶ
942 1516 1033 1570 τοῦ
1062 1510 1209 1584 ὄνου,
1241 1509 1276 1582 ἢ
1310 1508 1529 1587 ἡμιόνου
1550 1557 1567 1590 ,
1600 1514 1857 1593 κλητῆρος

218 1614 268 1652 ¹⁶
295 1594 439 1660 εἶπεν
480 1602 551 1667 εἰς
574 1598 960 1681 φιλοδικαστήν.
1055 1598 1169 1657 ἀντὶ
1198 1605 1291 1659 τοῦ
1317 1597 1482 1680 πώλῳ
1515 1604 1854 1678 ὑποκοριστι-

293 1692 416 1756 κῶς.
465 1689 742 1772 [κλητῆρες
786 1684 841 1744 δὲ
886 1688 934 1745 οἱ
997 1687 1274 1753 καλοῦντες
1302 1689 1375 1754 εἰς
1408 1686 1470 1745 τὸ
1519 1686 1854 1768 δικαστήριον

292 1775 509 1843 πάντας.
536 1773 781 1853 σημαίνει
818 1772 874 1833 δὲ
899 1778 934 1844 ἡ
966 1772 1101 1841 λέξις
1132 1772 1337 1832 καὶτὸν
1368 1772 1657 1855 μάρτυρα.]

375 1891 474 1931 190.
520 1870 718 1950 ἥσυχον
747 1890 762 1930 :
793 1866 944 1928 Ἄνευ
968 1866 1211 1948 θορύὸου.
1253 1878 1383 1926 Vicc.

376 1979 467 2019 191.
511 1955 631 2038 περὶ
648 1957 764 2016 ὄνου
788 1965 937 2023 σκιᾶς
962 1976 978 2015 t
1004 1953 1276 2035 Παροιμία
1299 1954 1387 2013 ἐπὶ
1419 1958 1523 2014 τῶν
1547 1956 1667 2038 περὶ
1692 1958 1854 2036 μηδε-

210 2066 265 2106 20
291 2045 376 2113 νὸς
396 2045 660 2126 χρησίμου
680 2042 1147 2126 φιλοτιμουμένων.
1168 2053 1226 2100 R.
1245 2043 1502 2124 παροιμία
1521 2042 1609 2117 ἴση
1638 2049 1714 2126 τῷ
1732 2046 1853 2128 περὶ

292 2132 528 2210 μηδενός.
570 2133 660 2192 καὶ
689 2130 1041 2209 Δημοσθένης.
1071 2142 1134 2189 V.
1169 2131 1443 2212 (παροιμία
1471 2132 1610 2192 ἐστὶν
1635 2135 1723 2192 ἐπὶ
1748 2140 1851 2194 τῶν

288 2216 359 2279 τὰ
385 2220 579 2292 ἀνόητα
600 2217 1020 2301 φιλονεικούντων
1034 2261 1050 2290 ,
1074 2217 1139 2289 ἣν
1160 2217 1444 2296 μετήνεγκε
1463 2224 1554 2277 νῦν
1572 2223 1601 2277 6
1622 2221 1853 2300 πρεσὸύ-

290 2330 401 2378 της.
424 2306 534 2366 ἔστι
562 2304 618 2364 δὲ
637 2305 741 2365 άπὸ
763 2303 1007 2377 τοιαύτης
1030 2304 1213 2373 αἰτίας.
1242 2304 1370 2387 φασί
1391 2328 1517 2365 ποτε
1544 2308 1596 2365 ἕν
1618 2306 1852 2379 Ἀθήναις

291 2394 408 2453 τινὰ
432 2392 681 2466 δεηθέντα
721 2393 975 2464 ὀνηλάτου
1007 2392 1370 2470 μισθώσασθαι
1407 2392 1521 2452 ὄνον
1552 2393 1639 2453 ἐπὶ
1665 2399 1740 2475 τῷ
1784 2395 1852 2454 τὰ

210 2505 263 2545 25
294 2481 479 2563 φορτία
512 2480 667 2558 μόνον
705 2479 969 2561 βαστάσαι
998 2479 1086 2540 ἐπὶ
1113 2479 1181 2539 τὰ
1211 2478 1455 2559 Μέγαρα.
1492 2479 1581 2539 καὶ
1620 2481 1683 2553 δὴ
1713 2482 1850 2542 οὕτω

290 2569 441 2639 δόξαν
465 2572 667 2647 αὐτοῖς,
691 2567 948 2635 ἐπιθέντες
969 2566 1036 2627 τὰ
1058 2568 1244 2650 φορτία
1275 2566 1483 2628 ὥδευον.
1517 2569 1852 2650 μεσημὸρίας

291 2656 344 2717 δὲ
367 2657 644 2737 γενομένης
668 2658 882 2716 καὶτῶν
909 2654 1011 2715 ὑπὸ
1034 2657 1165 2715 κύνα
1189 2654 1475 2734 καυμάτων
1495 2657 1730 2738 σφοδρῶς
1750 2661 1850 2717 αὗ-

232 2772 240 2797 1
286 2746 394 2812 τοῖς
427 2744 784 2821 ἐπικειμένων,
820 2745 919 2823 οὐχ
949 2743 1269 2823 εὑρίσκοντες
1292 2741 1511 2816 σκέπην,
1548 2746 1756 2804 καθεῖλε
1782 2746 1850 2805 τὰ

290 2831 476 2915 φορτία
506 2832 613 2891 ἀπὸ
633 2836 723 2891 τοῦ
752 2831 868 2891 ὄνου
892 2835 920 2890 6
950 2830 1204 2904 δεσπότης
1237 2832 1431 2905 αὐτῶν,
1463 2830 1554 2891 καὶ
1584 2831 1649 2891 δι’
1679 2828 1849 2894 αὐτῶν

208 2938 266 2980 ³0
291 2924 459 3002 ἑαυτῷ
487 2919 637 2980 σκιὰν
684 2918 914 2991 ἐποίησε.
957 2918 1091 3000 ’πρὸς
1129 2918 1158 2978 δ
1191 2918 1489 2998 μαχόμενος
1532 2923 1561 2978 6
1591 2921 1850 2995 ὀνηλάτης

288 3006 459 3085 ἔλεγεν
490 3007 602 3067 ὄνον
637 3006 1026 3085 μεμισθωκέναι
1065 3007 1153 3066 ἐπὶ
1196 3010 1274 3088 τῷ
1314 3006 1499 3088 φορτία
1553 3007 1744 3089 φέρειν,
1788 3013 1847 3069 οὗ

288 3095 439 3154 σκιὰν
465 3094 727 3176 παρέξειν.
759 3098 787 3153 6
816 3094 871 3153 δὲ
909 3094 1054 3173 ἔλεγε
1083 3098 1478 3173 μεμισθῶσθαι,
1505 3093 1645 3163 ὅπως
1678 3094 1740 3156 ἂν
1779 3102 1849 3165 ὣς

290 3182 529 3261 βούλοιτο
563 3186 758 3263 χρῷτο.
798 3185 858 3241 ἐκ
896 3181 952 3242 δὲ
978 3182 1174 3255 ταύτης
1213 3187 1309 3257 τῆς
1334 3182 1651 3257 φιλονεικίας
1682 3184 1846 3263 μηδὲν

287 3268 444 3341 οὔσης
482 3272 555 3337 εἰς
607 3269 937 3350 δικαστήριον
979 3269 1404 3351 κατηνέχθησαν.
1441 3269 1555 3329 ὅθεν
1581 3274 1616 3342 ἡ
1666 3293 1848 3353 παροι-

206 3370 260 3412 35
289 3355 438 3435 μία.)

368 3473 461 3514 102.
506 3452 706 3536 (πόρρω
731 3452 919 3533 τέχνης
945 3474 961 3514 :
990 3452 1127 3512 Ἀντί
1148 3456 1240 3512 τοῦ
1262 3455 1355 3511 οιίκ
1374 3451 1480 3511 ἀπὸ
1501 3451 1689 3532 τέχνης
1710 3453 1848 3521 τινὸς

283 3541 507 3624 πονηρὸς
534 3533 611 3620 εἷ,
631 3542 739 3601 οὐδ’
762 3540 867 3600 ἀπὸ
896 3539 1119 3619 μελέτης
1135 3586 1151 3613 ,
1178 3539 1315 3600 ἀλλὰ
1348 3539 1517 3621 φύσει.
1544 3540 1847 3622 παράὸολος

287 3627 344 3688 δὲ
371 3630 486 3688 ἀντὶ
510 3635 604 3688 τοῦ
631 3631 690 3688 οὗ
733 3628 987 3709 γνήσιος.)
1007 3663 1086 3674 —
1108 3627 1318 3706 λέγουσι
1357 3625 1492 3693 τινὲς
1513 3626 1603 3687 καὶ
1639 3626 1847 3710 πονηρὰ

284 3717 413 3799 κρέα
434 3717 547 3775 ἀντὶ
564 3721 655 3775 τοῦ
680 3716 875 3796 σαπρά.
906 3726 968 3775 R.

204 3829 261 3870 40
366 3810 699 3891 παράὸολοςε
730 3810 800 3871 Ὁ
828 3809 1102 3892 τολμηρός.
1139 3830 1266 3880 vict.

364 3921 460 3961 191.
504 3899 664 3976 (ὅταν,
691 3900 850 3982 φησὶ,
874 3905 1073 3981 τραφῇς
1091 3900 1179 3958 ὑπ’
1194 3902 1320 3977 ἐμοῦ
1344 3897 1709 3981 ὑπογάστριον.
1740 3900 1846 3962 ἀπὸ

284 3987 472 4069 μέρους
498 3984 554 4047 δὲ
576 3986 672 4058 τὴν
697 3985 893 4069 τροφὴν
928 3987 1107 4056 ἁπλῶς
1132 3985 1291 4065 λέγει.
1321 3983 1356 4058 ἢ
1392 3984 1473 4046 ὅτι
1501 3984 1647 4056 ὄνους
1676 3986 1843 4070 ἔτρω-

281 4101 374 4159 γον
401 4079 456 4136 ἐν
483 4076 748 4154 Ἀθήναις,
778 4075 869 4135 καὶ
900 4073 1019 4142 τοὺς
1047 4075 1260 4153 μισθοὺς
1293 4073 1654 4154 λαμὸάνοντες
1683 4079 1730 4135 οἱ
1760 4078 1838 4135 δι-

282 4163 477 4225 κασταὶ
532 4165 757 4223 ὠνοῦντο
807 4161 875 4222 τὰ
916 4162 1261 4244 ὑπογάστρια.
1303 4163 1471 4222 λείπει
1506 4162 1560 4222 δὲ
1600 4167 1635 4235 ἡ
1673 4163 1840 4245 παρά.

204 4276 256 4318 ⁴5
283 4252 430 4333 παρὰ
445 4250 679 4333 γέροντος
697 4255 1000 4324 ἡλιαστικοῦ
1019 4295 1036 4328 ,
1060 4243 1165 4310 οἷον
1186 4254 1245 4310 ἐκ
1267 4256 1359 4323 τῆς
1386 4250 1645 4332 ἡμετέρας
1678 4275 1844 4311 σπου-

283 4344 374 4413 δῆς
400 4340 492 4400 καὶ
513 4340 739 4421 τέχνης.)

360 4437 478 4496 ἀλλ’
507 4437 633 4504 ἴσως
665 4435 789 4495 ὅταν
813 4436 1020 4519 φάγηςε
1053 4432 1237 4497 Λείπει
1262 4434 1323 4494 τὸ
1350 4433 1526 4514 γνώσῃ
1560 4458 1644 4512 με.
1686 4445 1812 4494 Vict.

365 4532 511 4611 (195).
553 4531 897 4613 ὑπογάστριον
924 4551 939 4592 :
972 4529 1154 4609 [Ἐπεὶ
1187 4529 1452 4611 πωλάριον
1490 4532 1731 4608 ἐμιμεῖτο
1757 4532 1844 4589 ἐπὶ

280 4624 358 4702 τῷ
394 4619 525 4705 ὄνῳ,
554 4619 615 4679 τὸ
641 4619 986 4700 ὑπογάστριον
1014 4616 1143 4697 πρὸς
1175 4623 1343 4677 τοῦτο.
1379 4620 1607 4697 ἐχρῶντο
1642 4616 1699 4675 δὲ
1735 4621 1842 4686 τοῖς

201 4729 258 4772 50
283 4708 478 4778 ὀνείοις.
529 4706 646 4766 ἀντὶ
685 4712 776 4765 τοῦ
814 4706 1003 4783 εἰπεῖν]
1049 4703 1396 4786 ὑπογάστριον
1439 4704 1557 4763 ὄνου
1606 4701 1641 4774 ἢ
1692 4703 1842 4783 βοὸς,

279 4797 416 4878 ἔχεἰς
436 4798 630 4876 γνῶναι
656 4793 866 4876 ἄριστόν
894 4818 959 4873 με
984 4792 1110 4853 ὄντα
1126 4837 1142 4866 ,
1174 4795 1219 4850 εἰ
1246 4791 1337 4852 καὶ
1366 4790 1441 4871 μὴ
1465 4796 1554 4850 νῦν
1589 4814 1656 4870 με
1680 4781 1839 4859 οἶδας.

279 4886 394 4946 ἐπεὶ
418 4882 669 4956 δικαστής
695 4887 858 4962 ἐστιν,
878 4882 977 4964 ἔφη
999 4879 1236 4961 γέροντος
1271 4882 1579 4952 ἡλιαστικοῦ
1607 4879 1722 4939 ἀντὶ
1752 4885 1842 4940 τοῦ

281 4975 418 5037 ὄνου.

1422 202 1813 265 εσιιοιιΑ
1856 186 1955 262 I‘N
2005 199 2352 264 VESPAS.

2019 354 2112 394 199.
2155 333 2295 412 (ὤθει
2317 333 2407 394 τὸν
2442 332 2556 394 ὄνον
2593 353 2608 394 2
2653 333 2734 395 Τὸ
2759 337 2969 416 πρῶτον
2994 337 3122 419 πρὸς
3149 339 3243 398 τὸν
3274 340 3506 417 obdunt,

1935 422 1997 480 τὸ
2020 422 2075 481 δὲ
2104 421 2278 504 ἕτερον
2301 421 2433 503 πρὸς
2459 421 2548 480 τὸν
2571 422 2776 504 πατέρα
2797 468 2815 501 ,
2840 422 2963 483 ὤθει
2992 426 3251 504 σεαυτόν.)

2017 529 2113 571 107.
2155 508 2248 569 καὶ
2284 508 2471 571 Κλέων
2494 529 2510 570 1
2540 509 2716 588 (Ἐπεὶ
2740 512 2883 570 δοκεῖ
2910 512 3092 573 Κλέων
3111 515 3325 592 μισθοὺς
3351 515 3510 598 πορί·

1936 599 2040 666 ζειν
2057 597 2482 675 τοῒςδικασταῗς.)
2503 635 2576 644 --
2590 597 2708 656 ἐπεὶ
2726 597 2892 658 ἐδόκει
2914 602 2942 658 6
2961 598 3149 661 Κλέων
3171 601 3387 679 μισθοὺς
3401 627 3506 664 πο-

1937 683 2163 765 ρίζεσθαι
2190 688 2267 765 τῷ
2284 685 2462 766 λεπτῷ
2483 683 2660 765 δήμῳ.
2685 695 2743 744 11.
3535 709 3566 750 5

2018 793 2112 833 199.
2160 771 2301 851 (ὤθει
2336 771 2400 832 σὺ
2436 772 2662 840 πολλούς
2702 794 2718 834 t
2750 770 2954 852 Ἤγουν
2997 773 3167 843 ἐπίθες
3202 777 3374 846 λίθους
3409 778 3506 839 ἐπὶ
3601 776 3608 782 ’

1933 858 2031 931 τὴν
2059 859 2240 942 θύραν,
2265 857 2353 920 ἵνα
2378 858 2453 940 μὴ
2473 859 2701 927 εὐκόλως
2717 859 2943 942 ἀνοίγῃ.)

2014 968 2112 1008 200.
2158 946 2269 1027 (καὶ
2291 946 2390 1021 τὴν
2420 947 2647 1028 βάλανον
2671 968 2687 1009 z
2713 947 2824 1021 Τὴν
2848 952 2919 1017 εἰς
2935 949 3023 1010 τὸν
3043 948 3244 1031 μόχλον
3269 952 3502 1032 βάλανον

1938 1033 2139 1111 ἔμὸαλε
2167 1038 2239 1103 εἰς
2278 1035 2339 1095 τὸ
2382 1039 2573 1114 πῆγμα
2608 1036 2877 1111 δηλονότι,
2914 1037 3151 1099 τουτέστι
3191 1042 3398 1102 κλεῖσον
3424 1045 3505 1123 τῷ

1936 1124 2187 1205 κλειδίῳ.)
3536 1157 3598 1197 10

2015 1232 2128 1283 201<
2157 1211 2247 1270 καὶ
2288 1215 2354 1292 τῇ
2396 1212 2535 1288 δοκῷ
2566 1233 2582 1272 :
2630 1210 2924 1290 Ἐμὸαλεῗν
2959 1216 3377 1294 παρακελεύεται
3408 1217 3504 1277 καὶ

1936 1297 2032 1371 τὴν
2069 1297 2235 1373 δοκὸν,
2271 1298 2537 1379 [τουτέστι
2575 1298 2664 1359 τὸν
2694 1298 3010 1380 ἀντιὸάτην]
3042 1300 3171 1382 πρὸς
3193 1302 3292 1374 τὴν
3321 1302 3501 1385 θύραν,

1942 1389 2094 1465 (αὐτῇ
2117 1385 2172 1444 δὲ
2196 1390 2261 1466 τῇ
2290 1388 2427 1466 Bou}
2456 1386 2544 1447 τὸν
2572 1384 2752 1463 ὅλμον.
2777 1384 2917 1445 κατὰ
2943 1385 3095 1469 φύσιν
3121 1388 3176 1448 δὲ
3197 1380 3262 1462 ἦν
3296 1393 3501 1468 μᾶλλον

1937 1476 2122 1552 εἰπεῖν,
2150 1473 2241 1533 καὶ
2256 1474 2353 1546 τὴν
2373 1473 2523 1533 δοκὸν
2549 1473 2842 1554 προσθείς).

2015 1581 2111 1621 202.
2156 1560 2461 1642 (προσκύλιε
2492 1580 2506 1621 τ
2542 1563 2662 1621 Οὐκ
2692 1555 2810 1618 εἶπε
2836 1559 3124 1640 βάστασον,
3153 1563 3294 1622 ἀλλὰ
3319 1563 3500 1641 κύλιε,
3531 1591 3592 1631 ιι

1937 1648 2108 1721 δηλῶν
2133 1649 2192 1707 τὸ
2226 1651 2441 1726 μέγεθος
2474 1653 2566 1707 τοῦ
2595 1646 2791 1726 ὅλμου,
2833 1646 2889 1705 ὅν
2923 1672 3053 1731 φησι
3085 1650 3231 1710 κάτω
3263 1652 3395 1733 πρὸς
3431 1660 3500 1728 τῆ

1937 1738 2081 1816 ἀρχῇ
2100 1740 2193 1818 τοῦ
2209 1733 2489 1794 ἀντιὸάτου
2513 1736 2856 1815 προσθεῖναι.)
3472 1719 3484 1737 ⁶

2014 1843 2113 1883 20³.
2160 1822 2239 1902 (τὸ
2270 1821 2457 1902 βώλιον
2499 1823 2606 1884 z‘fl
2651 1825 2818 1901 βῶλος
2840 1826 3266 1904 ὑποκοριστικῶς.
3305 1830 3360 1887 ἐν
3390 1828 3501 1911 ὅαρ

1936 1909 1990 1970 δὲ
2038 1910 2179 1970 ἕλκει
2214 1911 2276 2000 ἐκ
2316 1914 2410 1982 τῆς
2443 1908 2655 1991 στέγης,
2692 1908 2846 1970 ἔπεσε
2882 1912 3000 1971 κατ’
3027 1916 3190 1974 αὐτοῦ
3214 1915 3398 1995 μικρὸς
3419 1918 3499 1977 λί-

1933 2004 2054 2073 θος.)

2013 2105 2110 2146 200.
2153 2084 2365 2167 ὀροφίας
2405 2083 2609 2167 :napa
2648 2086 2710 2144 τὸ
2749 2091 2850 2163 μῦς
2876 2085 3103 2168 ὀροφίας.
3132 2087 3403 2167 (λέγονται
3443 2091 3502 2152 δὲ
3525 2037 3595 2079 ω

1935 2178 2031 2251 μῦς
2059 2172 2266 2254 ὀροφίαι
2292 2173 2383 2231 καὶ
2411 2172 2551 2255 ὄφεις
2581 2176 2628 2233 οἱ
2651 2173 2772 2254 περὶ
2794 2172 2889 2243 τὰς
2908 2173 3098 2257 ὀροφὰς
3125 2175 3389 2256 διάγοντες
3410 2179 3502 2239 καὶ

1930 2260 2127 2327 ταύτας
2151 2257 2599 2340 περιτρώγοντες.)

2011 2365 2109 2406 207.
2154 2346 2415 2426 (στρουθὸς
2455 2346 2587 2427 ἀνὴρ
2630 2346 2831 2424 γίνεται
2869 2368 2884 2409 :
2929 2347 3151 2421 Ἐπειδὴ
3188 2352 3438 2434 ἀναπηδᾷ
3469 2358 3501 2413 6

1928 2430 2116 2513 γέρων,
2139 2431 2308 2490 ταῦτά
2333 2455 2487 2513 φησιν
2510 2438 2539 2492 6
2566 2433 2811 2513 οἰκέτης.)
3525 2471 3591 2510 95

2011 2539 2108 2580 200.
2153 2524 2246 2579 σοῦ
2289 2525 2382 2579 σοῦ
2413 2540 2429 2581 :
2480 2521 2825 2581 Ἀποσοὸοῦσι
2864 2521 2952 2582 τὸν
2986 2521 3235 2604 γέροντα,
3270 2530 3394 2600 σοῦ,
3427 2531 3500 2595 ὡς

1932 2607 2186 2684 εἰώθαμεν
2211 2605 2276 2666 τὰ
2309 2607 2461 2688 ὄρνεα
2484 2608 2679 2671 σοὸεῖν.

2009 2714 2106 2755 210.
2149 2692 2391 2766 Σκιώνην
2425 2714 2440 2755 :
2480 2694 2797 2778 (Φιλόχορος
2829 2695 2918 2756 ἐπὶ
2948 2695 3192 2778 Ἰσάρχου
3223 2698 3353 2781 φησὶ
3393 2702 3501 2784 πρὸ

1929 2785 2165 2842 ἐνιαυτοῦ
2197 2781 2461 2864 Βρασίδαν
2508 2785 2807 2856 ἀποστῆσαι
2851 2786 3171 2853 Σκιωναίους
3208 2791 3314 2847 τῶν
3347 2787 3502 2863 Ἀθη-

1929 2871 2131 2950 ναίων.)
2175 2869 2471 2942 Ἀθηναίους
2501 2871 2558 2930 δέ
2589 2895 2718 2953 φασι
2744 2873 2793 2931 λ’
2832 2872 3059 2954 τριήρεις
3077 2873 3329 2956 πρότερον
3356 2879 3498 2956 πέμ·
3528 2914 3587 2956 ‚0

1928 2962 2127 3039 ψαντας
2175 2957 2415 3032 Σκιιῖινην
2440 2958 2818 3041 περιτειχίσαι,
2841 2959 3092 3041 [ὕστερον
3134 2960 3190 3021 δὲ
3236 2965 3500 3040 μαθόντας

1928 3048 2224 3117 ἀποστῆναι
2257 3048 2448 3119 αὑτῶν,
2480 3048 2789 3105 ἀποστεῖλαι
2823 3047 3044 3129 στρατὸν
3078 3048 3169 3109 καὶ
3207 3053 3498 3132 πολιορκῆ-

1928 3156 2021 3192 σαι
2046 3133 2138 3192 καὶ
2165 3132 2498 3213 ἀποτειχίσαι
2543 3123 2688 3200 αῧθις
2727 3138 2797 3201 ὡς
2835 3135 2896 3193 τὸ
2933 3134 3233 3217 πρότερον].
3277 3138 3408 3214 (ἔστι
3439 3142 3496 3203 δὲ

1926 3219 2121 3301 χωρίον
2171 3218 2391 3301 Θρᾴκης
2439 3219 2689 3298 πολέμιον
2747 3219 3059 3296 Ἀθηναίοις,
3102 3224 3168 3295 ἣν
3213 3227 3494 3308 ἐφρούρουν

1927 3311 2201 3381 ἐπιεικῶς,
2219 3308 2284 3380 ἣν
2313 3308 2752 3390 πολιορκήσαντες
2780 3310 3160 3390 ἀπετείχισαν.)
3523 3350 3581 3393 ³⁶

2008 3395 2149 3475 (ἀντὶ
2193 3394 2373 3456 τούτου
2424 3416 2440 3457 :
2492 3395 2629 3455 Ἀντὶ
2674 3402 2765 3456 τοῦ
2812 3398 3009 3480 πατρὸς
3051 3398 3264 3473 τούτου,
3318 3400 3406 3463 ἵνα
3458 3397 3496 3487 ᾖ

1926 3485 1955 3540 6
1978 3483 2183 3554 οἰκέτης
2208 3481 2376 3559 λέγων
2399 3482 2634 3565 περὶτοῦ
2657 3483 2857 3564 πατρὸς
2878 3490 2969 3543 τοῦ
2995 3486 3426 3569 Βδελυκλέωνος.)

2006 3590 2104 3631 213.
2170 3568 2305 3648 (ὅσον
2354 3570 2534 3643 στίλην
2577 3590 2592 3631 :
2628 3569 2759 3632 Ὅτι
2788 3571 3036 3649 σημαίνει
3082 3572 3144 3632 τὸ
3196 3574 3491 3655 ἐλάχιστον.

1929 3656 2329 3737 Καλλίστρατος
2352 3657 2437 3731 δὲ,
2464 3657 2810 3737 νομισμάτιόν
2845 3682 2898 3718 τι
2925 3659 3243 3741 ἐλάχιστον.)

2006 3743 2127 3803 ὅσον
2153 3744 2273 3804 ὅσον
2307 3745 2493 3819 στίλην
2531 3765 2547 3807 z
2577 3745 2657 3808 Τὸ
2683 3745 2831 3807 οὐδὲν
2856 3746 2949 3807 καὶ
2984 3747 3046 3807 τὸ
3080 3751 3257 3829 τυχόν.
3285 3749 3401 3811 ἔστι
3433 3751 3491 3815 δὲ
3517 3787 3583 3831 49

1926 3836 1956 3891 ὁ
1983 3830 2302 3911 σταλαγμός.
2337 3845 2467 3893 νισι.

2005 3939 2102 3978 214.
2148 3921 2296 3998 (ἀλλ’
2325 3909 2370 3980 ὦ
2398 3919 2617 4002 πόνηροι
2645 3940 2661 3983 :
2697 3921 2843 4005 Πρὸς
2869 3921 2988 3990 τοὺς
3008 3921 3212 3991 οἰκέτας
3237 3924 3298 3983 τὸ
3319 3914 3366 3984 ὦ
3389 3925 3494 3989 πό-

1925 4029 1990 4078 νη
2057 4008 2124 4086 ι.)

1996 4029 2101 4153 ἷζε.
2144 4096 2572 4175 παρακαλοῦντες
2593 4093 2796 4155 τουτονί
2821 4115 2836 4155 :
2862 4095 2996 4155 Ἀντὶ
3022 4102 3113 4156 τοῦ
3137 4100 3492 4169 ἐπικαλοῦντες.

1928 4182 2060 4260 (οὐχ
2081 4185 2152 4248 ὡς
2177 4184 2230 4240 ἐν
2253 4186 2320 4262 τῇ
2345 4182 2592 4264 συνηθείᾳ
2619 4184 2712 4263 ἐπὶ1
2733 4188 2822 4242 τοῦ
2851 4182 3045 4251 ἀξιοῦν.
3073 4190 3227 4245 τοῦτο
3254 4184 3313 4244 δέ
3335 4209 3490 4267 φησιν
3518 4230 3579 4274 η

1924 4268 2178 4345 εὐκαίρως
2204 4268 2514 4348 βουλόμενος
2532 4269 2628 4342 τὴν
2653 4269 2851 4330 εἴσοδον
2874 4277 2967 4332 τοῦ
2989 4279 3149 4354 χοροῦ
3170 4278 3407 4345 ποιῆσαι.
3429 4277 3493 4337 ἐκ

1925 4355 2028 4436 γὰρ
2042 4356 2317 4437 φιλοδίκων
2338 4357 2536 4438 ἀνδρῶν
2552 4356 2909 4437 συνέστηκεν.)
2936 4395 3015 4406 -
3038 4365 3072 4433 ἡ
3089 4363 3240 4444 παρά
3262 4360 3379 4420 ἀντὶ
3399 4366 3495 4435 τῆς

1925 4443 1996 4512 ἐξ.
2026 4458 2087 4505 v.

2005 4550 2100 4589 216.
2142 4528 2321 4613 ὄρθρος
2351 4528 2510 4610 βαθύς
2539 4551 2553 4591 :
2586 4535 2782 4591 Βαθεῖα
2806 4530 2913 4601 νύξ.
2956 4544 3081 4592 Vtct.

2004 4638 2102 4678 217.
2144 4617 2240 4700 ὀψέ
2271 4641 2285 4680 2
2313 4617 2449 4696 μετὰ
2476 4618 2564 4676 τὸν
2592 4618 2773 4700 καιρὸν
2797 4619 2885 4680 τὸν
2909 4619 3111 4683 δέοντα.
3163 4633 3214 4681 V.
3248 4631 3381 4682 vict.
3518 4662 3581 4706 ω

2005 4726 2103 4767 218.
2149 4706 2263 4765 ἀντὶ
2284 4710 2374 4764 τοῦ
2404 4707 2644 4769 καλοῦσι.
2674 4720 2735 4767 V.

2004 4813 2102 4856 219.
2147 4792 2493 4875 μινυρίζοντες
2526 4815 2540 4854 :
2571 4793 2800 4876 ᾄδοντες.
2840 4808 2891 4859 V.
2921 4808 3046 4857 Vicc.

2005 4902 2105 4943 220.
2150 4881 2492 4962 (ἀρχαιομελι
2545 4883 3094 4967 σιδῶνοφρυνιχήρατα
3153 4904 3167 4944 2
3211 4879 3376 4961 Παρὰ
3431 4881 3495 4941 τὸ

1934 4968 2087 5046 μέλι,
2109 4966 2238 5050 ὅπερ
2259 4968 2397 5029 ἐστὶν
2426 4968 2526 5042 ἡδὺ
2541 5016 2557 5045 ,
2581 4971 2674 5031 καὶ
2695 4972 2787 5043 τὴν
2813 4971 3019 5031 Σιδῶνα
3042 4967 3135 5027 καὶ
3161 4968 3251 5028 τὸν
3290 4966 3492 5049 Φρύνι·
