3859 5725
374 285 488 337 488

1502 258 1953 322 ΑΒΝΟΤΑἯΟ
1996 257 2077 316 ΙΝ
2120 244 2376 317 SCHGL.

371 439 395 463 ι
426 406 517 467 καὶ
553 396 702 473 οὗτος
724 430 749 456 ι
779 401 929 479 (scil.
970 403 998 459 δ
1034 398 1311 476 δάκτυλος)
1334 398 1440 479 ἐρεῖ
1466 424 1491 448 α
1520 390 1667 452 οἰδὲν
1707 383 1944 464 {mvn
1996 391 2317 451 Dindorfio.
2354 388 2583 471 τήμερον
2617 395 2772 448 G.-
2803 391 2879 448 36
2914 391 2970 448 ἐν
3008 387 3266 449 Ὁλκάσιν
3299 391 3433 451 Ald.
3473 392 3534 451 ἐν

373 496 544 565 δείξας
565 493 655 554 τὸν
688 491 872 572 μέσον,
896 502 1008 551 etc.
1032 494 1216 548 Dum.

456 586 596 657 655,
622 603 691 640 12
713 578 805 640 καὶ
834 576 969 658 μετὰ
1002 579 1337 653 πλεονασμοῦ
1361 571 1716 632 Dindorfius.
1754 567 1904 625 vict.
1945 527 1957 622 Ι

374 688 435 735 et
453 678 602 750 Reg.
644 672 794 729 2821
831 669 924 726 καὶ
948 660 1346 744 μεταπλασμόν.
1373 659 1626 721 Lobeck.
1656 654 1905 731 Paralip.

376 784 436 843 p.
475 761 584 834 175
604 755 745 818 κατὰ
762 750 1114 831 πλεονασμόν.
1683 794 1688 801 .

457 851 597 922 661,
626 848 696 905 15
723 843 831 904 Καὶ
868 864 981 901 om.
1014 847 1083 901 V.
1105 876 1167 889 --
1191 841 1261 898 16
1296 835 1816 919 προείληπταιν.-
1841 848 1906 902 17

379 938 460 998 ὅτι
481 936 622 998 κατὰ
640 939 824 993 τοῦτον
849 937 922 991 Β.

1945 465 1961 512 ¹
1992 484 2061 559 ιῇ
2090 479 2292 561 Εἰρήνῃ
2320 485 2391 538 ιι.
2410 483 2477 537 v.
2504 491 2562 537 et
2590 477 2792 537 Suidas
2808 498 2855 537 s.
2892 476 3151 559 Τήμερος.
3175 479 3341 538 eonf.
3377 481 3534 539 nin-
3652 548 3661 556 ,

1995 571 2143 630 dors.
2168 571 2241 630 ad
2266 571 2466 647 fragm.
2493 571 2627 638 354.
2647 608 2709 618 -
2729 571 2800 642 37
2825 566 2928 649 ἄρα
2955 589 3071 627 0111.
3096 574 3166 627 V.

2079 680 2214 732 700,
2257 661 2333 736 39
2369 658 2702 735 εῖσοδυναμεῖ
2724 656 2786 716 τὸ
2812 662 2901 716 νῦν
2927 662 2999 716 Β.
3020 694 3082 706 -
3119 657 3193 726 45
3226 655 3532 738 διτροχαίου

1999 747 2310 805 Ernestius.
2333 747 2578 826 τροχαίου
2597 745 2799 804 ΑΙά.-
2810 756 2880 818 47
2894 744 3191 827 χοριάμὸου
3207 746 3532 804 Ernestius.

1999 833 2298 915 διτροχαίου
2321 834 2450 894 Ald.
2486 838 2627 910 Reg.
2657 836 2803 891 2821
2833 836 2894 893 ἐκ
2922 832 3169 911 διιάμὸου
3184 879 3200 908 ,
3232 833 3534 914 χοριάμὸου

1998 920 2088 980 καὶ
2105 920 2368 999 διιάμὸου.
2380 960 2444 973 -
2461 944 2489 995 7
2509 920 2601 980 καὶ
2620 919 2806 1003 ἀνάκρ.
2822 928 2894 980 V.
2914 921 3160 1004 ἀνάκρινε
3172 922 3264 980 καὶ
3279 920 3395 998 (καὶ
3413 942 3532 980 om.

461 1030 602 1100 663,
645 1025 721 1082 23
765 1021 906 1094 ἑσθ’;
948 1011 1250 1097 ἁλεκτρυὼν
1295 1012 1635 1073 Brunckius·
1670 1010 1828 1067 ἐστιν·
1875 1010 1911 1077 ἡ
2001 1010 2096 1089 Β.)
2129 1009 2374 1088 δοκίμαζε
2412 1012 2522 1069 huc
2550 1011 2749 1068 retulit
2776 1011 3149 1068 Ruhnkenius
3168 1010 3263 1087 (ad
3290 1008 3532 1091 διάθρει).

382 1112 682 1195 ἀλεκτρυὼν
712 1110 916 1170 Ald.-
949 1115 1022 1175 24
1050 1101 1346 1183 οἷμώξουσα
1372 1099 1714 1167 Branchum,
1742 1107 1913 1167 recte,
2002 1098 2327 1175 Legebatur
2351 1099 2424 1158 ad
2448 1120 2504 1157 v.
2537 1119 2650 1172 702
2678 1111 2813 1157 ante
2848 1096 3122 1179 περίφερε,
3162 1100 3534 1156 consentien-

383 1218 448 1264 ut
475 1204 722 1273 videtur,
763 1196 1029 1277 quamvis
1057 1206 1281 1252 veteres
1307 1191 1479 1250 Attici
1505 1185 1796 1265 οἰμώξομαι
1823 1184 1918 1242 di·
2005 1186 2159 1244 tibus
2178 1191 2246 1245 R.
2268 1190 2334 1244 V.

384 1312 514 1351 cere
539 1292 779 1350 soieaut.
804 1283 1132 1343 Dium—25
1161 1299 1235 1339 ex
1253 1277 1656 1356 Aristophanis
1683 1271 1917 1333 Daedalo

384 1381 507 1439 haec
527 1378 778 1437 afferunt
800 1372 1108 1432 Athenaeus
1135 1389 1193 1447 9,
1221 1388 1278 1447 p.
1312 1370 1421 1440 374
1439 1410 1457 1440 ,
1493 1370 1566 1437 C,
1597 1376 1655 1422 et
1679 1360 1919 1421 Photius

387 1555 543 1634 quod
568 1555 832 1614 Clemens
859 1550 1024 1607 Alex.
1054 1544 1355 1604 commode
1380 1542 1454 1602 ab
1489 1541 1751 1602 Ernestio
1776 1538 1921 1597 alla-

388 1657 479 1703 tus
519 1653 716 1700 narrat
758 1643 972 1697 Strom.
1003 1638 1062 1706 6,
1108 1654 1165 1712 p.
1200 1634 1348 1706 628,
1372 1633 1550 1690 multa
1593 1628 1923 1688 communia

389 1732 567 1790 fuisse
592 1728 896 1804 utriusque
921 1722 1162 1782 Daedali.
1192 1721 1335 1779 Vide
1362 1720 1670 1796 Bergkium
1698 1716 1771 1775 ad
1793 1716 1925 1774 Ari-

391 1819 583 1898 stoph.
627 1816 828 1894 fragm.
857 1833 917 1892 p.
954 1831 1062 1886 129
1092 1829 1284 1886 seq.-
1304 1809 1376 1865 26
1397 1806 1559 1866 ἐνίοτε
1596 1826 1714 1864 0111.
1741 1804 1927 1862 Athe-

390 1929 565 1970 naeus.
593 1907 778 1967 Certis
815 1899 1209 1979 ῑεπιμοήὺυε,
1239 1899 1448 1975 inquit,
1476 1896 1671 1954 multae
1704 1891 1929 1971 gallinae

392 2008 678 2078 perpetuo
705 1993 871 2052 irrita
897 1990 1134 2069 pariunt
1157 2008 1286 2046 ova.
1308 1992 1504 2044 Verno
1531 1997 1754 2043 tantum
1783 1995 1927 2039 tem-

392 2106 538 2166 pore
559 2086 684 2143 11ωο
707 2081 829 2140 fieri
862 2090 1069 2138 auctor
1093 2090 1182 2135 est
1217 2075 1438 2133 Plinius
1474 2095 1565 2145 10,
1593 2075 1687 2130 80.
1727 2075 1925 2129 Ηιιιιιι.

395 2183 689 2235 Porsonus
736 2169 791 2229 ἓν
827 2167 973 2226 ἴστε·
1019 2164 1214 2226 πολλαὶ
1259 2178 1369 2221 etc.
1415 2162 1502 2243 βίᾳ
1546 2161 1805 2221 additum
1856 2178 1928 2217 ex

393 2265 688 2334 Athenaeo,
713 2258 944 2330 Photio,
972 2255 1243 2315 suida...
1264 2272 1334 2323 27
1363 2251 1607 2327 ὑπήνεμοι
1634 2248 1758 2306 And.
1786 2252 1932 2306 Cor-

395 2363 617 2411 rectum
663 2368 739 2407 ex
779 2344 984 2404 iisdem
1035 2341 1519 2421 grammaticis.—
1562 2336 1637 2393 28
1679 2334 1769 2393 καὶ
1814 2334 1928 2392 huc

396 2436 751 2516 transposuit
773 2437 1161 2491 Her-mantum.
1175 2429 1495 2507 Legebatur
1515 2437 1648 2484 ante
1667 2421 1928 2500 ὖπήνεμα.

397 2547 554 2604 ...29
587 2532 712 2591 παῖς
746 2520 822 2580 ὅδ’
864 2520 1006 2579 ἔνδον
1041 2518 1326 2577 Heinsius.
1347 2554 1410 2567 —
1446 2518 1513 2574 31
1563 2511 1929 2589 Theopompi

397 2616 575 2676 verba
610 2610 889 2691 apposuit
915 2608 1220 2665 Athenaeus
1260 2608 1296 2665 Ι.
1338 2627 1411 2678 c.,
1452 2603 1687 2684 ἄχθομαι
1729 2599 1775 2658 δ’
1798 2601 1932 2658 ἀπο-

399 2701 642 2767 λωλεκὼς
676 2702 692 2780 Ι
724 2694 1044 2778 ἀλεκτρυόνα
1069 2693 1349 2753 τίκτουσαν
1376 2691 1459 2775 ᾠὰ
1481 2690 1753 2768 πάγκαλα.

478 2794 618 2865 667,
637 2792 708 2858 34
742 2784 903 2866 ὀμνύς
920 2792 992 2844 V.

480 2883 621 2959 669,
649 2881 723 2939 36
752 2874 953 2954 παγίδα
979 2873 1128 2932 V.2-
1149 2874 1222 2945 37
1264 2870 1302 2943 ἢ
1343 2870 1555 2952 σκάφην
1581 2868 1636 2927 ἐν
1679 2855 1718 2944 ᾖ
1755 2871 1830 2926 Β.
1874 2878 1933 2923 et

397 2967 700 3052 ἀναφύρειν.

482 3061 598 3131 670
640 3062 711 3116 Β.
757 3051 935 3112 habet
986 3046 1127 3124 ἰδοὺ,
1181 3046 1339 3130 φησὶ,
1384 3045 1681 3126 διήμαρτες.
1717 3048 1789 3100 V.
1834 3039 1934 3113 τὴν

398 3145 678 3229 κάρδοπον.
928 3175 934 3185 ·

480 3235 618 3306 673,
644 3231 829 3301 41-51
864 3229 948 3287 sic
993 3228 1054 3285 in
1083 3220 1430 3303 Ald.,‹2'›mp
1463 3220 1553 3280 καὶ
1584 3218 1930 3296 Κλεώνυμονε

401 3321 497 3394 σύ,
522 3343 682 3403 φησι,
713 3317 811 3390 τὴν
846 3314 1110 3399 κάρδοπον
1138 3314 1314 3378 καλεῖς
1344 3312 1656 3393 ἀρσενικῶς,
1686 3308 1799 3366 δίον
1837 3311 1932 3378 θη·-

400 3411 600 3475 λυκῶς*
624 3405 806 3487 ὥσπερ
836 3403 1156 3481 Κλεώνυμον
1195 3399 1387 3481 ἄρρενα
1410 3395 1631 3456 καλοῦσί
1667 3418 1819 3465 τινες,
1846 3395 1936 3452 οὗ-

402 3496 489 3557 siv
540 3493 854 3577 διαφέροντα
893 3495 960 3572 τῇ
1000 3487 1223 3569 αἰσχύνῃ
1272 3491 1377 3545 τῶν
1424 3487 1708 3565 γυναικῶν.
1743 3480 1933 3541 ταυτὸν

403 3583 621 3644 δύναταί
662 3605 746 3641 σοι
782 3602 797 3639 t
836 3571 944 3638 οἷον
981 3577 1044 3637 τὸ
1081 3576 1210 3636 αὐτὸ
1245 3573 1406 3654 γε’νος.
1453 3570 1703 3651 σημαίνει
1742 3567 1798 3628 δὲ
1835 3567 1933 3641 τὴν

401 3667 708 3742 κατάληξιν.
739 3665 772 3726 ὅ
797 3666 942 3740 ἐστι,
967 3666 1107 3723 δοκεῖ
1135 3684 1219 3722 σοι
1258 3658 1744 3740 δμοιοκατάληκτον
1780 3644 1933 3713 εἶναι.

402 3759 519 3838 ἅμα
549 3755 606 3816 δὲ
632 3756 724 3816 καὶ
760 3756 831 3821 ὣς
870 3750 1166 3833 γυναικώδη
1205 3747 1438 3807 σκώπτει
1461 3746 1552 3805 τὸν
1583 3740 1932 3820 Κλεώνυμον,

403 3846 496 3907 καὶ
524 3847 596 3914 ὥς
619 3842 891 3925 ἀδηφάγον
927 3836 1192 3919 διασύρει,
1220 3839 1297 3918 τῷ
1333 3833 1565 3915 ἀλφίτων
1593 3833 1817 3911 δεκτικῷ
1838 3828 1935 3889 λέ-

402 3960 510 4015 γων
558 3933 757 4012 ὅμοιον.
792 3934 898 3991 τῶν
940 3924 1362 4003 πολιτευομένων
1404 3923 1460 3982 δὲ
1496 3913 1569 3987 εἷς
1607 3912 1702 3993 ἦν·
1737 3919 1827 3979 καὶ
1864 3921 1936 3986 ὡς

402 4019 828 4104 γυναικιζόμενον
863 4016 1019 4078 αὐτὸν
1056 4018 1105 4075 οἱ
1131 4012 1349 4087 ποιηταὶ
1372 4010 1758 4070 διαὸάλλουσιν.
1774 4045 1838 4058 -
1858 4017 1933 4076 42

404 4111 560 4173 αὐτὸν
592 4122 727 4190 post
751 4106 968 4180 ποιηταὶ
1010 4104 1181 4184 ponit
1213 4107 1356 4159 V.—
1377 4101 1449 4170 45
1488 4102 1554 4179 τῇ
1595 4095 1824 4178 αἰσχύνῃ
1861 4100 1934 4154 V.

403 4201 602 4259 Md...
642 4208 715 4275 49
760 4195 932 4261 ἄλλως
968 4191 1256 4273 praeponit
1301 4195 1374 4248 V.
1397 4192 1489 4248 τοῦ
1531 4208 1646 4245 om.
1694 4191 1839 4245 R.-
1860 4185 1934 4242 5ο

403 4289 531 4349 εἰσίν
560 4294 652 4362 Β.,
678 4286 777 4364 qui
797 4283 879 4344 ὅτι
900 4303 1015 4342 om.

486 4379 624 4450 676,
651 4376 726 4434 52
751 4378 779 4432 δ
813 4370 1133 4446 Κλεώνυμος
1157 4388 1271 4426 0111.
1298 4372 1447 4425 V.—
1474 4385 1496 4421 1
1526 4362 1646 4444 θυία
1663 4370 1732 4423 V.

481 4468 619 4543 691,
656 4485 726 4541 19
745 4461 841 4534 τὴν
860 4481 975 4520 om.
1001 4463 1072 4517 V.
1088 4495 1151 4508 --
1171 4476 1239 4513 21
1268 4452 1462 4512 δειλίαν
1487 4450 1643 4510 αὐτὸν
1668 4453 1933 4534 κωμῳδεῖ.

405 4559 662 4635 Κρατῖνος
701 4557 773 4610 V.
820 4544 1036 4627 Κράτης
1079 4543 1203 4602 Ald.
1255 4541 1494 4623 Σερίφοις
1529 4537 1619 4600 καὶ
1663 4541 1816 4609 ἀλαζ.
1859 4545 1929 4600 V.

403 4641 627 4725 δερίφοις
646 4639 767 4697 ΑΜ.
780 4675 842 4686 -
862 4638 935 4694 23
962 4632 1019 4693 δὲ
1045 4631 1134 4692 καὶ
1159 4626 1628 4711 παραπρεσόευτὴν
1648 4634 1720 4687 V.

482 4730 600 4807 695
628 4726 719 4787 καὶ
743 4721 988 4796 ἐννόησον
1011 4728 1083 4781 G.
1106 4719 1223 4780 ἀντὶ
1247 4722 1337 4776 τοῦ
1364 4715 1558 4798 σκάψαι
1593 4715 1683 4775 καὶ
1716 4714 1933 4786 διανοή-

401 4824 521 4892 θητι
543 4814 666 4897 περὶ
689 4818 794 4873 τῶν
816 4812 924 4893 ἰδία
948 4833 1031 4870 σοι
1056 4805 1426 4891 συμφερόντων
1447 4803 1776 4887 πραγμάτιον
1806 4805 1928 4862 Ald.

480 4908 598 4984 698
625 4903 713 4965 ἰπὶ
735 4908 826 4963 τοῦ
853 4901 1114 4961 ἀσκάντου
1142 4898 1318 4957 babet
1348 4901 1420 4957 R.
1439 4933 1505 4947 -
1522 4896 1594 4954 33
1619 4896 1715 4955 οὐκ
1746 4893 1933 4972 ἀνίημί

399 5019 458 5056 σε
480 4993 666 5054 ἑλόντα
686 4988 908 5062 ποιῆσαί
924 5014 976 5049 τι
1000 4988 1121 5046 Ald.

2089 1295 2197 1347 701
2231 1274 2318 1333 ἐπὶ
2345 1272 2479 1333 πολὺ
2513 1278 2580 1333 V.
2604 1271 2788 1352 τρέπει
2806 1276 2877 1335 Β.
2910 1272 3099 1356 στρέφε
3126 1248 3253 1334 Alci.

2091 1364 2225 1436 703,
2262 1365 2447 1438 13-19
2475 1362 2557 1420 sic
2586 1362 2646 1420 in
2676 1366 2770 1436 V.,
2793 1361 2884 1420 ἐὰν
2910 1361 3184 1442 ἀπορήσῃς
3224 1360 3298 1429 εἷς
3315 1386 3399 1435 τι,
3435 1385 3544 1420 τα-

275 1532 286 1543 ,
385 1467 707 1543 Suidasque
749 1482 794 1521 s·
827 1456 1152 1535 Ὑπηνέμια,
1181 1477 1300 1534 quo
1327 1453 1655 1514 confirmari
1689 1450 1922 1508 videtur
2008 1448 2145 1531 χέως
2170 1453 2245 1517 εἰς
2286 1450 2418 1508 ἄλλο
2443 1448 2670 1527 πήδημα
2696 1448 2787 1509 καὶ
2813 1448 3075 1528 διανόημα
3105 1449 3383 1527 μετάὸηθι.
3413 1451 3539 1508 δια-

2011 1539 2196 1599 6άλλει
2221 1536 2276 1597 δὲ
2299 1538 2387 1598 τὸν
2409 1537 2707 1621 Σωκράτην
2729 1541 2800 1606 ὣς
2826 1538 2916 1597 καὶ
2936 1536 3093 1597 αὐτὸν
3110 1540 3165 1597 ἐν
3182 1548 3295 1606 ταῖς
3315 1537 3544 1609 συζητῆ-

2012 1652 2185 1702 σεσιν,
2210 1626 2288 1688 ὅτ’
2332 1625 2394 1687 ἂν
2445 1627 3247 1711 στενοχωρῆται-ὓποτίθεται,
3269 1669 3326 1679 -
3352 1650 3417 1686 21
3454 1627 3545 1687 ἐὰν

2012 1722 2047 1789 ἡ
2079 1717 2280 1776 διάνοια
2309 1718 2383 1783 εἷς
2409 1717 2614 1775 Suidas
2650 1736 2694 1774 s.
2731 1716 3046 1788 Μεταπήδα.
3084 1712 3173 1774 ἐὰν
3211 1718 3283 1782 εἷς
3308 1715 3548 1776 διάνοιαν

2015 1810 2086 1864 Β.
2111 1810 2350 1864 V.-22
2376 1802 2580 1864 καὶτὸν
2609 1806 2674 1864 Σ.
2698 1808 2767 1864 V.

2097 1915 2206 1967 707
2243 1907 2433 1953 totum
2465 1913 2582 1952 om.
2617 1900 2686 1952 V.

2098 2002 2235 2055 710,
2264 1984 2339 2040 30
2360 1980 2548 2063 χρόνον
2570 1986 2639 2040 Β.
2658 1978 2778 2040 κατ’
2813 1981 2979 2039 ἐκεῖνο
3014 1982 3199 2059 καιροῦ
3230 1979 3363 2039 ΔΙά.
3380 2020 3445 2032 -
3472 1984 3543 2040 31

2014 2067 2300 2140 πεποίηται
2320 2074 2394 2129 Β.

2059 2177 2233 2301 8719,
2260 2157 2334 2226 45
2360 2154 2442 2214 ὅτι
2474 2152 2564 2214 καὶ
2594 2159 2832 2226 6.-47
2863 2152 2927 2212 τὸ
2953 2152 3057 2213 ὑπὸ
3091 2157 3189 2232 γῆν
3230 2166 3386 2213 recte
3415 2160 3553 2234 Reg.

2020 2264 2054 2301 2
2100 2264 2193 2303 21.

2100 2351 2235 2402 721,
2252 2329 2320 2399 54
2339 2351 2548 2410 παραμ.
2564 2348 2682 2389 om.
2699 2330 2869 2387 etiam
2882 2328 3084 2387 suidas
3103 2348 3148 2386 s.
3165 2328 3423 2407 Φροῦδος.
3440 2349 3556 2385 -2

2018 2417 2247 2500 φρουρὰς
2265 2417 2405 2498 ᾅδων
2430 2422 2501 2475 V.
2518 2454 2581 2466 —
2601 2417 2633 2473 5
2662 2430 2794 2494 post
2812 2416 3042 2498 φρουρὰν
3068 2415 3228 2474 addit
3257 2415 3379 2473 ΑΜ.
3402 2414 3557 2497 παρὰ

2020 2506 2076 2566 δὲ
2096 2506 2192 2580 τὴν
2221 2505 2358 2575 λέξιν
2385 2505 2482 2578 τὴν
2512 2504 2710 2586 φρούδη
2739 2511 2893 2564 τοῦτο
2926 2504 3201 2575 πεποίηκε.
3220 2504 3370 2562 lbid.
3392 2506 3560 2583 διχῶς

2021 2596 2076 2656 δὲ
2093 2594 2304 2675 λέγεται
2336 2600 2371 2666 ἡ
2398 2593 2576 2676 γραφὴ
2612 2594 2831 2656 suidas,
2851 2630 2913 2642 —
2942 2595 3058 2669 6-9
3092 2592 3155 2651 τὸ
3198 2589 3295 2671 μὲν
3334 2592 3561 2673 φρουρὸς

2020 2682 2183 2766 ᾅδων,
2208 2683 2323 2742 ἀντὶ
2347 2688 2439 2742 τοῦ
2467 2685 2700 2761 συνεχῶς
2732 2681 2871 2764 ᾅδων
2899 2680 3134 2763 φρουρός.
3164 2679 3227 2739 τὸ
3251 2678 3306 2738 δὲ
3330 2689 3561 2762 φρουρᾶς

2020 2772 2190 2854 ᾅδων,
2236 2770 2353 2831 ἀντὶ
2390 2777 2483 2831 τοῦ
2508 2770 2786 2851 φυλάττων
2802 2793 2815 2807 ·
2853 2769 2966 2828 ἐπεὶ
3008 2767 3236 2851 φύλακες
3272 2759 3408 2839 ἦσαν
3452 2772 3561 2826 τῶν

2021 2860 2434 2943 φροντιστηρίων
2454 2864 2623 2943 θυρῶν
2653 2859 2776 2917 Aid.
2799 2856 2889 2917 καὶ
2910 2856 2972 2916 τὸ
2999 2856 3218 2935 μὲν-τὸ
3252 2856 3308 2916 δὲ
3334 2857 3563 2916 snidas.

2020 2951 2082 3010 τὸ
2110 2950 2318 3011 δὲ-καὶ
2345 2949 2408 3010 τὸ
2426 2956 2572 3009 V.—
2591 2950 2626 3007 8
2646 2947 2735 3007 καὶ
2754 2946 2914 3008 addit
2932 2952 3003 3006 G.
3044 2959 3177 3025 post
3208 2945 3413 3019 ἐπειδὴ.
3442 2987 3501 2998 -
3523 2971 3565 3022 9

2024 3051 2157 3117 post
2179 3040 2345 3117 θυρῶν
2367 3036 2525 3095 addit
2543 3042 2610 3093 V.
2645 3036 2816 3101 ἄλλως
2847 3032 2902 3093 δὲ
2926 3035 2988 3092 τὸ
3014 3032 3243 3115 φρουρὰς
3272 3032 3413 3114 ᾄδων
3443 3036 3564 3093 ἀντὶ

2021 3132 2113 3186 τοῦ
2138 3128 2489 3209 διαγρυπνῶν,
2519 3125 2723 3185 suidas
2743 3135 2935 3182 autem
2963 3120 3188 3204 φρουρὰς
3206 3121 3261 3180 δὲ
3282 3123 3422 3204 ᾅδων
3443 3124 3564 3183 ἀντὶ

2022 3220 2115 3275 τοῦ
2134 3217 2434 3296 ἀγρυπνῶν.
2477 3220 2609 3272 Post
2638 3213 2968 3293 διαγρυπνῶν
3005 3212 3067 3269 in
3110 3216 3184 3270 V.
3234 3227 3564 3289 sequuntur

2022 3305 2122 3362 illa
2146 3306 2196 3363 οἱ
2224 3301 2326 3383 γὰρ
2360 3296 2998 3384 φρουροῦντες-φρουρὰς
3041 3297 3200 3379 ᾅδων.
3246 3300 3343 3357 Sic
3383 3301 3563 3359 etiam

2022 3392 2175 3471 apud
2200 3391 2456 3466 suidam,
2480 3390 2703 3449 omissis
2728 3401 2915 3446 tamen
2942 3387 3252 3466 postremis
3278 3386 3371 3445 καὶ
3398 3385 3567 3455 οὕτως

2022 3478 2312 3562 -φρουρὰς
2332 3478 2489 3562 ᾅδων.
2507 3516 2571 3527 -
2597 3479 2665 3535 16
2688 3478 2750 3535 ἐκ
2772 3479 2867 3548 τῆς
2885 3478 2988 3533 τῶν
3009 3475 3239 3552 Regius.

2108 3573 2239 3641 730,
2278 3571 2350 3636 34
2379 3570 2538 3649 ἆρνοῧ
2562 3573 2633 3625 V.
2664 3578 2722 3624 et
2761 3563 2964 3623 Suidas
2999 3583 3043 3621 s.
3077 3560 3380 3642 Ἀρνακίδα.
3409 3563 3567 3644 ἀρνὸς

2023 3657 2146 3715 Ald.
2172 3694 2232 3707 —
2254 3658 2327 3716 35
2354 3654 2469 3716 δίον
2495 3654 2551 3713 δὲ
2572 3660 2639 3712 V.
2669 3654 2833 3712 εἰπεῖν
2852 3649 2933 3709 ὅτι
2952 3649 3029 3716 τίς
3054 3655 3123 3708 Β.
3141 3689 3205 3702 -
3226 3652 3301 3709 36
3331 3652 3563 3732 ἀρνακι-

2024 3746 2127 3804 δῶν
2153 3751 2220 3804 V.
2242 3745 2337 3804 hic
2365 3756 2424 3803 et
2454 3744 2622 3803 infra.
2653 3743 2769 3821 ἀρν.
2790 3741 2846 3799 ἂν
2881 3734 2921 3820 ᾔ
2946 3736 3042 3817 μάν
3072 3738 3185 3797 ἐστὶ
3220 3738 3563 3821 περιὸόλαισν

2022 3837 2092 3892 Β.
2113 3836 2228 3915 ἀρν.
2249 3833 2464 3913 σισύραν
2484 3831 2603 3889 Ald.
2622 3867 2687 3881 -
2707 3832 2775 3902 37
2801 3826 2980 3896 ἔπαιξε
3008 3826 3063 3885 δὲ
3087 3832 3157 3884 V.
3183 3828 3566 3907 παρονομάσας

2025 3922 2250 3981 Suidas.
2278 3917 2655 4002 παρανομύσας
2682 3922 2753 3976 Β.
2786 3913 3170 3996 παρανομήσας
3196 3919 3270 3972 V.
3297 3915 3566 3992 ὀνομάσας

2026 4011 2147 4070 ΑΙιΙ.
2179 4014 2282 4069 τῶν
2308 4012 2476 4090 ἀρνῶν
2508 4007 2631 4065 ΑΙά.
2665 4018 2724 4065 et
2749 4004 2969 4064 Suidas.
2995 4005 3132 4060 Post
3158 4003 3431 4083 ἀρνεῖσθαι
3454 4004 3564 4060 ad-

2025 4098 2272 4157 debatur
2297 4096 2417 4163 τοὺς
2440 4091 2789 4160 δανειστὰςτὸ
2820 4090 2904 4171 (τὸ
2928 4111 3044 4148 om.
3075 4092 3150 4147 Β.
3178 4092 3268 4164 V.)
3305 4088 3359 4157 ἐξ
3390 4092 3565 4172 ἀρνα-

2024 4178 2204 4236 κίδων.
2232 4177 2292 4236 τὸ
2320 4175 2373 4246 ἐξ
2402 4173 2693 4255 ἀρνακίδων
2720 4172 2936 4230 omittit
2962 4168 3192 4242 suidas,
3222 4168 3399 4227 habet
3417 4190 3563 4228 vero

2023 4264 2141 4333 τοὺς
2164 4266 2465 4336 δανειστὰς,
2498 4261 2654 4342 quod
2677 4260 2986 4320 delendum
3015 4277 3140 4315 esse
3174 4257 3320 4315 vidit
3341 4263 3565 4317 Kuste-

2027 4376 2146 4414 ruS.
2179 4360 2317 4412 Post
2341 4352 2632 4433 ἀρνακίδων
2674 4350 2864 4428 pergit
2897 4351 2971 4405 R.
3015 4344 3109 4403 καὶ
3149 4343 3255 4403 ἀπὸ
3292 4350 3387 4404 τοῦ
3425 4348 3566 4405 ἀπο-

2023 4450 2242 4526 στερεῖν,
2264 4442 2499 4519 reliquis
2528 4439 2772 4497 omissis.
2787 4471 2852 4487 -
2875 4437 2948 4503 43
2975 4438 3069 4493 καὶ
3098 4432 3300 4505 ἕπιθείη
3321 4436 3561 4511 Regius.

2104 4532 2250 4602 733,
2281 4538 2356 4605 49
2386 4524 2692 4608 συνείληφέν
2729 4545 2785 4583 τι
2817 4530 2888 4580 V.
2925 4521 3083 4600 quod
3114 4534 3443 4578 correctum
3483 4541 3565 4580 ex

2024 4620 2202 4680 Suida
2232 4619 2331 4696 qui
2369 4615 2486 4675 ἀντὶ
2515 4620 2610 4674 τοῦ
2645 4612 2863 4695 εἴληφας
2905 4610 3110 4690 (εἴληφε
3150 4608 3338 4667 codex
3373 4609 3566 4686 Leid.)

2023 4730 2096 4765 τι.
2131 4704 2405 4789 ἀναρτίσαι
2431 4711 2505 4763 V.
2535 4706 2831 4773 ἀναπτῆναι
2856 4699 3086 4760 διιίόιιε.

2105 4798 2241 4870 734,
2291 4815 2315 4852 1
2360 4791 2450 4852 καὶ
2490 4787 2862 4870 μιμ.-ἑαυτόν
2903 4786 3083 4846 habet
3124 4783 3349 4844 Suidas.
3396 4781 3567 4864 ἕρμύ-

2019 4887 2321 5050 λονζῖοἶγο9
2351 4969 2700 5034 κατασπάσας
2750 4965 2882 5024 Ald.
2934 4962 3107 5023 eonf.
3158 4959 3342 5018 schol.
3386 4959 3461 5017 ad
3490 4979 3557 5018 v.

479 5088 615 5161 699,
664 5085 735 5152 34
785 5079 873 5139 καὶ
916 5076 1191 5159 τημερινὸς
1239 5071 1655 5133 emendandum
1697 5071 1930 5129 videtur
2027 5069 2155 5126 106.
2201 5060 2503 5144 ἀτρεμήσας
2527 5064 2593 5118 V.
2623 5054 2752 5118 Ald.
2775 5092 2839 5104 -
2865 5052 2933 5111 15
2957 5054 3033 5130 τῷ
3065 5049 3219 5129 μηρῷ
3245 5047 3458 5124 Harlej.
3494 5047 3554 5104 5.
