3859 5725
51 435 57 475 Ι

1714 244 1965 306 PLUTI.
3313 252 3426 304 559

277 390 631 478 ιῑπιφίρομεν
671 388 819 449 dixit
852 385 1193 455 scholiasta,
1234 401 1350 441 non
1382 378 1681 456 ἐποίσομεν,
1710 375 1811 454 qui
1901 375 2130 436 SuidaS.
2156 374 2462 457 δυσοργήτῳ
2493 374 2718 435 Snidas.
2767 375 2998 456 δυσριγεῖ
3028 376 3180 450 Ald.,
3223 396 3432 435 corru-

276 483 561 567 κρεμῶμιν
609 499 720 559 pro
769 474 1086 536 indicativo
1140 468 1443 550 praesentis
1496 466 1753 526 haberet.
1785 490 1811 515 ν

276 575 461 632 Dum.
488 591 572 629 σοι
594 588 709 626 om.
730 572 801 625 V.
817 568 846 624 δ
867 562 922 624 δὲ
940 582 1059 622 om.
1074 566 1138 618 R.
1159 564 1224 618 V.
1243 599 1323 614 ..-
1348 560 1445 625 34.
1463 555 1570 614 Illa
1594 555 1811 634 ἐρινεοῦ,

275 679 450 738 quem
513 653 938 735 vespertilionis
998 650 1061 710 in
1123 646 1358 707 modum
1422 643 1813 722 adglutinatus

275 749 498 825 Ulyxes
522 740 1027 822 adprehenderat,
1050 733 1222 816 ἐποχὴ
1253 746 1442 796 sumta
1482 745 1571 792 est
1598 751 1673 791 ex
1699 729 1808 790 Od.

276 840 355 909 M,
377 836 512 904 432.
539 830 848 892 Melanthii
876 825 1299 886 meritissimum
1329 841 1557 902 poenam
1596 818 1673 878 ad
1705 838 1811 877 oo-

277 926 537 984 lumnam
567 918 828 999 suspensi
856 915 1131 996 graphice
1156 912 1462 991 descripsit
1496 923 1670 990 poeta
1699 906 1811 967 Od.

274 999 520 1084 x,'175‚
562 1011 692 1085 193.
717 1010 945 1066 Hus‘r.
971 1007 1063 1061 τοῦ
1084 1002 1347 1060 additum
1377 1019 1451 1058 ex
1496 1001 1563 1058 V.
1593 1009 1652 1055 et
1670 1000 1812 1070 Reg.

282 1104 553 1159 Ceterum
587 1097 648 1155 in
679 1100 752 1153 V.
784 1113 959 1172 supra
990 1102 1128 1172 post
1171 1088 1438 1154 scholion
1465 1107 1525 1145 v.
1557 1086 1673 1144 302
1715 1082 1814 1141 ad·

246 1181 253 1192 ’
280 1188 495 1266 scripta
523 1204 653 1262 quae
669 1183 786 1240 huc
815 1181 1110 1260 pertinent
1136 1175 1253 1237 δέον
1293 1174 1427 1255 (δέον
1456 1194 1572 1233 om.
1608 1172 1704 1250 G.)
1734 1171 1815 1228 εῖ-

279 1281 395 1332 πεῖν
424 1269 482 1331 τὸ
516 1271 655 1353 ξίφος
681 1266 1116 1333 ἐπανατείναντες
1148 1262 1330 1346 ὥσπερ
1361 1269 1390 1324 δ
1414 1257 1706 1326 Ὀδυσσεὺς
1746 1260 1814 1339 τῇ

280 1360 473 1442 Κίρκῃ.
491 1392 568 1403 —
588 1360 665 1417 35
716 1354 946 1436 στόματι
990 1356 1170 1418 Paris.
1192 1384 1271 1416 --.
1290 1354 1366 1414 38
1399 1371 1486 1429 sq·
1524 1348 1815 1429 “Consp—

281 1447 539 1507 ἀνέτεινεν
570 1445 749 1505 habet
779 1447 850 1506 Θ.

362 1539 501 1616 313,
530 1537 706 1604 41-53
744 1536 827 1594 sic
880 1535 941 1596 in
976 1537 1071 1606 V.,
1110 1530 1268 1611 μίνθη
1305 1529 1497 1612 κυρίως
1527 1533 1557 1590 ὃ
1590 1525 1815 1609 τράγος,

282 1625 725 1706 καταχρηστικῶς
757 1620 815 1681 δὲ
844 1625 881 1693 ἡ
912 1618 1188 1702 ἀνθρώπου
1216 1618 1441 1701 κόπρος,
1475 1608 1818 1696 ᾕὲκίχρηντο

282 1708 852 1791 -πταρμῷῙἌλλωᾳ
879 1708 1041 1787 μίνθη
1062 1711 1098 1779 ἡ
1127 1705 1318 1789 κόπρος
1346 1709 1452 1768 τῶν
1476 1707 1640 1781 αἰγῶν
1664 1701 1816 1781 λίγε-

285 1826 394 1861 ται.
424 1797 1051 1876 ἐπειδὰν-ᾄηδίζονται.
1076 1791 1303 1859 Ἄλλως.
1336 1796 1386 1852 οἱ
1415 1790 1510 1870 μὲν
1532 1793 1623 1852 τὸν
1652 1789 1819 1863 ἡδύο-

282 1892 556 1969 σμον-οἱ
602 1884 806 1969 τράγοι.
846 1917 919 1931 -·
953 1895 1021 1953 41
1055 1883 1145 1942 τὸν
1183 1881 1469 1959 ἡδύοσμον.
1517 1882 1821 1941 Dioscori-

286 1978 388 2037 des
420 1982 474 2050 3,
508 1988 577 2047 41
608 1997 624 2037 τ
650 1973 943 2052 ἡδύοσμος,
966 1974 1015 2036 οἱ
1040 1969 1096 2031 δὲ
1113 1968 1325 2052 μίνᾷην,
1356 1968 1620 2051 γνώριμον
1654 1968 1822 2049 βοτά-

284 2088 423 2123 νιον·
453 2078 511 2122 et
538 2061 749 2125 suidas
792 2061 850 2118 in
896 2058 1095 2131 Μίνθη.
1133 2057 1287 2117 Alibi
1330 2072 1600 2116 neutrum
1641 2073 1822 2137 genus

288 2145 623 2212 scholiastes
670 2149 907 2228 posuit:
933 2147 1006 2213 ad
1049 2153 1196 2208 Rau.
1248 2144 1633 2219 10751Μίνθη
1669 2144 1723 2204 δὲ
1763 2145 1823 2206 τὸ

286 2239 412 2321 παρ’
441 2245 570 2317 ἡμῖν
602 2235 869 2313 ἡδύοσμον
888 2257 902 2272 ·
928 2236 975 2291 οῖ
1006 2231 1064 2293 δὲ
1088 2231 1179 2292 τὸν
1215 2233 1398 2313 θύμον,
1427 2230 1465 2304 ἢ
1502 2232 1698 2313 κόπρον
1734 2238 1824 2292 αἰ·-

287 2331 414 2406 γῶν.
444 2326 693 2403 Hesych.
716 2344 730 2379 τ
757 2321 965 2396 Μίνθα,
998 2321 1060 2380 τὸ
1085 2317 1372 2398 ἡδύοσμον,
1400 2318 1493 2379 καὶ
1525 2320 1824 2401 ἀνθρωπεία

287 2417 500 2496 κόπρος.
537 2413 702 2473 Idem
728 2436 742 2470 :
774 2407 1025 2483 Ψώϊζος,
1050 2406 1239 2489 ἄφοδος
1257 2407 1412 2489 ὑγρὰ,
1430 2408 1466 2481 ἢ
1486 2407 1663 2484 ὄνθος,
1693 2409 1823 2469 δυσ-

287 2503 441 2578 ωδία,
494 2500 674 2573 καὶῖἣν
708 2500 929 2559 καλοῦσι
955 2495 1165 2575 μίνθαν·
1197 2499 1247 2556 οἱ
1287 2495 1343 2557 δὲ
1380 2496 1610 2578 αὐχμὸν,
1645 2496 1681 2569 ἢ
1722 2499 1825 2575 μό·-

286 2591 484 2667 λυσμα·
504 2589 834 2648 sanavimus
850 2585 1124 2644 affectum
1144 2586 1334 2644 locum
1352 2597 1411 2643 et
1449 2587 1598 2645 male
1633 2599 1823 2646 tenta-

289 2692 430 2737 tum.
454 2675 994 2757 Ap.Etymologum
1014 2673 1217 2733 itidem
1232 2674 1293 2731 in
1310 2671 1487 2747 Μίνθη
1502 2694 1612 2753 pro
1639 2673 1824 2755 μίθρον

290 2767 502 2826 rectius
517 2778 606 2824 est
634 2763 836 2842 μίνθον.
855 2761 1090 2841 Κωμικὴ
1104 2760 1243 2831 λέξις
1277 2775 1364 2820 est
1391 2763 1540 2822 liber
1572 2764 1825 2822 comico·

290 2876 420 2914 rum
457 2851 746 2929 vocabula
782 2851 1121 2930 complexus
1155 2865 1213 2909 et
1260 2849 1575 2911 declarans.
1625 2852 1825 2911 Schol.

289 2944 559 3022 Apollon.
578 2943 690 3003 Rh.
712 2952 742 3010 4
765 2985 782 3015 ,
803 2940 918 3017 973
932 2983 947 3012 ,
970 2940 1041 2998 de
1058 2938 1352 2998 orichalco
1377 2960 1554 3017 quum
1573 2940 1827 3000 diversas

288 3044 552 3089 veterum
585 3031 896 3107 opiniones
928 3027 1318 3107 exposuisset,
1343 3027 1544 3086 addit:
1566 3025 1730 3094 οὕτως
1761 3018 1825 3100 ἦν

271 3107 344 3184 ’,ἐν
382 3120 451 3196 τῇ
493 3118 710 3194 κωμικῇ
752 3112 889 3183 λέξει
928 3119 996 3194 τῇ
1043 3113 1328 3194 συμμίκτῳ
1354 3137 1367 3151 ·
1421 3134 1610 3193 neque
1667 3115 1825 3175 aliud

287 3205 565 3263 existimo
588 3202 650 3262 τὸ
677 3201 913 3280 κωμικὸν
936 3202 1159 3274 λεξικὸν,
1189 3200 1354 3279 cujus
1386 3202 1539 3261 idem
1579 3207 1826 3264 mentio-

288 3316 423 3358 nem
472 3296 608 3353 secit
657 3294 728 3352 ad
772 3315 829 3351 v.
877 3295 1046 3363 1614.
1096 3300 1405 3353 Auctorem
1463 3294 1825 3355 Palamedem

293 3384 669 3461 Etymologus
697 3381 917 3440 indicat
938 3403 997 3461 p.
1037 3381 1171 3455 145,
1200 3390 1309 3451 44:
1337 3381 1674 3460 Παλαμήδης
1697 3386 1832 3443 ἱστο-

295 3474 435 3555 ρικὸς
468 3475 496 3531 ὁ
534 3470 634 3544 τὴν
664 3469 910 3550 κωμικὴν
952 3466 1090 3539 λέξιν
1130 3466 1469 3550 συναγαγών·
1505 3469 1605 3529 ubi
1647 3472 1830 3532 miror

292 3563 636 3623 historicum
679 3561 895 3633 vocari,
922 3558 1025 3636 qui
1070 3559 1247 3618 fuerit
1279 3560 1708 3636 grammaticus,
1739 3582 1831 3621 eo-

292 3673 405 3731 que
433 3649 604 3709 titulo
624 3650 884 3728 signetur
912 3668 945 3707 a
1001 3647 1212 3707 suida:
1239 3645 1607 3725 Παλαμήδης,
1632 3646 1830 3708 Ἐλεά-

289 3762 416 3813 της,
441 3735 829 3819 γραμματικός.
855 3734 1100 3815 κωμικὴν
1125 3734 1216 3794 καὶ
1249 3736 1506 3816 τραγικὴν
1532 3734 1696 3823 λέξιν,
1718 3748 1827 3796 etc.

288 3827 596 3905 Temporis
624 3845 743 3903 quo
761 3825 910 3882 vixit
927 3824 1209 3884 indicium
1231 3825 1515 3882 Athenaeo
1534 3822 1829 3900 debemus,

296 3940 330 3979 a
352 3935 471 3992 quo
504 3914 986 3992 Dipnosophistis
1025 3913 1441 3972 adnumeratur
1463 3917 1491 3975 ὃ
1524 3913 1831 3981 Ἐλεατικὸς

292 4002 628 4081 Παλαμήδης
648 4000 1031 4079 ὀνοματολόγος
1061 4022 1157 4075 10,
1182 4020 1241 4080 p.
1273 4005 1347 4078 39
1358 4023 1410 4075 7,
1431 4008 1499 4061 Α.
1523 4002 1686 4062 Idem
1705 4004 1831 4062 sine

290 4092 471 4151 dubio
521 4091 876 4164 Palamedes,
918 4089 1084 4168 cujus
1142 4091 1494 4151 auctoritate
1537 4092 1597 4149 in
1634 4091 1830 4151 verbis

292 4178 729 4237 obscurioribus
799 4177 1157 4257 explicandis
1210 4191 1457 4236 utuntur
1510 4178 1831 4239 scholiastae

126 4266 131 4271 ⁴
215 4338 231 4353 .
284 4268 558 4344 Apollon.
585 4268 699 4325 Rh.
732 4266 805 4324 ad
836 4287 885 4339 1,
914 4276 1061 4340 7043
1088 4270 1143 4341 3,
1171 4286 1316 4340 1073
1349 4273 1406 4339 4,
1436 4267 1606 4340 1563,
1630 4280 1689 4327 et
1718 4288 1831 4327 no-

293 4369 411 4413 ster
444 4355 516 4413 ad
547 4360 676 4414 Pac.
710 4368 769 4413 et
792 4358 975 4435 Vesp.
1005 4370 1093 4413 ter
1111 4369 1408 4433 quaterve.
1427 4359 1654 4418 Hnnsr.
1680 4356 1830 4417 Vide

293 4442 628 4501 Boeckhium
662 4438 1001 4522 praefatione
1041 4442 1116 4501 ad
1148 4442 1330 4502 schol.
1362 4443 1591 4502 Pindar.
1618 4464 1676 4523 p.
1701 4465 1825 4504 xix.

293 4534 472 4589 Dum.
503 4534 718 4610 κωμικῇ
760 4528 907 4598 τάξει
956 4534 1020 4588 V.
1050 4564 1128 4575 -
1161 4533 1235 4599 43
1266 4529 1527 4614 φυόμενον
1562 4536 1631 4595 V.
1668 4553 1829 4614 <pepo-

295 4614 453 4693 μένου
484 4618 557 4677 Θ.
584 4651 664 4664 -
685 4627 755 4688 44
781 4614 818 4690 ἦ
851 4616 944 4676 καὶ
972 4616 1149 4685 ἄλλως
1184 4619 1314 4680 Ald.
1349 4610 1385 4691 ἦ
1412 4623 1505 4679 τοῦ
1529 4619 1723 4700 τράγου
1743 4617 1831 4681 κό-

292 4726 439 4784 προς.
456 4709 907 4788 παραχρηστικῶς
919 4750 1096 4766 .....
1124 4704 1340 4769 ἐπειδὰν
1351 4713 1423 4768 R.
1447 4708 1826 4771 scribendum

294 4792 530 4853 videtur
574 4797 1026 4878 παραχρηστικῶς
1087 4792 1143 4854 δὲ
1192 4800 1227 4869 ἡ
1276 4794 1555 4877 ἀνθρώπου
1617 4796 1826 4879 κόπρος.

296 4884 478 4942 Dum.
506 4914 582 4928 —-
604 4886 678 4952 45
708 4887 911 4966 ψυχμῷ
933 4891 1030 4961 V.,
1077 4886 1179 4964 qui
1220 4889 1299 4945 50
1335 4906 1449 4949 om.
1471 4888 1647 4947 αἱ.-
1677 4885 1749 4946 511
1779 4891 1826 4947 οἱ

294 4963 353 5023 δὲ
367 4986 481 5028 0111.
495 4969 709 5031 9.-53
726 4970 1011 5051 ἐκέχρηντο
1034 4969 1417 5056 περιτρίὸοντες
1429 4977 1493 5033 V.
1514 4973 1825 5051 Vulgatum

295 5052 477 5115 habet
499 5057 705 5117 Suidas
733 5079 779 5122 S.
800 5058 1167 5140 Μινθώσομεν.
1186 5093 1263 5108 --
1283 5061 1354 5137 54
1384 5058 1438 5125 3»
1465 5080 1585 5125 om.
1610 5063 1738 5131 Ald.
1768 5076 1827 5125 et

1898 475 2066 539 ptum
2091 463 2337 522 fortasse
2363 481 2438 520 ex
2462 462 2717 543 δυσεργεῑ.
2747 465 2949 541 Caprae
2976 459 3230 545 δύσριγοι,
3250 463 3431 522 alsio-

1898 569 1997 623 sae,
2017 552 2296 610 dicuntur
2326 550 2399 609 ab
2427 551 2731 610 Aristotele
2765 563 2824 609 et
2858 552 2918 610 in
2951 556 3220 628 Geopon.
3257 554 3349 624 18,
3375 572 3434 629 9,

1904 640 1955 697 5.
1993 640 2221 700 Deinde
2261 638 2495 719 τράγων,
2516 642 2565 698 οἱ
2598 637 2653 697 δὲ
2691 643 2769 719 τῷ
2793 643 3022 721 πταρμῷ
3050 646 3120 699 V.
3159 640 3437 701 Scholion

1899 727 2011 785 hoc
2026 727 2292 805 pluribus
2311 728 2503 787 verbis
2523 747 2648 787 esse
2671 727 2957 788 defectum
2978 727 3247 787 censebat
3259 734 3438 787 Hem-

1898 816 2240 876 sterhusius.
2284 817 2434 876 Mihi
2481 835 2558 876 ex
2610 818 2912 893 superiore
2970 819 3196 876 scholio
3241 819 3439 896 inepte

1900 916 2242 982 excerptum
2300 905 2547 963 videtur.
2595 904 2748 963 Illud
2812 926 3048 983 quoque
3104 906 3438 977 absurdum,

1900 992 2068 1071 quod
2093 1007 2318 1054 stercus
2351 994 2669 1056 humanum
2696 993 2874 1052 hircis
2906 993 3170 1053 adhiberi
3209 993 3437 1054 dicitur.

1902 1086 2084 1140 Dum.

1989 1172 2123 1242 314,
2156 1170 2491 1250 7-11siein
2511 1174 2601 1244 V.,
2624 1167 2955 1252 Ἀρίστυλλος
2982 1168 3199 1250 αἰσχρὸς
3219 1170 3443 1244 ποιητὴς

1905 1257 2000 1316 καὶ
2029 1259 2084 1319 ἐν
2117 1266 2232 1327 ταῖς
2261 1257 2632 1340 μουσουργίαις
2655 1255 2919 1338 κεχηνώς·
2945 1255 2982 1329 ἢ
3012 1260 3083 1324 ὣς
3107 1258 3293 1338 μοιχὸς
3320 1261 3442 1319 δια-

1904 1345 2163 1408 6ἄλλεται
2196 1349 2287 1409 καὶ
2322 1349 2409 1409 ἐπὶ
2455 1346 2725 1427 μαλακίᾳ,
2760 1344 3028 1427 μέμνηται
3067 1347 3123 1406 δὲ
3153 1350 3315 1407 αὐτοῦ
3349 1346 3442 1407 καὶ

1906 1437 1961 1496 ἐν
1984 1434 2491 1507 Ἐκκλησιαζούσαις
2509 1439 2582 1503 ὣς
2599 1437 2825 1515 αἰσχροῦ
2849 1433 2942 1495 καὶ
2969 1438 3341 1517 ἀρρητοποιοῧ.
3361 1469 3444 1481 —-

1914 1544 1988 1583 10
2010 1526 2039 1582 ὁ
2064 1522 2121 1582 δὲ
2149 1524 2479 1606 Ἀρίστυλλος
2498 1523 2718 1605 αἰσχρὸς
2737 1521 2962 1597 ποιητὴς
2980 1525 3153 1584 habet
3176 1530 3247 1585 R.
3270 1557 3351 1569 —-
3377 1545 3446 1582 12

1908 1609 1991 1670 ὅτι
2027 1614 2099 1679 ὣς
2142 1616 2173 1672 ὁ
2221 1611 2332 1695 Ἀρ.
2377 1619 2450 1674 R.
2504 1647 2586 1660 -—
2635 1633 2705 1672 12
2764 1611 2953 1672 ἕπεσθε
2988 1633 3104 1676 om.
3160 1618 3235 1672 V.
3283 1611 3447 1695 μητρὶ

1908 1708 2084 1781 χοῖροι
2119 1714 2178 1761 et
2226 1705 2525 1779 sequentia
2580 1723 2692 1761 om.
2723 1708 2793 1764 V.
2830 1705 2925 1778 9.,
2969 1703 3074 1782 qui
3106 1722 3222 1762 om.
3272 1704 3445 1761 etiam

1908 1790 2182 1849 scholion
2207 1810 2262 1848 v.
2291 1792 2421 1850 316.

1994 1881 2106 1951 317
2146 1880 2266 1940 ἀλλ’
2289 1878 2621 1940 ὅτιᾶναντίον
2648 1884 2720 1938 R.
2750 1885 2819 1940 V.

1993 1970 2103 2026 321
2130 1973 2197 2028 V.
2223 1970 2348 2027 haee
2380 1980 2602 2027 tanturn
2637 1968 2836 2041 habet,
2864 1967 2981 2028 ἀντὶ
3010 1972 3104 2026 τοῦ
3142 1967 3209 2026 δι’
3248 1965 3452 2048 ἡμέρας

1910 2053 2051 2115 οὕτω
2082 2055 2302 2135 κάμνειν
2334 2054 2538 2115 ἐσθίων.
2583 2053 2775 2133 μασάω
2813 2058 3005 2132 μασσῶ
3035 2054 3108 2114 δέ.
3130 2089 3214 2105 -
3241 2056 3314 2128 34
3361 2074 3448 2132 sq.

1912 2140 2537 2221 μασσῶ-μασσώμενος
2564 2145 2638 2209 ὣς
2656 2141 2925 2222 κλώμενος
2953 2143 3262 2215 Alth—37
3292 2145 3449 2224 τῷ-

1916 2230 2164 2302 διήσεται
2204 2231 2425 2291 habent
2466 2233 2642 2291 etiam
2667 2236 2808 2311 Reg.
2824 2234 2995 2306 ete„
3015 2232 3077 2290 in
3099 2251 3221 2311 quo
3242 2232 3452 2311 legitur

1917 2316 2172 2391 δεήσειεν.

2000 2408 2143 2480 322,
2171 2408 2357 2476 38-41
2397 2404 2825 2489 Κορωνὶς-δρῶ
2868 2427 2987 2466 0111.
3028 2408 3201 2466 etiam
3224 2406 3296 2467 Θ.
3342 2411 3450 2466 Se-

1914 2495 2152 2574 quentia
2203 2496 2264 2553 in
2296 2499 2364 2555 V.
2416 2496 2531 2554 hoc
2578 2494 2814 2568 ordine,
2852 2495 2974 2577 περὶ
3015 2492 3450 2574 τοῦ-Ἀχαιούς.

1913 2581 2140 2649 Ἄλλως.
2189 2586 2220 2640 ὁ
2275 2581 2954 2666 Χρεμύλος-καινότερον.
2991 2611 3070 2630 --
3123 2593 3192 2653 41
3239 2585 3340 2665 Xp.
3382 2586 3453 2649 ὡς

1914 2671 2009 2732 καὶ
2040 2670 2284 2743 ξενισθεὶς
2308 2673 2379 2733 Θ.
2408 2707 2489 2722 -
2511 2679 2585 2740 42
2631 2669 2729 2743 τὴν
2775 2670 3134 2751 προσηγορίαν
3180 2677 3249 2730 V.
3272 2703 3351 2718 —-
3374 2672 3451 2740 45

1914 2767 2010 2822 τοῦ
2040 2784 2100 2822 τε
2129 2767 2435 2820 Kusterus.
2464 2763 2560 2820 τοῦ
2578 2766 2647 2817 V.
2670 2762 2827 2819 τοῦτο
2860 2761 2931 2820 Θ.
2953 2760 3179 2818 Ald.--
3202 2762 3278 2828 46
3299 2760 3451 2818 Dio-

1915 2853 2119 2930 nysius
2132 2852 2226 2911 ille
2241 2852 2373 2931 quis
2392 2851 2589 2924 suerit,
2605 2852 2754 2911 inter
2776 2865 2862 2910 tot
2880 2851 3195 2929 Dionysius
3208 2871 3243 2910 a
3258 2856 3459 2910 Meur-

1914 2943 2025 3011 sio,
2057 2941 2266 2999 vossio
2285 2953 2343 2999 et
2371 2946 2464 3002 Jo.
2487 2941 2691 2999 Jonsio
2711 2946 2802 2998 De
2828 2940 3051 3017 seriptt.
3082 2944 3149 2997 H.
3179 2940 3282 2998 Ph.
3327 2943 3384 3012 3,
3417 2941 3454 2998 8

1918 3028 2251 3100 recensitos,
2278 3028 2515 3087 definire
2542 3047 2662 3085 non
2699 3040 2788 3086 est
2820 3046 3086 3105 pronum.
3117 3030 3340 3085 Heus-r.
3374 3060 3457 3074 --

1920 3127 1992 3190 47
2020 3116 2157 3175 vide
2179 3117 2383 3176 Thom.
2411 3120 2493 3175 M.
2514 3137 2571 3175 v.
2593 3114 2832 3196 Χαίρειν,
2856 3121 3078 3193 Menag.
3104 3115 3176 3173 ad
3207 3117 3454 3193 Diogen.

1917 3211 2107 3265 laert.
2135 3207 2193 3279 3,
2221 3208 2320 3262 61.
2345 3210 2525 3264 Rus-r.
2554 3203 2683 3264 αὐτὸ
2710 3224 2828 3263 0111.
2858 3209 2930 3263 V.
2962 3206 3033 3265 Θ.
3059 3210 3319 3282 Uterque
3347 3205 3459 3263 de-

1918 3293 2055 3352 inde
2083 3291 2372 3373 γράφοντος
2404 3289 2462 3350 δὲ
2512 3293 2674 3349 αὐτοῦ
2701 3290 2832 3372 πρὸς
2856 3290 2964 3351 Ἀθ.
3016 3291 3223 3360 ἑλόντος
3248 3291 3372 3360 τοὺς
3399 3294 3455 3352 ἐν

1919 3382 2014 3453 Σ.,
2032 3391 2091 3438 et
2113 3389 2188 3455 49
2204 3383 2233 3438 ὁ
2261 3378 2448 3439 Κλέων
2471 3376 2779 3451 Ἀθηναίοις.
2805 3412 2884 3425 -
2907 3381 2983 3437 50
3004 3379 3125 3462 περὶ
3146 3378 3245 3452 τὴν
3266 3380 3457 3441 σύντα-

1920 3468 1996 3538 ξιν
2021 3464 2335 3528 ἀσύστατον.
2365 3469 2639 3548 Disputat
2685 3468 3041 3542 scholiastes,
3067 3482 3137 3528 ut
3183 3472 3456 3549 Apollon.

1918 3558 2087 3617 Alex.
2115 3558 2171 3628 3,
2202 3575 2262 3634 p.
2295 3558 2433 3628 231,
2464 3557 2538 3616 de
2557 3576 2667 3616 usu
2687 3557 2958 3616 infinitivi
2986 3555 3192 3639 χαίρειν
3241 3560 3304 3616 in
3348 3559 3457 3617 hac

1917 3645 2216 3724 epistolari
2245 3646 2523 3721 formula,
2548 3647 2715 3723 cujus
2741 3648 3026 3705 rationem
3042 3658 3348 3705 structurae
3368 3648 3462 3705 le-

1919 3737 2135 3813 gitimae
2178 3754 2500 3813 repugnare
2548 3748 2764 3808 monet,
2810 3736 2923 3795 nisi
2956 3737 3086 3813 quis
3125 3736 3457 3814 imperativi

1921 3825 2049 3885 vice
2067 3826 2376 3885 Homerico
2406 3842 2569 3883 more
2603 3824 2858 3902 positum
2888 3825 3151 3901 accipiat.
3170 3825 3459 3883 Videntur

1922 3925 2112 3971 tamen
2141 3934 2179 3973 e
2216 3911 2453 3971 duobus
2496 3911 2666 3970 codd.
2704 3913 2767 3970 in
2804 3932 2983 3971 unum
3028 3912 3291 3970 conflatae
3334 3931 3460 3973 esse

1918 4000 2071 4061 binae
2097 4001 2387 4061 sententiam
2411 4000 2617 4061 similis
2637 4001 2885 4079 periodi,
2915 4019 3159 4079 quarum
3184 4001 3458 4060 alterutra

1919 4091 2111 4149 fuerat
2129 4088 2447 4150 omittenda
2466 4089 2622 4147 hune
2644 4091 2707 4147 in
2732 4089 2970 4147 modum
2993 4107 3010 4143 ε
3036 4086 3178 4165 λέγει
3195 4086 3253 4145 δὲ
3279 4088 3455 4166 (Dio-

1918 4177 2144 4257 nysius)
2165 4176 2295 4238 αὖτὸ
2318 4181 2523 4237 κεῖσθαι
2541 4175 2806 4257 περιττὸν,
2819 4175 2912 4235 καὶ
2933 4173 3074 4235 κατὰ
3093 4173 3192 4248 τὴν
3214 4175 3455 4246 σύνταξιν

1920 4265 2231 4329 ἀσύστατον.
2256 4267 2305 4324 εἰ
2321 4264 2402 4343 μή
2425 4288 2505 4332 τις
2527 4264 2658 4324 αὐτὸ
2682 4264 2838 4324 Mem
2860 4277 3000 4338 ete„
3027 4266 3120 4323 vel
3137 4307 3154 4336 ,
3189 4267 3250 4324 ἐκ
3280 4263 3334 4323 δί
3362 4269 3458 4337 τ-’ἥς

1917 4352 2208 4422 συντάξεως
2229 4358 2324 4413 τοῦ
2347 4351 2508 4433 λόγου
2537 4351 2699 4435 φησὶν
2733 4352 3096 4432 (Dionysius)
3135 4353 3453 4427 ἀσύστατον,

1918 4447 1965 4504 εἰ
1986 4442 2062 4523 μὴ
2091 4458 2198 4504 etc.
2229 4450 2456 4505 Hans-r.
2485 4449 2628 4503 Post
2665 4442 2962 4504 ἀσύστατον
2999 4447 3068 4502 V.
3106 4444 3269 4505 addit
3298 4447 3359 4504 οὗ
3398 4445 3455 4505 δᾶ

1916 4532 2162 4616 περιττὸν
2203 4535 2276 4599 ὡς
2322 4532 2667 4612 οἶσκείμινον.
2693 4566 2770 4581 --
2801 4536 2875 4592 52
2906 4533 3020 4593 ἀντὶ
3065 4554 3179 4593 0111.
3221 4535 3315 4608 O„
3350 4536 3456 4612 qui

1916 4623 2304 4702 προστακτικὸν
2357 4623 2430 4683 Θ.
2450 4660 2532 4673 -
2560 4645 2585 4681 1
2637 4621 2879 4704 ἐμφαίνει
2923 4627 3106 4682 Dorv.
3165 4656 3246 4667 —-
3288 4630 3323 4691 4
3379 4620 3454 4682 ὧν

1915 4710 2095 4770 Paris.
2125 4713 2269 4787 Reg.
2310 4701 2377 4783 ἦν
2399 4714 2432 4767 J
2440 4722 2558 4768 unt.
2587 4710 2753 4770 Idem
2780 4715 2921 4788 Reg.
2944 4707 3136 4793 τούτῳ,
3158 4723 3226 4769 ut
3252 4712 3454 4789 legen-

1914 4797 2056 4856 dum
2078 4810 2182 4857 est.

1997 4888 2134 4955 324,
2165 4886 2352 4955 14-16
2377 4906 2497 4945 0111.
2519 4889 2591 4944 G.
2615 4885 2743 4969 παρ’
2768 4883 3045 4945 ὑπόνοιαν·
3067 4883 3228 4944 εἰπὼν
3248 4882 3349 4968 γὰρ
3374 4883 3452 4964 μὴ

1912 4974 2324 5058 προσαγοριύειν
2348 4974 2640 5044 ἀσπάζεται
2663 4992 2775 5053 pro
2804 4975 2894 5033 his
2925 4974 3091 5052 ponit
3117 4978 3186 5032 V.

1999 5064 2138 5140 325,
2161 5066 2329 5125 18-21
2359 5065 2446 5124 sic
2479 5064 2542 5126 in
2569 5068 2661 5137 V.,
2694 5061 2828 5142 μετὰ
2853 5061 3049 5131 τάξεως
3073 5061 3165 5122 καὶ
3190 5063 3453 5135 σπουδῆς,
