3859 5725
412 241 527 296 436

406 365 532 445 φασὶ
561 370 858 422 Kusterns.
891 357 1017 440 φησὶ
1046 361 1112 416 V.
1144 355 1271 415 Ald.
1296 395 1368 407 -
1396 354 1470 422 46
1499 352 1603 412 Ἀθ.
1628 352 1831 424 ἤσκητο
1857 353 1927 407 V.

407 467 465 509 01
497 450 703 509 Suidas
743 469 786 505 s,
825 445 1106 518 Ἀθηναίων
1151 440 1448 501 δυσὸουλία.
1488 440 1811 518 Legebatur
1837 439 1932 494 ὲν-

406 541 606 618 σκῆψαι
638 536 826 600 αὐτοῖς.
854 570 916 582 —-
946 541 1017 604 47
1061 527 1393 610 βουλεύεσθαι
1417 525 1534 604 μὲν,
1566 527 1844 584 ἀποκλῖναι
1875 519 1932 579 δὲ

405 627 579 689 καλῶς
612 622 741 680 ΛΙιΙ.
772 658 833 670 -
855 621 931 688 48
953 624 1105 677 τοῦτο
1126 616 1185 674 τὸ
1209 622 1352 675 V.-
1376 625 1452 691 49
1478 635 1592 672 0111.
1617 619 1681 672 V.
1706 625 1765 671 et
1791 612 1927 671 Sui-

404 714 529 771 1123.
551 754 612 763 -
645 711 718 767 50
742 705 1019 786 εὖτυχήσει
1042 710 1106 763 V.
1138 706 1368 782 εὐτυχεῖς
1393 703 1520 761 ΛΙά.
1547 704 1778 779 εὐτυχεῖν
1799 699 1934 757 Sui-

405 801 525 858 das.
558 796 936 858 Emendatum
977 814 1048 851 ex
1080 792 1352 850 Athenaeo
1388 811 1486 862 10,
1519 810 1574 866 p.
1608 791 1738 854 425.
1768 824 1832 835 -
1858 784 1925 842 51

403 891 498 957 τῆς
534 885 746 955 Ἀθηνᾶς
778 889 1075 941 Kusterus.
1113 886 1250 955 Reg.
1286 879 1433 935 2821
1474 878 1545 935 n.
1568 875 1696 956 πρὸς
1718 874 1933 943 Ἀθηνᾶν

407 964 605 1049 ἐρείσας
629 962 760 1042 (sic)
781 960 910 1041 ὑπὲρ
926 964 1020 1031 τῆς
1037 957 1236 1023 πόλεως
1253 957 1342 1014 καὶ
1361 962 1500 1029 ἡττ.,
1521 955 1670 1014 δυσ6.
1692 952 1933 1010 ἐνίὸαλεν

408 1050 721 1124 Ἀθηναίοις,
745 1048 805 1120 ἣν
828 1048 1015 1117 Ἀθηνᾶ
1033 1045 1193 1106 πάλιν
1215 1042 1471 1122 μετίὸαλε
1490 1041 1616 1122 πρὸς
1635 1040 1696 1100 τὸ
1717 1040 1933 1119 βέλτιον.

410 1140 686 1201 Scholion
722 1138 835 1211 589
861 1155 974 1194 om.
997 1140 1068 1192 V.

489 1228 623 1304 591,
652 1246 707 1297 7,
744 1221 1131 1285 ὅτι-τοιοῦτος
1158 1241 1269 1279 0111.
1293 1224 1367 1278 V.
1395 1251 1474 1265 —
1498 1218 1533 1275 8
1556 1215 1751 1296 πέτραν
1781 1220 1850 1273 R.
1874 1250 1937 1264 —

412 1327 483 1387 14
511 1314 566 1382 ὃς
596 1320 978 1373 Hei-mannus.
1000 1309 1029 1368 ὃ
1057 1310 1183 1368 Ald.

486 1404 599 1480 595
618 1443 634 1471 ,
662 1410 733 1470 24
764 1402 868 1457 τῶν
893 1396 1012 1478 περὶ
1037 1395 1228 1476 ἄνδρου
1254 1402 1324 1455 R.
1367 1393 1681 1474 Terpandri
1707 1412 1937 1451 versum

406 1493 693 1568 integrum
736 1487 987 1545 servavit
1027 1483 1267 1554 suidas»,
1309 1482 1445 1596 ἐμφί
1485 1504 1576 1560 μοι
1600 1479 1754 1540 αὐτὸν
1783 1480 1938 1558 (duo

404 1580 573 1637 codd.
609 1567 674 1635 αὗ
706 1574 814 1633 τὸν.
845 1573 1260 1650 corrigendum
1292 1593 1437 1636 αυτις
1465 1591 1538 1629 ex
1570 1570 1793 1628 scholio
1827 1573 1939 1627 Ra-

405 1663 693 1740 vennate)
734 1660 920 1741 ἄναχθ’
961 1656 1281 1730 ἐκατηὸόλον
1328 1656 1499 1739 ᾀδέτω
1542 1655 1676 1738 φρήν
1693 1679 1708 1693 ·
1757 1655 1856 1714 ubi
1902 1658 1937 1725 ἡ

405 1752 538 1835 φρήν
576 1750 874 1811 Ernestius
890 1790 906 1817 ,
951 1749 1162 1806 rectius
1210 1751 1574 1806 Hermannus
1619 1741 1938 1802 ἑκαταὸόλον

405 1839 575 1900 ἀδίτω
619 1840 654 1897 ἃ
695 1836 848 1919 φρήν.
902 1841 1080 1894 Dum.
1121 1869 1186 1883 -
1226 1836 1301 1891 30
1342 1836 1448 1890 τῶν
1486 1829 1939 1911 διθυραμὸοποιῶν

402 1907 722 1989 iirnestim.
749 1961 811 1974 -
837 1925 911 1980 38
944 1922 1296 2002 ἀντίστροφος.
1333 1918 1531 2001 ἔφαμεν
1558 1924 1628 1976 V.
1658 1957 1722 1970 -
1746 1920 1821 1994 39
1849 1916 1943 1983 τὰς

405 2011 744 2096 ἀντιστροφὰς
771 2010 862 2070 καὶ
889 2009 982 2078 τὰς
1005 2008 1242 2090 ἐπῳδὰς,
1270 2006 1485 2073 ἅστινας
1502 2052 1519 2081 ,
1551 2017 1628 2078 40
1647 2004 1828 2087 ὥσπερ
1852 1995 1941 2063 οὗν

404 2106 669 2162 κάνταῦθα
699 2099 762 2160 τὸ
798 2102 912 2158 ἀντ.
950 2103 1020 2157 V.
1050 2133 1112 2146 -
1143 2106 1210 2165 41
1247 2093 1428 2177 ὥσπερ
1459 2116 1573 2154 om.
1597 2101 1688 2167 V.‚
1720 2094 1821 2172 qui
1850 2092 1941 2152 καὶ

404 2191 494 2251 ἐπὶ
523 2198 751 2258 V.-.!;4
781 2192 873 2247 τοῦ
898 2185 1019 2245 ὅλου
1046 2186 1328 2255 Alth-..45
1351 2186 1442 2244 καὶ
1468 2185 1618 2263 δεῦρο
1634 2184 1840 2263 V.‚qui
1870 2184 1935 2241 51

407 2288 441 2353 ἡ
466 2294 523 2339 et
551 2278 686 2338 οὕτω
709 2297 824 2336 om.
851 2313 913 2326 --
951 2277 1024 2333 52
1063 2272 1361 2352 ἱππονόμαν
1391 2272 1503 2333 ὅσθ’
1534 2278 1602 2331 V.
1626 2310 1687 2323 --
1718 2294 1737 2331 1
1773 2270 1945 2332 «boten

408 2376 476 2427 V.
508 2368 721 2425 omisso
764 2361 909 2431 ἄναξ.
938 2398 1003 2411 -
1036 2382 1094 2418 11
1143 2363 1299 2420 αὐτοῦ
1332 2361 1648 2421 ErnestiuS.
1690 2364 1782 2419 τοῦ
1812 2360 1943 2420 Ald.

491 2454 628 2531 596,
656 2473 722 2524 17
749 2470 834 2527 sq.
862 2449 980 2506 Ald.
1005 2447 1116 2505 ἔστι
1144 2447 1197 2507 δὲ
1228 2447 1344 2529 ὄρος
1367 2449 1543 2519 Δήλου
1564 2453 1599 2520 ἡ
1627 2448 1826 2515 Κύνθος
1847 2473 1861 2487 ·
1885 2449 1947 2509 τὸ

406 2540 466 2600 δὲ
493 2538 781 2623 ὑψικέρατα
812 2535 1004 2617 πέτραν
1028 2535 1225 2616 ἆπῳδός
1250 2540 1381 2597 ἔστι.
1415 2536 1476 2596 τὸ
1511 2536 1637 2596 αὐτὸ
1666 2536 1723 2595 δὲ
1757 2536 1943 2618 μέτρον

409 2634 485 2711 τῷ
527 2629 675 2707 μέλει
710 2629 788 2708 τῷ
823 2623 1045 2705 πρώτῳ,
1078 2624 1168 2684 καὶ
1202 2624 1319 2696 ίξῆς
1347 2624 1500 2687 οὕτω.
1531 2625 1642 2686 ἔστι
1679 2624 1735 2684 δὲ
1766 2648 1946 2707 παρα-

409 2716 592 2797 γόητος
614 2714 741 2773 αντὶ
760 2718 856 2782 ,τοῦ
880 2714 1024 2794 ὑψικ.

494 2810 637 2883 599,
679 2825 749 2881 19
782 2801 872 2862 τὸν
904 2799 1097 2860 Ἥλιον
1119 2805 1224 2862 εῦθ.
1264 2806 1302 2874 ἡ
1338 2800 1579 2885 Ἄρτεμις
1616 2803 1745 2862 ΔΗ.
1780 2847 1841 2858 -.
1869 2823 1945 2863 20

409 2888 472 2968 ἧς
494 2893 629 2974 ἱερὸς
651 2888 782 2970 Ἔφ.
804 2895 873 2948 R.
905 2879 970 2960 ἧς
989 2893 1024 2961 ἡ
1049 2884 1178 2971 Ἔφ.
1217 2890 1348 2948 Ald.

490 2984 604 3039 600
624 2982 716 3049 τῆς
729 2967 1129 3059 γὰρ-ἧν.ἔνθα
1152 3000 1210 3037 σε
1230 2977 1384 3059 κόραι
1412 2979 1584 3037 αἰτῶν
1602 2979 1789 3039 Λυδῶν
1806 3002 1947 3063 παρ-

411 3069 549 3128 θένοι
576 3056 621 3126 ὦ
640 3062 861 3147 Ἄρτεμι
890 3068 1117 3144 τιμῶσιν
1145 3072 1214 3125 V.

489 3159 603 3222 604
625 3200 640 3228 ,
675 3158 748 3213 26
788 3152 922 3233 μετὰ
948 3151 1118 3235 δᾴδων
1144 3174 1255 3212 0111.
1284 3158 1350 3211 V.
1380 3191 1441 3204 -
1470 3154 1545 3211 28
1566 3156 1627 3214 Δ.
1656 3157 1710 3212 ἐν
1733 3155 1945 3220 πεύκαις

410 3249 477 3301 V.
515 3242 568 3309 ὃς
604 3240 852 3300 πεύκαισι
889 3240 1013 3298 Άίἀ.
1060 3241 1314 3298 Mutavit
1351 3240 1683 3299 Dindorfius
1709 3262 1779 3300 ex
1810 3251 1943 3302 Ran.

417 3351 515 3388 121
536 3352 581 3388 1.
608 3332 801 3412 νευρῶν
824 3333 894 3387 V.
921 3355 979 3368 -
1011 3329 1084 3386 30
1103 3326 1375 3409 παρθένοις
1397 3326 1492 3386 σὺν
1511 3328 1758 3408 Δελφίσιν
1780 3334 1947 3389 resti-

411 3430 596 3475 tutum
632 3436 705 3475 ex
736 3415 954 3473 scholio
996 3417 1303 3471 Ranarum.
1351 3412 1445 3472 σὺν
1484 3415 1755 3493 παρθένοις
1796 3419 1946 3489 Am„

412 3504 625 3561 omisso
657 3500 998 3582 Δελφίσιν.-
1015 3501 1205 3559 31-33
1236 3500 1408 3558 habet
1437 3506 1507 3559 R.
1529 3500 1584 3560 δὲ
1611 3502 1700 3560 καὶ
1723 3508 1813 3576 V„
1847 3506 1946 3581 qui

415 3595 486 3649 32
518 3594 546 3650 ὃ
580 3602 712 3649 ante
746 3590 857 3654 θεὸς
887 3608 1000 3646 0111.
1031 3627 1092 3639 -
1118 3591 1190 3647 33
1216 3590 1406 3667 pergit
1428 3593 1496 3647 V.
1528 3587 1590 3647 τὸ
1621 3588 1677 3649 δὲ
1711 3589 1947 3670 Βάκχαις

412 3676 658 3758 Δελφίσιν
683 3673 991 3757 ἐμπρέπων,
1020 3673 1102 3733 ὅτι
1124 3676 1212 3735 καὶ
1246 3678 1356 3733 ἐκεῖ
1388 3678 1606 3753 ἐτιμᾶτο
1630 3682 1662 3737 ὁ
1682 3679 1945 3745 Διόνυσος.

413 3764 633 3845 Δελφίσι
672 3764 763 3823 καὶ
791 3762 1001 3844 (scrib.
1045 3760 1138 3840 δὲ)
1181 3771 1296 3830 ταῖς
1335 3761 1431 3835 τὴν
1463 3762 1725 3845 Δελφικὴν
1768 3765 1948 3849 χώραν

415 3874 796 3915 κατοικουσαις.

492 3942 627 4012 607,
652 3941 727 4015 39
747 3942 903 3997 τοῦτο
927 3958 1043 3996 0111.
1071 3941 1164 4010 R.,
1202 3948 1384 3994 totum
1416 3938 1675 3995 scholion
1697 3943 1762 3998 V.

495 4029 631 4102 609,
665 4028 736 4084 52
772 4026 925 4084 conf.
947 4026 1127 4083 schol.
1172 4024 1322 4081 Pluti
1360 4027 1490 4082 322.
1513 4045 1670 4106 φησιν
1708 4030 1772 4083 R.
1805 4028 1950 4085 V.-

414 4117 681 4194 προθεῖναι
704 4113 1018 4171 Ernestius.
1043 4114 1346 4192 προσθεῖναι
1368 4111 1518 4171 libri.
1539 4110 1667 4191 ὅπερ
1689 4113 1741 4170 ἐν
1763 4110 1951 4195 χρήσει

414 4201 622 4279 γέγονεν
650 4207 742 4274 V„
764 4201 865 4277 qui
899 4220 1012 4276 7-9
1042 4201 1145 4272 sic,
1176 4199 1394 4278 ἀρχαῖον
1438 4196 1550 4266 ἔθος
1581 4199 1643 4259 τὸ
1676 4208 1790 4265 ταῖς
1827 4201 1949 4258 ἑπι-

416 4291 626 4355 οτολαῖς
654 4288 992 4370 προστιθέναι
1019 4288 1079 4346 τὸ
1106 4287 1332 4370 χαίρειν,
1349 4286 1440 4345 καὶ
1468 4289 1561 4345 οὐκ
1577 4287 1690 4346 ἔστι
1711 4286 1897 4348 Κλέων
1921 4290 1951 4347 ὁ

416 4381 622 4459 πρῶτος
642 4376 806 4442 οὕτως
818 4375 1139 4450 ἐπιστείλας,
1160 4376 1231 4443 ὥς
1258 4399 1386 4457 φασι
1411 4374 1570 4441 τινές.

501 4466 617 4522 615
649 4464 1121 4546 Καὶ-εὖεργετεῖν
1151 4465 1212 4524 in
1234 4466 1345 4522 fine
1368 4464 1567 4522 scholii
1593 4465 1834 4522 collocat
1854 4469 1948 4537 V.,

421 4565 554 4632 post
581 4551 841 4611 scholion
869 4571 922 4609 v.
951 4554 1065 4609 618
1093 4552 1266 4611 habet
1294 4558 1354 4611 R.
1375 4587 1438 4602 -
1465 4554 1532 4610 15
1573 4550 1628 4610 δὲ
1655 4554 1790 4629 ὑμᾶς
1829 4571 1948 4609 0111.

499 4728 636 4797 616,
675 4746 739 4797 17
767 4745 852 4802 sq.
880 4727 1063 4783 solum
1086 4725 1464 4809 συνταράττειν
1489 4724 1704 4785 habent
1729 4732 1799 4784 V.
1819 4728 1948 4786 Md.

422 4853 485 4868 ..-
504 4817 578 4872 18
620 4834 704 4890 sq.
732 4812 927 4894 γράφεν
974 4810 1101 4894 [sic]
1130 4815 1184 4873 δὲ
1214 4812 1267 4882 ἐξ
1297 4812 1545 4895 ἑκατέρου
1564 4813 1625 4871 τὸ
1643 4813 1949 4893 ταράττειν,

420 4900 509 4964 καὶ
530 4900 589 4960 τὸ
615 4899 710 4978 μὲν
736 4900 949 4959 ἀπὸτοῦ
969 4911 1154 4974 κυκᾶν,
1175 4901 1235 4960 τὸ
1253 4900 1309 4959 δὲ
1329 4902 1434 4961 ἀπὸ
1478 4906 1570 4960 τοῦ
1606 4903 1854 4980 κυδοιμοῦ
1876 4908 1948 4961 V.

500 4991 647 5066 619,
679 4991 752 5047 36
781 4987 918 5046 κατὰ
942 4986 1095 5066 λόγον
1125 4988 1186 5048 τὸ
1212 4990 1345 5064 eim,
1394 4992 1465 5061 37
1511 4986 1612 5070 γὰρ
1649 4994 1741 5048 τοῦ
1779 4994 1845 5047 V.
1890 4987 1953 5047 τὸ

1538 218 1980 283 ADNOTATIO
2022 215 2100 276 ΙΝ
2143 214 2407 276 scfloL.

2019 364 2131 401 om.
2157 350 2226 402 R.
2245 377 2324 386 —
2343 344 2415 400 38
2436 341 2533 415 τὴν
2555 341 2737 423 ἑορτὴν
2760 349 2823 400 V.
2844 342 3169 422 ὓπερὸαίνειν
3214 340 3307 410 τὰς
3341 336 3544 410 δεήσεις

2017 428 2217 493 καὶτὰς
2244 429 2426 510 ἑορτὰς
2450 430 2652 507 ἀνάγκη
2688 431 2807 487 Ald.

2100 519 2237 589 621,
2281 526 2310 584 4
2327 538 2348 574 1
2403 516 2582 575 verba
2632 515 2902 576 διαὸάλλει
2947 517 3067 585 τοὺς
3103 521 3325 592 ποιητάς
3371 520 3546 580 habet

2020 610 2088 663 R.
2113 618 2242 664 ante
2276 605 2534 663 scholion
2575 626 2629 663 v.
2672 607 2806 663 618.
2845 613 2976 684 Reg.
3013 611 3158 665 2821
3190 610 3425 668 ἀπαο-τία
3450 611 3546 687 γί-

2019 718 2165 753 νεται
2185 695 2290 754 ἀπὸ
2315 700 2407 754 τοῦ
2431 720 2464 753 α
2486 699 2795 778 στερητικοῦ
2820 695 3001 776 μορίου
3047 697 3136 756 καὶ
3174 705 3265 757 τοῦ
3301 700 3427 758 πάω
3460 703 3548 757 ‘stili

2019 780 2080 840 τὸ
2107 785 2347 859 κτῶμαι,
2376 774 2435 840 οὗ
2455 786 2484 841 ὁ
2507 781 2716 861 μέλλων
2756 783 2939 842 πάσω·
2969 784 3058 867 ἀφ’
3081 779 3139 844 οὗ
3161 786 3252 845 καὶ
3276 788 3548 846 πάσασθαι

2020 866 2082 927 τὸ
2109 876 2292 949 φαγεῖν
2314 866 2461 949 παρὰ
2486 877 2750 941 ποιηταῖς.

2101 958 2238 1029 623,
2266 959 2302 1014 6
2328 957 2454 1035 ἱεροὶ
2475 960 2785 1016 Erneslius.
2807 959 2960 1039 ἱερεῖς
2983 959 3107 1018 Ald.

2102 1046 2238 1110 624,
2274 1048 2341 1102 13
2379 1043 2550 1111 ἄλλως
2576 1048 2865 1123 praeponit
2906 1052 2974 1104 V.
3022 1060 3079 1104 et
3113 1045 3217 1127 γὰρ
3254 1068 3454 1107 om.—
3483 1058 3548 1113 14

2022 1133 2175 1212 ἱερῶν
2206 1136 2277 1190 R.
2299 1136 2511 1213 ἡμερῶν
2533 1140 2669 1192 V.—
2691 1137 2760 1191 16
2788 1133 2945 1212 μόνον
2972 1141 3043 1196 V.
3070 1157 3177 1214 pro
3206 1136 3550 1218 Ὑπέρὸολον.

2101 1218 2239 1289 625,
2270 1239 2341 1277 22
2372 1223 2442 1287 ὡς
2474 1220 2536 1279 ἂν
2563 1220 2703 1289 ἄξιον
2722 1213 2787 1292 ἦν
2812 1227 3190 1281 Hermantnm.

2103 1309 2239 1380 627,
2272 1308 2457 1365 28-30
2480 1307 2909 1389 πάλιν-ἀμαθία
2934 1331 3048 1368 0111.
3087 1317 3226 1368 V...
3246 1313 3314 1369 31
3341 1335 3556 1393 χαριεν-

2022 1392 2289 1470 τιζόμενον
2315 1395 2439 1454 ΑΙά.
2463 1434 2527 1446 -
2557 1398 2628 1454 32
2676 1395 2924 1456 Μέλιτον.
2956 1403 3027 1456 V.
3064 1398 3190 1456 Ald.
3239 1401 3462 1458 Deinde
3487 1408 3554 1457 V.

2025 1479 2296 1540 διαὸάλλει
2325 1483 2397 1548 εἷς
2421 1483 2675 1555 ἀθεότητα
2703 1484 2791 1543 τὸν
2822 1487 2906 1558 Σ.,
2931 1486 3198 1544 omittens
3216 1484 3303 1544 διὰ
3327 1491 3423 1558 τῆς
3444 1511 3550 1546 πο-

2024 1569 2281 1646 λυμαθίας
2313 1570 2547 1645 Aldinae,
2576 1572 2731 1650 quod
2754 1594 2828 1630 ex
2868 1572 3085 1630 scholio
3132 1578 3464 1633 Ravennate
3495 1577 3556 1633 in

2025 1657 2298 1722 πολυθεΐας
2321 1660 2559 1718 mutavit
2586 1661 2916 1719 Dindorssus
2953 1675 3011 1719 01
3036 1661 3295 1719 lacunam
3327 1662 3556 1721 indica-

2026 1744 2109 1802 vit
2135 1765 2148 1800 ι
2181 1769 2205 1795 ιι
2232 1749 2494 1804 Fortasse
2519 1751 2673 1805 τοῦτο
2703 1746 2757 1804 δὲ
2787 1748 3017 1808 excidit.
3042 1775 3066 1801 n
3084 1784 3147 1798 --
3176 1750 3248 1806 36
3274 1746 3371 1821 τὴν
3420 1752 3554 1808 ἀνα-

2024 1830 2189 1902 πνοὴν
2217 1832 2345 1890 Ald.

2107 1921 2243 1993 629,
2280 1930 2342 1987 41
2371 1915 2490 1985 τοὺς
2518 1919 2720 1999 μωροὺς
2758 1918 2862 1979 άπὸ
2891 1925 2988 1993 τῆς
3025 1931 3209 1989 σκαιᾶς
3236 1924 3399 1983 addit
3427 1928 3559 1985 ΑΜ.

2108 2007 2243 2077 630,
2285 2015 2353 2074 44
2394 2005 2734 2083 σκαλεύματα
2764 2010 2964 2090 σμικρὰ
3009 2009 3100 2068 καὶ
3145 2011 3313 2070 λεπτὰ
3348 2014 3562 2074 ΔΜ.-

2033 2094 2103 2163 45
2127 2091 2367 2169 νοήματα
2394 2094 2484 2151 καὶ
2514 2093 2677 2176 μικρὰ
2708 2118 2791 2153 σκ.
2819 2102 2882 2154 R.
2927 2096 3325 2179 σκαριφεύματα
3352 2102 3562 2160 Suidas

2029 2199 2075 2239 5.
2133 2180 2600 2262 Σκαλαθυρμάτια.
2623 2219 2681 2231 —
2728 2184 2803 2249 46
2850 2203 2938 2261 sq.
2990 2182 3219 2262 ἔγκειται
3259 2182 3313 2242 δὲ
3360 2188 3450 2245 καὶ
3499 2190 3564 2246 τὶ

2031 2266 2264 2349 ἄθυρμα,
2299 2269 2453 2327 οἱονεὶ
2484 2268 2721 2346 παίγνια,
2749 2269 2837 2328 καὶ
2864 2269 3010 2330 οὐδὲν
3041 2271 3319 2340 ἀξιόπιστα
3342 2277 3474 2333 Ald.
3499 2291 3562 2335 et

2032 2357 2294 2413 similiter
2324 2355 2549 2415 Suidas.

2112 2446 2252 2517 633,
2285 2443 2358 2501 50
2387 2441 2503 2500 ἀντὶ
2540 2448 2632 2504 τοῦ
2673 2441 2842 2512 ἔξελθε
2885 2445 3058 2504 habet
3091 2451 3179 2519 R.,
3216 2444 3387 2514 ἔξελθε
3434 2453 3565 2529 φησί

2034 2535 2102 2589 V.
2159 2530 2430 2589 Scholion
2504 2531 2665 2589 futile
2728 2533 2933 2608 legitur
2983 2536 3287 2593 maximam
3340 2549 3564 2614 partem

2032 2619 2188 2696 apud
2222 2619 2566 2677 Favorinum
2619 2619 2679 2676 in
2728 2619 2858 2677 Aldi
2890 2622 3086 2679 Hortis
3130 2622 3320 2681 Adon.
3365 2624 3466 2683 sol.
3489 2627 3563 2692 54

2035 2720 2209 2765 recto.
2235 2712 2418 2765 Dum.
2436 2742 2498 2754 -
2520 2716 2549 2776 4
2586 2705 2721 2783 μετὰ
2756 2711 2900 2784 κῦμα
2924 2709 3121 2768 Μὰ.-
3145 2711 3214 2768 15
3243 2710 3333 2768 τὸν
3361 2711 3568 2770 ἀσκάν-

2031 2818 2128 2867 την
2162 2792 2216 2852 δὶ
2245 2793 2331 2852 τὸν
2362 2798 2431 2851 G.

2113 2885 2251 2955 638,
2283 2882 2558 2941 23-25111
2585 2884 2698 2943 fine
2724 2884 2924 2943 scholii
2959 2906 3016 2943 v.
3046 2888 3161 2957 643
3191 2889 3358 2966 ponit
3386 2896 3457 2949 R.
3486 2889 3570 2949 ὅτι

2034 2969 2264 3054 διαφέρει
2282 2976 2519 3039 v.-24
2545 2970 2722 3053 πατὴρ
2767 2969 2959 3054 μέτρου
3003 2978 3032 3033 ὁ
3076 2974 3292 3054 ῥυθμὸς,
3319 2980 3566 3056 Longini

2035 3061 2252 3119 dictum
2277 3060 2473 3137 fragm.
2504 3062 2556 3131 3,
2600 3080 2646 3115 1.
2685 3060 2851 3118 Cons.
2896 3063 3213 3121 Maximum
3252 3066 3568 3123 Planudem

2035 3153 2095 3208 in
2116 3148 2321 3207 Walzii
2343 3146 2690 3206 Rhetoribus
2713 3148 2830 3206 vol.
2858 3149 2913 3222 5,
2939 3170 2996 3229 p.
3027 3154 3162 3223 473.
3189 3156 3372 3211 Dum.
3400 3157 3429 3210 ὁ
3450 3175 3566 3212 0111.

2034 3244 2098 3295 R.
2116 3235 2322 3295 AldJn
2340 3239 2479 3312 Reg.
2497 3236 2645 3294 2821
2674 3235 2933 3294 scholion
2955 3250 3041 3295 est
3065 3238 3138 3296 de
3165 3238 3415 3298 utilitate
3434 3254 3564 3297 stu-

2035 3324 2286 3396 diorum,
2320 3324 2378 3381 in
2406 3320 2569 3399 cujus
2612 3324 2723 3382 fine
2747 3324 2886 3396 haec,
2913 3323 3026 3382 δέον
3051 3316 3140 3384 οὖν
3168 3327 3282 3384 ἔστι
3304 3327 3434 3407 πρὸς
3457 3338 3569 3393 τοῖς

2035 3410 2212 3477 ἄλλοις
2247 3407 2339 3470 καὶ
2364 3408 2431 3467 τὰ
2459 3409 2579 3492 περὶ
2607 3407 2814 3492 μέτρων
2842 3412 3119 3488 μανθάνειν
3141 3437 3154 3449 ·
3184 3413 3324 3472 οὕτω
3354 3414 3456 3493 γὰρ
3501 3414 3569 3473 ἂν

2034 3498 2124 3558 καὶ
2158 3496 2331 3557 πολλὰ
2351 3499 2456 3556 τῶν
2481 3502 2773 3569 ποιητικῶν
2807 3500 3007 3579 στίχων
3042 3499 3458 3583 παραφθαρὲντα
3489 3505 3571 3582 τῷ

2035 3585 2208 3667 χρόνῳ
2235 3585 2471 3666 διορθοῦν
2500 3583 2615 3663 ἔχοι
2637 3609 2734 3652 τις.

2116 3677 2252 3749 639,
2281 3676 2352 3730 26
2383 3670 2830 3751 Λείπει-μαθεῑν
2858 3695 2972 3733 0111.
3002 3680 3102 3746 G.,
3137 3696 3211 3747 27
3238 3688 3298 3733 01
3334 3677 3409 3733 28
3449 3696 3568 3736 0111.

2035 3765 2107 3819 V.
2133 3759 2379 3839 μουσικός
2407 3762 2720 3820 Ernestius.
2750 3761 2982 3839 κωμικός
3012 3763 3141 3821 Ald.
3186 3763 3351 3822 Cous.
3384 3765 3568 3822 schol.

2036 3871 2089 3906 v.
2108 3852 2241 3917 641.
2257 3891 2321 3900 ..-
2336 3868 2409 3923 29
2426 3846 2480 3906 δὲ
2498 3869 2614 3908 0111.
2635 3854 2704 3907 R.
2728 3847 2886 3908 πάλιν
2907 3854 2972 3907 V.
2995 3851 3108 3921 Qui
3131 3850 3214 3908 sic
3241 3851 3445 3909 scribit
3476 3873 3570 3910 se-

2037 3938 2301 4014 quentia:
2329 3935 2656 4015 ἀπεκρίνατο.
2693 3939 2723 3995 δ
2765 3935 2859 4014 μὲν
2889 3935 2990 4018 γὰρ
3015 3936 3083 3995 τὰ
3114 3940 3220 3996 τῶν
3251 3937 3570 4015 ποιημάτων

2035 4024 2182 4103 ἔλεγε
2204 4024 2391 4106 μέτρα,
2425 4029 2452 4083 δ
2480 4023 2534 4082 δὲ
2559 4027 2630 4090 ὣς
2663 4023 2751 4085 ἐπὶ
2786 4028 2890 4084 τῶν
2919 4029 3161 4107 γεωργῶν
3192 4029 3322 4103 (scr.
3347 4049 3572 4108 γεωργι-

2038 4113 2171 4191 κῶν)
2202 4111 2406 4194 μέτρων
2434 4110 2659 4181 ἐδέξατο.
2684 4111 2825 4192 λέγει
2862 4113 2916 4171 δὲ
2949 4112 3030 4173 ὅτι
3061 4112 3166 4192 ἐγὼ
3195 4114 3321 4194 χθὲς
3342 4116 3446 4175 ὑπὸ
3469 4140 3572 4193 με·

2035 4205 2228 4281 τρητοῧ
2258 4199 2554 4277 ἐζημιώθην
2600 4199 2690 4259 δύο
2734 4201 2989 4281 χοίνικας.
3021 4202 3401 4283 ἀλφιταμοιόοὶ
3437 4205 3496 4262 δὲ
3523 4208 3574 4263 οἱ

2036 4287 2102 4346 τὰ
2128 4287 2321 4369 ἄλφιτα
2349 4288 2650 4366 ἅμείὸοντες
2671 4292 2743 4355 ὡς
2769 4294 2895 4367 (scr.
2933 4289 3047 4366 καὶ)
3069 4291 3458 4371 πιπράσκοντες
3483 4296 3578 4371 (ὣς

2037 4397 2096 4433 π.
2123 4395 2239 4434 om.
2270 4376 2381 4452 G.).
2411 4375 2574 4433 Conf.
2599 4377 2779 4434 schol.
2810 4397 2864 4434 v.
2897 4379 3034 4445 643.

2119 4465 2236 4530 640
2287 4462 2659 4544 ἀλφιταμοιὸοὶ
2706 4453 2795 4521 οὖν
2834 4467 2885 4522 οἱ
2923 4462 2993 4524 τὰ
3032 4463 3226 4542 ἄλφιτα
3269 4464 3577 4542 ἀμείὸοντες

2039 4551 2126 4611 καὶ
2162 4549 2546 4632 πιπράσκοντες
2577 4557 2650 4611 R.
2681 4553 2900 4628 reliqua
2923 4552 3128 4610 scholii
3155 4566 3318 4630 parte
3338 4554 3575 4612 omissa.

2118 4640 2336 4714 643,51
2370 4636 2552 4711 ἐκτίης
2566 4638 3095 4717 Β.ἡμιεκτέονἿ.-
3117 4641 3151 4697 8
3177 4661 3250 4719 χρ
3284 4640 3578 4717 ἡμιακτέον

2044 4734 2110 4786 V.
2136 4750 2224 4807 χρ.
2246 4726 2333 4784 διὰ
2355 4724 2632 4808 διφθόγγου
2659 4725 2971 4803 ἡμιεκταίου
2997 4728 3127 4789 And.

2119 4817 2257 4889 644,
2298 4834 2364 4872 10
2392 4834 2517 4892 sqq.
2555 4818 2759 4892 Inepte
2795 4815 3099 4873 scholiasta
3124 4812 3375 4894 περίδου,
3415 4813 3578 4890 quod

2040 4914 2125 4960 est
2149 4923 2184 4960 a
2201 4901 2549 4982 περιδιδόναι,
2580 4901 2654 4960 ab
2687 4902 2865 4960 verbo
2887 4901 3115 4981 περιδεῖν
3151 4899 3396 4959 derivat.
3415 4937 3482 4948 -
3507 4922 3528 4958 1
3545 4905 3577 4959 5

2041 4988 2167 5048 δίδει
2217 4990 2344 5048 Ald.
2390 4996 2559 5068 Seqq.
2591 5012 2662 5049 ex
2696 4991 2910 5049 scholio
2936 5010 2991 5049 v.
3032 4991 3149 5066 639
3194 4991 3375 5069 petita
3424 5003 3576 5048 sunt.
