3859 5725
891 184 920 219 ο

1705 285 1962 348 PLUTI.

258 432 390 492 dita
416 450 491 490 ex
512 433 585 490 V.
604 427 724 486 —8
753 424 810 484 δέ
842 444 959 484 om.
991 427 1063 483 R.
1092 425 1231 484 ἐστιν
1262 440 1380 481 om.
1414 421 1485 482 Θ.
1523 420 1705 496 ἀμογ.,
1727 419 1800 484 ὣς

261 522 369 581 ἀπ.
400 524 553 578 V.-
575 538 613 595 9
642 513 771 574 αὖτὸ
797 519 867 573 R.
894 514 1017 572 sine
1036 509 1109 571 δὲ.
1152 516 1220 570 In
1250 512 1381 569 loco
1410 507 1693 567 Herodoti
1721 505 1797 563 li·-

261 608 386 682 bri,
420 604 526 667 ἀπὸ
552 603 741 664 τούτου
770 601 871 663 εἶσὶ
910 601 1115 661 στάδιοι
1139 599 1301 680 χίλιοι
1331 600 1403 664 εἷς
1432 595 1523 655 τὸν
1558 593 1800 676 Ἀράδιον

260 694 488 766 κόλπον,
508 694 725 753 omisso
754 688 971 773 ἀπαρτὶ,
991 688 1148 766 quod
1188 698 1321 765 post
1350 685 1516 766 χίλιοι
1560 681 1803 742 inseruit

271 781 712 860 Wesselingius.
742 824 820 836 -.
853 799 920 836 1o
941 776 1146 836 στάδιοι
1191 781 1259 834 R.
1290 787 1349 833 et
1394 771 1803 852 grammaticus

264 872 328 929 in
366 871 604 931 Bekkeri
628 868 844 927 Anecd.
868 887 926 946 p.
955 867 1094 938 418,
1130 866 1218 922 16.
1244 861 1436 923 στάδια
1472 866 1539 919 V.
1564 861 1636 920 Θ.
1665 857 1799 917 Ald.

267 958 318 1020 o'
368 961 541 1019 etiam
587 957 810 1018 suidas.
874 952 1243 1032 ἐὸδομήκοντα
1289 956 1361 1015 Θ.
1433 949 1599 1032 χίλιοι
1648 962 1807 1010 recte

271 1067 515 1125 gramm.
532 1045 788 1105 Bekkeri.
812 1042 1199 1102 Scribendum
1214 1042 1391 1120 igitur
1417 1065 1494 1124 1²·
1524 1045 1702 1099 Dum.
1731 1071 1805 1082 -

279 1158 305 1196 1
321 1158 347 1194 1
380 1135 777 1219 κραπαττάλοις
816 1138 887 1191 R.
918 1133 1212 1214 κραταλοῦς
1236 1135 1304 1189 V.
1327 1128 1691 1189 Pherecratis
1712 1127 1804 1183 lo-

271 1245 407 1284 cum
434 1224 809 1302 integriorem
851 1221 1025 1279 affert
1055 1239 1296 1298 gramm.
1342 1218 1601 1291 Bekkeri,
1643 1223 1713 1276 A.
1756 1212 1810 1273 τί

272 1312 364 1372 δαί
374 1335 392 1387 ;
419 1311 473 1372 τί
505 1311 698 1371 σαυτὸν
743 1309 1004 1369 ἀποτίνειν
1024 1308 1150 1390 τῷδ’
1169 1306 1354 1380 ἀξιοῖςς
1385 1307 1583 1388 φράσον
1604 1327 1715 1382 μοι.
1745 1308 1808 1362 Β.

271 1401 472 1484 ἀπαρτὶ
501 1399 672 1473 δήπου
704 1397 1025 1482 προσλαὸεῑν
1052 1394 1198 1478 παρὰ
1227 1394 1368 1454 τοῦδ’
1397 1393 1565 1474 ἔγωγε
1587 1393 1808 1471 μᾶλλον.

274 1524 351 1535 —-
384 1511 450 1549 12
502 1488 567 1562 δὴ
620 1494 712 1549 τοῦ
755 1485 1043 1569 προλαὸεῖν
1081 1490 1154 1546 R.
1207 1482 1529 1565 προσλαὸεῐν
1568 1502 1809 1560 gramm.

273 1581 540 1639 Bekkeri.
561 1576 846 1660 προλαὸεἶν
868 1582 936 1635 Β.
962 1575 1089 1635 Ald.
1119 1570 1402 1656 προλαὸών
1422 1579 1493 1631 V.
1520 1578 1814 1648 συνωνυμεῖ

277 1664 336 1727 δὲ
364 1668 498 1728 Ald.
532 1673 830 1744 συνωνυμοῖ
863 1664 919 1723 δὲ
940 1667 1012 1725 Θ.
1040 1691 1099 1704 ·-
1129 1666 1196 1721 13
1223 1682 1330 1740 pro
1359 1664 1429 1727 ὣς
1455 1659 1545 1720 καὶ
1576 1658 1812 1734 Καλλίμ.

279 1756 339 1814 in
363 1759 431 1813 V.
452 1754 733 1832 scriptum
764 1752 968 1834 ἄρτιθεν
992 1751 1028 1810 ἃ
1058 1749 1291 1833 βράλλει.
1320 1754 1525 1825 Neque
1568 1750 1682 1807 hoc
1707 1766 1814 1805 ne·-

278 1861 398 1920 que.
421 1843 490 1908 ὣς
517 1841 612 1900 καὶ
631 1839 980 1920 Καλλίμαχος
1006 1838 1184 1897 habet
1208 1844 1279 1896 G.
1297 1866 1360 1878 -
1379 1839 1446 1893 16
1472 1834 1814 1919 διεφθορυίας,

281 1930 369 1988 sic
422 1929 650 1988 correxi
714 1928 1059 2006 scripturam
1113 1926 1332 1984 codicis
1383 1925 1646 2005 διαφορᾶς.
1678 1920 1815 2002 Περὶ

281 2016 672 2101 παρεφθορυίας
697 2015 885 2086 λέξεως
904 2017 998 2074 hic
1018 2014 1165 2073 liber
1186 2027 1430 2073 vocatur
1445 2013 1520 2071 ab
1547 2013 1817 2071 Athenaeo

283 2131 343 2187 9,
368 2129 425 2187 p.
459 2109 597 2181 368,
615 2107 702 2166 vel
724 2108 910 2187 ipsius
933 2105 1024 2164 vel
1045 2104 1265 2163 librarii
1288 2122 1504 2163 errore.
1529 2107 1595 2159 In
1617 2101 1816 2182 διεφθο·

285 2198 431 2284 ρυίας
460 2200 747 2258 consentit
772 2197 1079 2258 scholiasta
1099 2197 1311 2256 Avium
1335 2195 1471 2267 768.
1512 2198 1696 2252 Dum.

371 2290 509 2366 394,
542 2289 616 2346 30
636 2289 748 2365 leg.
771 2284 1012 2346 ἀπελθὼν
1038 2285 1287 2367 φθᾶρηθι,
1313 2295 1374 2341 ut
1398 2287 1538 2361 Reg.

369 2378 483 2452 395
516 2375 707 2437 Ἑστία
749 2373 845 2434 θεὰ
875 2365 940 2446 ἦν
982 2373 1216 2452 θυγάτηρ
1251 2370 1461 2453 Κρόνου
1506 2372 1614 2452 (sic
1645 2370 1817 2429 etiam

284 2466 453 2544 Reg.)
480 2492 540 2505 —
560 2462 726 2546 φύλαξ
754 2463 933 2523 habet
955 2468 1138 2522 Dorv.
1156 2487 1221 2498 —
1244 2461 1318 2520 35
1356 2459 1413 2519 ὃν
1450 2460 1527 2526 εἰς
1551 2460 1728 2517 PariS.
1751 2458 1821 2524 εἰς

284 2554 343 2614 ὃν
379 2559 538 2614 Junt.
564 2554 637 2619 εἰς
662 2551 720 2612 ὃν
747 2554 819 2618 εἰς
837 2558 977 2630 Reg.
997 2577 1062 2592 -
1084 2551 1159 2610 38
1190 2546 1506 2608 fortasse&
1533 2545 1718 2624 λέγεις.
1752 2549 1823 2604 In

285 2643 440 2702 libro
478 2661 650 2720 quem
704 2641 895 2700 scriba
955 2637 1395 2707 transcribebant,
1432 2637 1562 2695 voci
1603 2632 1824 2699 Ἑστίας

289 2730 529 2790 verbum
579 2728 776 2807 λέγεις,
821 2742 942 2788 uta
970 2742 1144 2806 poeta
1184 2726 1489 2804 scriptum,
1521 2724 1669 2784 male
1713 2722 1820 2782 ad-

286 2819 563 2879 haerebat.
595 2818 662 2877 ld
704 2818 979 2878 librarius
1024 2817 1172 2877 dicit
1212 2835 1274 2875 se
1310 2814 1634 2874 delevisse:
1666 2826 1824 2873 recte

284 2910 442 2968 enim
473 2909 679 2966 habuit
700 2928 808 2984 pro
850 2906 1247 2967 additamento
1280 2905 1635 2982 glossatori5‚
1667 2902 1825 2980 quod

288 2996 546 3055 debebat
581 2994 692 3053 ἄνω
737 2998 963 3065 κεῖσθαι,
1004 2995 1043 3052 i.
1095 3012 1147 3052 e.
1185 2993 1645 3070 superscriptum
1703 3011 1826 3050 esse

289 3086 423 3144 voci
451 3082 686 3148 Ἑστίας.
708 3088 1005 3144 Senam.

373 3173 509 3249 396,
542 3181 610 3240 41
644 3167 801 3229 αὐτὸν
826 3188 942 3227 om.
972 3170 1046 3230 Θ.

372 3264 507 3336 397,
555 3269 628 3329 44
669 3260 747 3339 ἐφ’
773 3260 884 3331 ἐι,
934 3255 1009 3327 45
1056 3252 1416 3336 περιτρέπειν,
1451 3255 1524 3324 46
1567 3253 1688 3336 περί
1736 3277 1828 3315 του

289 3350 633 3411 Schaeserus.

374 3440 507 3514 398,
539 3447 610 3511 47
654 3433 989 3496 Dindorfius
1043 3430 1263 3490 addidit
1315 3429 1649 3506 διαπίμπεις.
1695 3429 1829 3490 Ὅτι

290 3546 404 3585 om.
426 3531 492 3584 V.
516 3554 580 3567 -
600 3527 676 3595 48
706 3524 789 3583 Οὔ
815 3520 920 3602 γὰρ
945 3524 1014 3582 V.
1040 3508 1307 3589 οὖ-ἧλθε
1333 3537 1448 3577 om.
1470 3520 1542 3579 Θ.
1569 3516 1830 3596 μετέστει-

291 3614 389 3672 λαν
417 3615 550 3674 Ald.
579 3611 666 3672 διά
691 3610 810 3671 ἀντὶ
828 3613 924 3680 τῆς
948 3605 1085 3687 μετά
1115 3605 1298 3665 habet
1328 3610 1401 3667 R.
1432 3611 1581 3664 Tum
1613 3607 1824 3685 pergit,

290 3700 359 3761 τὰ
382 3700 675 3784 πράγματα
698 3702 754 3758 ἐν
777 3698 965 3779 τούτῳ.
990 3694 1075 3756 ὅτι
1100 3697 1161 3755 οὐ
1195 3686 1827 3773 μετεστείλαντο-ἦλθε.

374 3793 488 3867 399
523 3794 620 3848 οὐκ
645 3788 758 3848 ἐστὶ
785 3787 854 3847 τὰ
893 3784 1190 3868 πράγματα
1227 3780 1390 3850 οὕτως
1421 3784 1475 3842 ἒν
1509 3780 1828 3861 διαπέμπειν

293 3882 515 3955 ἡμᾶςν.
531 3877 824 3957 πράγματα
846 3876 898 3932 ἐν
913 3874 1084 3954 τούτῳ
1098 3874 1152 3931 ἐν
1170 3875 1250 3953 τῷ
1262 3870 1581 3949 διαπέμπειν
1604 3875 1828 3948 ἡμᾶςῦ.

377 3976 511 4038 401,
544 3987 568 4023 ι
592 3962 748 4030 αὐτός
764 3964 938 4022 etiam
969 3960 1159 4021 Suidae
1178 3962 1245 4040 (s.
1269 3958 1388 4039 Nus)
1411 3959 1545 4019 libri
1568 3978 1701 4018 mss.
1724 3960 1825 4017 αὖ-

293 4051 529 4129 τόνὶΔΙά.
559 4066 619 4111 et
658 4050 833 4127 vulgo
861 4050 1017 4128 apud
1040 4047 1303 4108 suidam.
1324 4074 1391 4089 -
1415 4066 1449 4103 2
1479 4068 1520 4125 χ
1540 4066 1717 4124 super
1752 4044 1828 4104 νώ

295 4141 551 4220 positum
574 4143 634 4199 in
655 4139 824 4200 codd.
838 4140 948 4198 -3
966 4136 1056 4195 καὶ
1073 4133 1189 4194 ἀντὶ
1207 4136 1301 4209 6.,
1321 4136 1423 4213 qui
1442 4145 1474 4203 4
1488 4133 1694 4214 εἴρηται
1705 4154 1828 4196 om.

377 4240 513 4301 402,
546 4230 580 4287 5
607 4227 847 4289 Ἕὸλεπε
868 4225 1202 4288 Schaeferus.
1221 4250 1283 4264 -—
1308 4224 1343 4281 6
1368 4222 1510 4296 Τινὶ,
1533 4220 1691 4300 ἤγουν
1710 4242 1826 4282 om.

294 4323 468 4375 Dorv.
499 4325 600 4398 μιᾷ
624 4339 685 4395 γε
701 4316 806 4375 τινὶ
833 4321 977 4393 Reg.

373 4409 509 4484 403,
553 4411 590 4468 8
617 4408 679 4467 τὸ
706 4404 953 4486 λαμπρὸν
973 4405 1046 4465 Θ.

372 4503 486 4564 404
512 4496 570 4554 in
590 4501 659 4556 R.
678 4496 799 4555 haec
830 4504 1051 4552 tantum
1079 4489 1192 4568 legi
1217 4500 1462 4566 possunt
1491 4528 1707 4546 ......
1733 4490 1829 4547 οὐκ

294 4580 495 4662 ἀλόγως
532 4621 1070 4645 ..............
1079 4600 1151 4637 τα
1179 4598 1392 4659 συναιρε
1421 4621 1435 4634 .
1460 4618 1476 4632 .
1517 4574 1669 4654 (fort.
1691 4574 1831 4635 κατὰ

292 4672 615 4756 συναίρεσιν)
653 4712 871 4731 ......
881 4668 1019 4735 υτός.
1040 4699 1123 4711 --
1158 4687 1227 4725 10
1254 4663 1397 4725 Ἀντὶ
1435 4667 1529 4723 τοῦ
1567 4664 1664 4722 οὔκ
1695 4662 1829 4722 ἀλό-

291 4783 395 4839 γως
416 4767 509 4836 V.,
533 4763 635 4840 qui
661 4761 696 4833 ἢ
726 4781 843 4819 om.
870 4786 937 4800 -
960 4778 984 4815 1
1000 4778 1024 4814 ε
1053 4776 1140 4834 sq.
1159 4753 1430 4837 Ξπίρρημα
1451 4752 1663 4811 ἀπὸτοῦ
1691 4750 1831 4818 tn&

276 4851 650 4931 συνῃρημένον
684 4856 753 4909 V.
784 4851 941 4914 ἐτεῶς
968 4845 1074 4906 ἀπὸ
1094 4850 1188 4905 τοῦ
1210 4842 1350 4908 ἰτεὸς
1376 4843 1447 4903 Θ.

373 4946 511 5011 407,
532 4939 604 4996 25
624 4935 742 5005 τοὺς
764 4935 1001 5000 διδόντας
1021 4937 1095 4996 Θ.
1118 4933 1251 4994 Ald.
1274 4930 1518 5008 Regius:
1537 4927 1829 4989 Διαὸάλλει

294 5021 391 5106 γὰρ
422 5023 545 5092 τοὺς
574 5025 875 5098 Ἀθηναίους
918 5027 1143 5084 ἐνταῦθα
1184 5024 1255 5089 ὣς
1287 5018 1363 5099 μὴ
1399 5017 1520 5101 περὶ
1554 5015 1622 5077 τὰ
1666 5016 1829 5094 μείζω

295 5111 737 5192 ἀσχολουμένους,
763 5114 883 5172 ἀλλ’
902 5115 974 5180 εἶς
996 5110 1200 5177 οὐδενὸς
1229 5109 1368 5178 ἄξια.
1682 5133 1687 5138 ·

3302 296 3419 347 ⁵68

1972 426 2039 488 41
2058 440 2106 492 1,
2129 419 2201 487 34
2231 417 2544 479 καταθύσειν
2572 420 2646 480 Θ.
2678 421 2853 476 Paris.
2882 418 3177 487 καταθῆσαι
3201 421 3343 494 Beg.

1972 515 2085 578 414
2112 528 2226 567 om.
2261 509 2436 567 etiam
2482 511 2557 570 Θ.
2585 537 2643 548 -—
2680 517 2771 575 40.
2809 505 3141 582 Ὁμαλισμὸς
3165 527 3194 561 a
3225 525 3423 582 gram-

1888 596 2115 655 maticis
2138 597 2374 670 dicitur,
2398 617 2579 675 quum
2609 615 2726 653 vox
2747 594 2939 672 aliqua
2978 608 3254 651 none-um
3286 604 3426 650 tono

1890 685 1983 743 vel
2011 699 2270 760 accentu,
2299 685 2402 744 sed
2446 685 2661 763 absque
2702 704 2792 757 eo,
2828 682 2986 741 velut
3021 682 3315 762 appendix
3344 682 3428 739 al-

1892 773 2092 846 terius,
2143 774 2573 852 pronuntiatur,
2618 770 2774 850 quod
2804 770 3086 829 encliticis
3128 770 3209 828 sic
3258 769 3427 829 dictis

1891 862 2193 940 contingit.
2217 862 2318 922 Vel
2344 864 2516 921 etiam
2559 880 2740 939 quum
2767 879 2879 918 vox
2916 858 3179 935 quaedam
3221 858 3428 916 eodem

1893 969 2027 1007 cum
2054 951 2259 1009 ceteris
2287 963 2486 1009 tenore
2504 948 2722 1026 absque
2757 945 2939 1024 figura
2962 946 3428 1024 interrogationis

1894 1039 1984 1095 vel
2038 1038 2473 1096 exclamationis
2526 1036 2957 1115 pronuntiatur.
3020 1037 3164 1090 Nam
3233 1034 3430 1110 figura!

1894 1123 2181 1202 ejusmodi
2209 1126 2430 1184 faciunt
2453 1137 2520 1183 ut
2547 1144 2664 1181 vox
2692 1122 2881 1199 aliqua
2912 1134 3052 1178 tono
3081 1134 3138 1177 et
3163 1132 3430 1198 pronun-

1898 1212 2136 1271 tiatione
2165 1233 2280 1291 prae
2311 1211 2544 1289 reliquis
2565 1210 2815 1267 emineat
2841 1229 2855 1263 :
2886 1205 3047 1285 quod
3076 1207 3432 1264 contrarium

1897 1312 1986 1358 est
2011 1303 2088 1380 τῷ
2113 1302 2401 1380 ὁμαλισμῷ
2418 1344 2434 1372 ,
2472 1310 2680 1376 utpote
2706 1294 2866 1373 quod
2895 1295 3136 1372 proprie
3175 1297 3433 1369 compla-

1897 1395 2177 1445 nanbnem
2225 1388 2318 1446 vel
2367 1390 2737 1463 oequationem
2769 1395 2952 1441 notat.
3001 1380 3215 1440 Confer
3261 1381 3435 1439 etiam

1900 1475 2243 1534 scholiasten
2274 1474 2346 1533 ad
2375 1479 2521 1533 Rau.
2551 1492 2607 1531 v.
2639 1482 2786 1548 490,
2817 1468 2921 1528 ubi
2947 1467 3009 1527 τὸ
3036 1468 3154 1527 κατ’
3178 1468 3433 1549 ἐρώτησιν

1899 1575 1959 1621 et
1978 1561 2098 1622 καθ’
2119 1561 2417 1641 ὁμαλισμὸν
2453 1563 2606 1620 inter
2636 1579 2697 1618 se
2726 1570 3126 1637 opponuntur.
3155 1562 3338 1615 Kusr.
3375 1593 3435 1605 -

1904 1659 1976 1720 44
2001 1657 2091 1711 νῦν
2121 1675 2178 1711 τε
2205 1646 2745 1734 περισπ.-χρονικόν
2769 1670 2782 1684 ·
2813 1646 2843 1705 8
2873 1643 3075 1727 μακρὸν
3101 1644 3182 1704 ἀεὶ
3217 1646 3393 1703 Paris.

1985 1740 2122 1809 415,
2154 1743 2338 1814 47—51
2374 1759 2489 1796 om.
2519 1737 2690 1795 etiam
2720 1737 2794 1797 Θ.
2819 1778 2881 1787 -
2912 1735 2984 1791 52
3017 1723 3312 1813 παράδοξον
3343 1753 3435 1790 so-

1902 1829 2020 1887 lum
2048 1828 2223 1888 habet
2242 1827 2450 1886 Suidas
2469 1827 2528 1884 in
2553 1821 2786 1905 Θερμόν.
2815 1827 2933 1882 Cur
2959 1820 3227 1892 εὐκίνητον
3255 1840 3441 1898 expo-

1904 1929 2006 1974 nat
2028 1915 2228 1987 schol„
2259 1917 2537 1973 rationem
2563 1911 2728 1969 dabit
2746 1909 2995 1987 Etymol.
3024 1925 3083 1984 p.
3108 1914 3244 1980 447,
3265 1909 3359 1978 30,
3381 1918 3440 1964 et

1905 2023 1966 2081 p.
2001 2003 2115 2064 453
2140 2048 2157 2077 ,
2190 2011 2262 2073 44
2288 2024 2302 2061 2
2333 1999 2500 2081 ταύτῃ
2542 2005 2663 2076 γοῦν
2712 1995 2833 2065 τοὺς
2876 1993 2971 2075 μὲν
3004 2002 3185 2073 ταχεῖς
3222 1991 3442 2075 θερμοὺς

1902 2089 2147 2169 λέγουσι,
2176 2088 2295 2158 τοὺς
2324 2088 2379 2149 δὲ
2410 2088 2615 2170 βραδεῖς
2655 2083 2906 2168 ψυχρούς.
2932 2083 3081 2142 Vide
3108 2082 3183 2140 ad
3217 2103 3272 2140 v.
3307 2084 3438 2141 561.

1906 2184 2127 2239 Hans-r.
2176 2185 2244 2238 ln
2295 2183 2365 2237 V.
2407 2179 2516 2236 hoc
2561 2174 2797 2246 ordine,
2844 2168 3436 2249 Πενία-Βλεψίδημον.

1907 2266 2097 2348 θερμὸν
2133 2264 2189 2325 δὲ
2234 2264 2353 2324 ἀντὶ
2394 2268 2486 2322 τοῦ
2524 2259 2816 2342 παράδοξον
2855 2256 2891 2329 ἢ
2941 2256 3229 2328 εὐκίνητον.
3252 2294 3316 2306 -
3351 2278 3374 2314 1
3404 2261 3440 2326 ἡ

1907 2355 2064 2414 πενία
2088 2353 2148 2413 δὲ,
2176 2356 2244 2416 Θ.
2271 2352 2404 2412 Ald.
2427 2349 2510 2410 ὅτι
2535 2354 2572 2421 ἡ
2600 2372 2662 2407 π.
2694 2354 2834 2426 Reg.
2864 2344 3252 2426 παραὸαλοῦσα
3279 2350 3343 2401 R.
3365 2345 3445 2403 ἐν·

1907 2449 2084 2503 τεῧθεν
2116 2444 2453 2525 παρελθοῦσα
2480 2445 2619 2516 Reg.
2643 2436 2779 2497 ΔΜ.

1989 2533 2128 2607 423,
2159 2552 2230 2608 19
2255 2530 2384 2591 'Em
2406 2528 2503 2601 τὴν
2531 2525 2621 2585 διὰ
2643 2523 2746 2597 τὴν
2764 2525 2837 2585 Θ.
2866 2520 3079 2582 Ald.—
3109 2541 3182 2579 2ο
3212 2521 3444 2602 Εὐριπί-

1910 2623 2004 2683 δου
2026 2621 2062 2696 ἢ
2087 2623 2349 2682 additum
2369 2641 2441 2680 ex
2468 2620 2544 2681 V.
2562 2654 2628 2667 -
2648 2636 2719 2675 21
2744 2613 3123 2697 παρεισάγεται
3141 2617 3211 2670 G.
3233 2610 3290 2670 δὲ
3314 2611 3446 2689 μετὰ

1830 2727 1836 2736 “
1908 2712 2037 2773 Ald.
2068 2711 2449 2771 δεινοπαθοῦσα
2469 2710 2540 2767 G.
2561 2742 2626 2755 —
2655 2725 2727 2763 22
2755 2702 2846 2762 καὶ
2866 2704 2919 2761 ἐν
2947 2697 3210 2783 Εὐριπίδῃ
3237 2705 3308 2758 V.
3334 2724 3449 2782 νερ-

1910 2799 2076 2883 τέρων
2109 2802 2183 2863 Θ.
2211 2797 2345 2858 ΑΙά.
2386 2794 2569 2878 ἱέρειαι
2590 2792 2726 2854 libri
2747 2810 2965 2851 omnes.
2995 2827 3056 2838 -
3078 2790 3151 2847 23
3173 2786 3208 2858 ἢ
3229 2789 3319 2847 καὶ
3342 2787 3449 2846 ἄλ-

1911 2892 2017 2956 λως
2045 2891 2116 2948 Θ.
2145 2886 2361 2946 εἰώθασι
2383 2882 2484 2964 γὰρ
2503 2889 2654 2942 V.-
2680 2895 2753 2947 24
2785 2877 2875 2937 καὶ
2901 2875 3004 2957 γὰρ
3032 2874 3099 2934 τὰ
3126 2877 3202 2937 Θ.
3232 2876 3363 2935 Ald.
3390 2880 3449 2935 ἐκ

1912 2975 2210 3059 τραγῳδίας
2231 2997 2245 3011 ·
2280 2971 2350 3032 τὰ
2376 2969 2479 3051 γὰρ
2503 2976 2572 3030 R.

1997 3072 2136 3137 424,
2166 3080 2352 3136 27-29
2376 3078 2491 3116 om.
2516 3061 2588 3120 Θ.
2616 3093 2678 3106 -
2704 3055 2778 3112 28
2807 3052 2914 3131 εὕρ.
2948 3048 3050 3131 γὰρ
3087 3053 3261 3109 Paris.
3284 3094 3342 3104 ..-
3375 3053 3448 3111 30

1915 3151 2007 3213 καὶ
2028 3149 2145 3211 οἵαν
2172 3154 2394 3210 Hemst.

1998 3240 2137 3310 425,
2163 3240 2238 3298 36
2265 3233 2574 3315 εἰσ-ἤρχοντο
2600 3232 2773 3291 etiam
2809 3228 3018 3291 Suidas
3046 3248 3093 3286 s.
3139 3228 3445 3309 Τραγῳδία.

1917 3328 2189 3407 εἰσήγοντο
2218 3326 2350 3385 Ald.
2368 3360 2430 3372 -
2458 3324 2527 3395 37
2560 3324 2653 3380 τοῦ
2681 3323 2900 3378 Hemst.
2926 3319 3005 3375 τῶ
3028 3316 3154 3374 Ald.
3180 3352 3243 3363 —-
3273 3324 3347 3384 4ο
3363 3338 3447 3395 sq.

1916 3418 2084 3477 sicin
2114 3421 2211 3489 V.,
2242 3413 2331 3473 διὰ
2353 3416 2508 3469 τοῦτο
2538 3406 2596 3467 δὲ
2624 3406 2715 3465 καὶ
2744 3405 2805 3464 τὸ
2843 3403 2918 3483 μὴ
2944 3378 3081 3463 sivan
3121 3402 3285 3475 αὐτὴν
3315 3403 3450 3462 κατὰ

1917 3502 2073 3585 φύσιν
2099 3500 2326 3585 φοὸερᾶν
2344 3543 2363 3574 ,
2393 3497 2529 3557 ἀλλὰ
2560 3494 2731 3574 μήτην
2768 3494 3058 3551 ἀπατῶσαν
3088 3495 3244 3567 ἡμᾶς.
3276 3490 3448 3567 οἰμώ-

1917 3596 2063 3663 ζεται
2095 3589 2331 3652 κλαύσει.

2000 3683 2115 3753 426
2140 3681 2264 3739 sine
2289 3677 2406 3734 ulla
2429 3674 2550 3732 sere
2579 3669 2900 3730 mutatione
2920 3666 3226 3745 descripsit
3245 3668 3344 3723 Sui
3353 3666 3452 3723 das

1917 3773 1979 3833 in
2007 3763 2405 3845 Πανδοκεύτρια
2423 3807 2439 3836 ,
2478 3774 2537 3819 et
2565 3758 2941 3836 posteriorem
2984 3767 3208 3832 partem
3236 3754 3297 3812 in
3331 3756 3452 3813 Ka·-

1915 3857 2096 3932 πηλίς.
2138 3854 2437 3932 originem
2480 3848 2639 3907 vocis
2682 3844 2915 3923 ἄμπελος
2955 3862 3072 3900 non
3118 3842 3454 3900 dissimilem

1918 3946 2157 4007 tradidit
2170 3940 2421 4018 Etymol.
2451 3959 2510 4016 p.
2536 3937 2635 4009 86,
2664 3935 2759 4006 37,
2776 3932 2878 3991 ubi
2901 3930 3147 3989 delenda
3168 3929 3454 4005 particula

1916 4054 2162 4114 negans,
2193 4036 2227 4104 ἡ
2248 4029 2446 4109 ἔχουσα
2474 4026 2532 4083 ἐν
2574 4024 2733 4100 ἑαυτῇ
2765 4019 2854 4079 τὸν
2882 4017 3083 4090 πηλὸν,
3116 4037 3294 4095 quum
3315 4017 3453 4074 eda-

1916 4138 2034 4197 tur,
2057 4126 2094 4194 ἡ
2115 4118 2192 4200 μὴ
2217 4118 2430 4199 ἔχουσα.
2457 4117 2679 4173 Ηειιετ.
2695 4146 2761 4159 --
2790 4117 2864 4177 42
2892 4102 3039 4185 παρὰ
3061 4103 3121 4162 τὸ
3140 4109 3209 4163 R.
3237 4101 3344 4162 ἀπὸ
3360 4110 3452 4161 τοῦ

1917 4213 2041 4272 Δίὰ.
2055 4210 2449 4287 ἒπυμολογεῖται
2464 4199 2521 4261 δὲ
2533 4194 2943 4278 πανδοκεύτριαν
2960 4197 3182 4274 (--τρια
3196 4194 3292 4270 G.)
3304 4192 3452 4272 παρὰ

1914 4301 1979 4361 τὸ
2007 4305 2069 4362 V.
2094 4336 2160 4350 —
2185 4299 2257 4366 43
2294 4292 2503 4374 εἴρηται
2543 4287 2599 4348 δὲ
2634 4293 2701 4347 R.
2746 4285 2872 4345 Ald.
2908 4281 3137 4352 καπηλὶς
3176 4285 3239 4336 V.
3280 4317 3342 4329 —
3373 4282 3449 4338 45

1916 4390 2141 4469 ἔμπελος
2176 4391 2240 4444 V.
2282 4402 2401 4442 non
2445 4384 2515 4440 G.
2549 4380 2603 4437 ἐν
2647 4377 2809 4453 ἑαυτῇ
2838 4374 2910 4433 Θ.
2938 4409 2997 4422 -
3026 4380 3097 4440 47
3145 4368 3449 4440 καπήλισαν

1919 4478 2096 4536 Paris.

2000 4578 2111 4639 427
2159 4564 2223 4622 in
2267 4566 2339 4621 V.
2380 4561 2496 4619 hoc
2534 4556 2772 4627 ordine,
2812 4548 3376 4629 κυρίως-κεχῶσθαι.
3414 4547 3448 4619 ἢ

1916 4655 2024 4716 ἀπὸ
2045 4649 2446 4714 τοῦ-ιῖήπωλιν
2472 4644 2590 4706 ἀντὶ
2629 4647 2721 4702 τοῦ
2746 4639 2827 4699 cb&
2851 4635 3255 4718 πιπράσκουσαν
3277 4679 3295 4707 ,
3345 4635 3450 4693 ἀπὸ

1916 4743 2105 4825 μέρους
2130 4737 2193 4799 τὸ
2218 4737 2357 4798 ὅλον.
2384 4736 2420 4810 ἢ
2444 4731 2820 4815 ὀσπριόπωλιν.
2847 4723 3053 4791 umen<
3086 4722 3189 4805 γάρ
3231 4725 3344 4782 ἐστι
3368 4712 3449 4780 εἶ·-

1916 4824 2261 4911 δος-γραός.
2291 4862 2354 4876 -
2377 4827 2454 4893 48
2480 4822 2726 4882 alterum
2752 4820 2844 4877 τοῦ
2879 4834 2992 4871 um.
3022 4814 3092 4873 Θ.
3119 4811 3248 4870 Ald.
3283 4839 3308 4864 κ
3335 4815 3448 4869 Ho—

1914 4940 2044 4980 rum
2072 4917 2364 4977 minimam
2394 4923 2618 4991 partem
2641 4951 2658 4982 ,
2683 4904 2889 4964 ceteris
2916 4899 3011 4959 vel
3037 4897 3332 4976 neglectis,
3357 4899 3446 4955 vel

1916 5011 1975 5069 in
2005 5026 2112 5066 suo
2139 5005 2295 5064 libro
2326 5021 2445 5060 non
2467 4995 2715 5076 repertis
2734 5039 2751 5067 ,
2779 4989 3004 5067 Lexico
3038 4985 3248 5048 Suidas
3284 4984 3443 5043 inse-

1916 5099 2051 5159 ruit.
2073 5122 2098 5148 ν
2122 5098 2347 5154 ansr.
2369 5124 2433 5139 -·-
2459 5097 2537 5165 49
2559 5084 2772 5148 λίκυθος
2799 5082 2869 5140 Θ.
2895 5114 2958 5129 —-
2982 5076 3055 5134 50
3089 5075 3232 5133 λίπει
3255 5075 3445 5131 xant-:U-

3153 5192 3231 5245 36.
