3859 5725
1738 237 1947 300 PLUT
1949 242 1995 300 Ι.

3275 261 3388 313 565

273 383 344 442 18
365 381 455 443 καὶ
484 380 584 463 γὰρ
608 381 760 439 κάκεῖ
783 382 946 454 neg„
976 377 1076 454 qui
1103 387 1235 455 post
1270 371 1450 435 σκαιόν
1490 372 1785 477 sequentia
1871 367 2067 475 χῇλους
2090 371 2366 480 ἐνέὸαλλέν
2403 372 2493 484 καὶ
2522 373 2608 434 διὰ
2639 380 2796 489 τοῧτρ
2831 381 3187 490 ἠναγκάζοντο
3229 410 3390 446 κεχυ-

267 472 500 530 omittit.
524 504 587 518 —
615 467 689 525 25
714 464 1063 525 ἀνταπόδοτον
1087 464 1217 522 Ald.
1247 466 1583 522 Correctum
1609 485 1667 522 ιη
1691 464 1781 521 ed.
1871 477 2038 536 φεναῑ·
2068 482 2129 518 το
2156 458 2212 518 δὲ
2242 459 2357 532 ἔξης
2396 485 2441 521 ω
2489 466 2874 547 βασανιστηρια
2911 467 3041 538 ξυλα
3077 472 3187 531 ἐστὶ
3219 477 3273 533 ἐν
3314 467 3388 542 οἶς

263 559 438 618 Basil.
460 560 683 618 Bastius
700 557 762 614 in
784 555 937 613 notis
956 573 1151 612 mss.:«
1172 553 1285 613 Sed
1309 554 1511 630 quidni
1526 554 1634 631 leg.
1653 557 1783 642 οἰνα-

263 647 504 717 πόδοτον,
518 644 673 723 quod
685 643 922 702 exhibet
932 641 1106 699 schol.
1133 640 1205 698 ad
1220 647 1368 698 Aves
1387 660 1442 698 v.
1461 662 1514 714 7,
1548 662 1782 699 omnes-

264 754 379 813 que
403 733 631 792 codices
667 730 931 806 Gregorii
967 731 1124 787 Con?
1155 728 1287 786 vide
1317 733 1501 788 Koen.
1554 750 1613 807 p.
1664 751 1781 806 19.»

263 858 329 872 ...
356 843 432 898 29
452 820 700 902 πρότερον
730 816 1092 877 referendum
1122 816 1347 874 videtur
1373 816 1445 875 ad
1473 815 1535 874 τὸ
1576 820 1781 898 πρῶτον

266 929 469 968 versus
494 905 889 986 praecedentis.
920 909 1213 961 scamna.

350 1007 486 1069 470,
518 997 589 1052 33
619 1006 755 1072 post
783 992 1063 1072 Ὁμηρικῷ
1091 991 1280 1069 pergit
1306 991 1401 1065 Θ.,
1444 993 1563 1051 ἀλλ’
1595 995 1640 1051 εἰ
1687 993 1783 1071 μὲν

268 1081 495 1141 δώσουσι
513 1079 669 1161 γέρας
699 1077 993 1157 μεγάθυμοι
1023 1077 1249 1157 Ἀχαιοί.
1276 1079 1336 1137 οὗ
1359 1076 1462 1158 γὰρ
1486 1080 1784 1142 ἀποδέδωκε

282 1171 495 1249 ὑ..ὃφχῇ
515 1169 599 1228 lb.
622 1166 860 1242 δῶσωσι,
887 1169 960 1235 34
983 1164 1169 1225 δόωσιν
1194 1172 1264 1225 R.
1292 1169 1784 1248 προσυπακουστέον

264 1255 326 1314 τὸ
354 1256 611 1314 additum
642 1274 717 1312 ex
742 1253 813 1312 Θ.

348 1352 482 1416 474,
503 1352 533 1411 4
548 1363 567 1400 1
594 1340 838 1420 λέγοντας
859 1341 906 1400 si
926 1342 1158 1420 scripsit
1178 1344 1477 1419 glossator,
1498 1358 1630 1404 ante
1652 1366 1787 1407 ocu-

266 1431 352 1487 los
380 1442 480 1488 aut
503 1427 708 1486 habuit
735 1440 834 1485 aut
859 1427 1073 1486 habere
1100 1427 1210 1486 sibi
1242 1431 1399 1488 visus
1427 1444 1514 1489 est
1538 1434 1787 1514 ἁμαρτά-

263 1538 462 1582 νοντας.
488 1520 780 1576 semna.
801 1513 1020 1590 λέγοντα
1044 1517 1274 1592 Regius.

349 1605 501 1676 476,
551 1602 625 1670 45
670 1621 756 1678 sq.
801 1600 1219 1674 Τοῦτο-οὔσης
1254 1622 1366 1661 om.
1397 1607 1555 1666 Θ.--
1599 1609 1784 1677 46-48

263 1688 516 1767 τύμπανα
532 1732 548 1761 ,
594 1688 766 1768 βάκλα
782 1734 796 1761 ,
844 1685 990 1769 παρὰ
1034 1686 1097 1747 τὸ
1123 1687 1355 1749 τύπτειν.
1384 1691 1615 1772 κύφωνες
1659 1695 1785 1763 ξύλα

264 1769 341 1842 οἷς
361 1775 647 1835 τύπτονται
670 1777 724 1834 ἐν
742 1782 813 1834 V.
835 1777 1055 1833 Bastius
1074 1776 1136 1833 in
1160 1797 1294 1834 mss.
1320 1801 1332 1834 :
1356 1804 1378 1830 c«
1399 1780 1587 1838 snidae
1605 1783 1784 1842 codex

266 1863 767 1941 Sangermanensis
802 1882 942 1934 ¹77²
973 1859 1153 1921 Βάκλα
1170 1907 1187 1937 ,
1214 1864 1542 1944 τιμωρητικὰ
1570 1867 1783 1947 ὄργανα,

264 1949 426 2030 λῶροί
454 1971 602 2016 τινες.
626 1976 650 2002 ν
677 1954 780 2006 Est
822 1948 1092 2006 baculum.
1116 1984 1180 1999 -
1210 1954 1283 2018 46
1321 1951 1372 2008 ἐν
1405 1944 1481 2020 οἷς
1525 1956 1686 2014 Suid.
1723 1959 1784 2016 in

266 2034 567 2113 Τύμπανα,
619 2035 791 2115 βάκλα
830 2035 976 2115 παρὰ
1020 2036 1082 2095 τὸ
1123 2035 1336 2096 τύπτειν
1352 2062 1366 2075 ·
1411 2037 1539 2107 ξύλα
1557 2087 1574 2115 ,
1616 2045 1670 2102 ἕν
1712 2037 1790 2112 οἷς

268 2121 616 2201 ἕτυμπάνιζον
640 2145 656 2159 ·
685 2124 919 2202 ἐχρῶντο
942 2120 1047 2202 γὰρ
1074 2121 1242 2202 ταύτῃ
1266 2127 1333 2201 τῇ
1366 2128 1618 2210 τιμωρίᾳ.
1644 2136 1785 2189 Pro.

266 2210 396 2283 bat,
421 2210 728 2269 accedente
764 2215 1020 2268 Kustero
1039 2256 1056 2284 ‚
1087 2213 1403 2271 Gatakerus
1446 2217 1595 2275 Adv.
1623 2222 1782 2282 Misc.

267 2319 319 2355 c.
347 2299 421 2367 46
445 2340 462 2370 ,
497 2316 555 2375 p.
592 2316 706 2373 912
728 2340 745 2369 ,
773 2301 818 2354 B
839 2340 858 2370 ,
882 2297 1120 2356 Suidam
1146 2299 1397 2358 vicissim
1421 2321 1454 2360 e
1486 2305 1786 2368 scholiaste

266 2385 650 2463 supplendum
676 2404 914 2443 monens
937 2408 951 2442 :
977 2397 1243 2443 neutrum
1266 2388 1403 2445 mihi
1430 2390 1632 2466 placet.
1662 2401 1788 2455 Du-

267 2474 473 2550 plicem
501 2474 608 2530 τῶν
633 2471 920 2549 τυμπάνων
953 2485 1289 2550 potestatem
1330 2475 1632 2538 scholiasta
1665 2496 1782 2542 tra-

264 2559 388 2630 dit,
419 2559 664 2636 primam
695 2559 960 2635 equulei,
983 2559 1101 2617 sive
1121 2561 1384 2637 stipitum
1409 2563 1490 2621 ita
1523 2582 1787 2629 constru—

264 2659 527 2718 ctorum,
556 2656 622 2703 ut
660 2645 731 2702 iis
770 2646 997 2704 astricti*
1026 2646 1346 2724 illigatique
1386 2653 1468 2709 rei
1516 2658 1786 2718 membris

264 2732 531 2810 expansis
550 2731 1009 2790 distenderentur
1028 2775 1043 2800 ‚
1069 2746 1306 2812 totoque
1327 2757 1573 2817 corpore
1602 2745 1786 2824 plagis

263 2830 570 2897 paterent:
607 2837 679 2876 eo
708 2831 956 2896 spectat,
986 2818 1065 2900 ἐφ’
1094 2811 1213 2890 οἷς·
1242 2823 1482 2884 alteram
1514 2829 1750 2892 fustium
1768 2879 1785 2907 ,

263 2906 475 2984 quibus
506 2904 872 2963 caedebantur
897 2929 911 2964 ε
936 2909 1117 2965 solam
1145 2913 1525 2986 posteriorem
1544 2960 1561 2988 ,
1589 2938 1692 2976 seu
1715 2921 1787 2980 de

263 2993 575 3063 industria,
600 2992 723 3049 sive
751 2993 909 3068 quod
938 2993 1116 3051 verba
1142 2996 1462 3055 scholiastae
1485 3004 1673 3063 minus
1699 3008 1789 3064 in-

267 3082 562 3156 telligeret,
591 3078 747 3155 quod
770 3079 962 3157 potius
989 3080 1185 3155 credo,
1214 3083 1420 3143 Suidas
1443 3087 1742 3150 adnotavit
1768 3117 1785 3152 x

304 3177 625 3244 uapropter
650 3178 711 3222 ut
743 3166 838 3223 hic
865 3168 1171 3225 commode
1203 3172 1433 3248 scripsit
1470 3177 1523 3230 ἐν
1573 3168 1646 3243 οἷς
1672 3199 1783 3256 pro

263 3187 339 3320 δΙῖς
353 3299 372 3328 ,
406 3254 489 3310 sic
516 3252 612 3310 ille
634 3271 752 3309 non
780 3254 971 3312 minus
999 3254 1146 3313 bene
1166 3256 1245 3338 ἐφ’
1270 3248 1361 3322 οἷς.
1384 3264 1605 3322 Ηιιιετ.
1625 3300 1690 3314 --
1707 3277 1783 3344 49

264 3337 663 3421 τιμωρούμενοι.
694 3337 807 3397 ἔστι
829 3339 887 3398 δὲ
906 3338 1191 3419 σύνδεσμος
1213 3351 1282 3402 V.
1306 3386 1368 3400 -
1400 3347 1475 3405 50
1499 3352 1741 3428 Hesych.
1765 3377 1781 3414 ς

264 3427 463 3488 Κάλιον
482 3472 499 3501 ,
529 3425 806 3506 κυνάριον,
836 3426 1190 3596 Ξακτηρίδιον.
1224 3432 1448 3509 Κάλιος,
1477 3435 1537 3494 τὸ
1570 3438 1783 3517 δεσμω-

262 3513 440 3595 τήριον
458 3559 475 3588 ,
499 3512 589 3572 καὶ
616 3513 762 3582 ξύλον
784 3559 802 3591 ,
832 3539 847 3572 ι
900 3514 1120 3576 ἐδέοντο.
1158 3520 1433 3581 Καλιῶσαι
1451 3567 1469 3595 ,
1513 3526 1742 3595 πατάξαι
1765 3553 1797 3575 ··

262 3622 396 3661 nam
418 3601 577 3679 quod
606 3603 884 3679 praecedit
913 3602 1134 3684 πράξαι,
1175 3627 1248 3665 ex
1277 3610 1388 3668 hoc
1420 3612 1601 3672 verbo
1646 3636 1781 3675 cor-

264 3703 496 3769 ruptum
522 3710 809 3767 auguror,
830 3704 1004 3769 atque
1030 3693 1165 3752 ideo
1186 3696 1561 3773 rejiciendum
1584 3725 1599 3774 ;
1619 3704 1786 3763 intel*

262 3778 374 3853 lige
397 3796 537 3835 vero
554 3792 839 3851 percutere
851 3779 1031 3853 suste,
1061 3782 1149 3839 vel
1179 3787 1347 3861 ligno,
1372 3789 1533 3863 quod
1568 3794 1783 3852 Graecis

263 3863 439 3920 κᾶλον.
466 3862 627 3921 ldem
652 3864 712 3920 in
738 3863 932 3946 Κύφων
960 3886 1089 3942 quae
1126 3873 1401 3948 protulit,
1433 3896 1782 3957 quamquam

262 3950 496 4011 resectis
525 3950 793 4027 pluribus
819 3967 952 4011 sunt
975 3956 1293 4032 imminuta,
1336 3963 1481 4021 adeo
1516 3985 1720 4042 parum
1748 3990 1781 4026 a

262 4048 459 4093 nostro
512 4039 816 4096 scholiaste
852 4040 1098 4116 distant,
1142 4060 1207 4104 ut
1255 4048 1328 4105 ab
1373 4052 1575 4110 eodem
1623 4056 1783 4115 sonte

265 4135 508 4201 uterque
536 4125 842 4185 videantur
873 4129 1130 4189 hausisse
1158 4156 1171 4190 :
1206 4134 1509 4211 legendum
1554 4154 1780 4217 autem,

262 4207 489 4290 Κύφων,
528 4206 685 4292 ὅνπερ
718 4213 847 4271 ἔνιοι
886 4215 1156 4294 κυνάγχην
1207 4223 1463 4283 καλοῦσι·
1504 4230 1660 4303 quod
1681 4273 1698 4302 ‚
1732 4234 1781 4289 si

262 4295 521 4356 conferre
540 4298 715 4357 libeat
739 4320 915 4359 voces
945 4303 1202 4384 Κυνάγχη
1245 4321 1304 4367 et
1333 4312 1650 4392 Δερριστὴς,
1679 4321 1780 4377 vix

260 4383 318 4439 in
350 4384 589 4442 dubium
611 4388 807 4445 vocari
840 4390 1053 4466 poterit
1076 4415 1091 4463 ;
1118 4394 1190 4451 ad
1226 4397 1581 4460 medicorum
1624 4419 1781 4465 certe

258 4469 528 4550 συνάγχην
551 4474 644 4530 vel
669 4473 937 4553 κυνάγχην
966 4478 1186 4538 nullum
1215 4495 1336 4552 est,
1358 4504 1478 4562 quo
1521 4489 1777 4551 deduca-

259 4576 419 4626 mur,
452 4559 514 4616 in
557 4560 737 4618 verbo
774 4560 951 4641 κύφων
991 4568 1316 4645 vestigium.
1346 4576 1567 4636 linus-r.
1601 4578 1776 4639 κάλων

257 4648 322 4702 V.
360 4645 733 4723 ὀνομάζουσιν,
776 4651 953 4728 vulgo
996 4666 1127 4731 post
1161 4657 1337 4718 κλοιὸν
1375 4661 1619 4739 lectum,
1664 4668 1783 4727 huc

261 4735 666 4811 transpositum
686 4756 817 4795 cum
839 4743 911 4796 R.
938 4751 996 4797 et
1027 4742 1219 4801 Suida.
1241 4782 1308 4795 —
1332 4747 1476 4808 51-3
1503 4752 1667 4811 sicin
1685 4761 1777 4830 V.,

264 4816 507 4876 τάσσεται
531 4819 757 4880 δὲ-καὶ
780 4826 1100 4907 τυφανισμὸς
1123 4830 1215 4888 καὶ
1243 4831 1332 4893 ἐπὶ
1358 4839 1461 4896 τῶν
1484 4846 1775 4922 τιμωριῶν.

1868 544 2231 615 ἄναὸαίνοντες
2253 547 2557 625 ἐτύπτοντο,
2579 549 2648 610 τὰ
2670 554 2928 631 λεγόμενα
2954 557 3145 635 βάκλα.
3167 559 3384 630 Ἄλλως.

1868 631 2100 711 κύφωνές
2121 636 2224 694 εἶσι
2243 636 2310 695 τὰ
2337 635 2496 715 ἕρανα
2518 638 2553 695 ἃ
2587 641 2906 703 ἐπιτιθέασιν
2934 647 2987 703 ἐν
3016 651 3093 728 τῷ
3136 649 3388 732 τραχήλῳ

1868 721 1974 778 τῶν
1997 722 2481 782 καταδικασθέντων
2505 748 2520 762 ·
2550 724 2692 785 ἔνθεν
2721 731 2810 787 καὶ
2846 735 2875 789 ὁ
2905 734 3130 812 πονηρὸς
3176 736 3385 818 ἅνθρω-

1869 830 1965 873 πος
2010 809 2184 890 κύφων
2239 811 2550 889 ὀνομάζεται
2572 857 2634 868 -.
2663 817 2731 874 51
2792 816 2916 877 ἔνθα
2939 824 3010 883 Θ.
3044 823 3100 881 δὲ
3142 845 3254 883 om.
3309 834 3380 887 R.

1868 894 1960 953 καὶ
1990 895 2075 953 ἐπὶ
2118 903 2187 956 R.
2218 904 2287 956 V.
2310 937 2374 949 -
2418 921 2451 957 2
2501 904 2889 979 ἀναγκάζεσθαι
2928 911 2997 970 Θ.
3040 911 3245 969 ΑΙά.-
3278 917 3386 973 3-5

1872 983 2391 1050 ἅπλῶς-..δύνασθαι
2417 1009 2531 1064 om.
2560 992 2729 1049 etiam
2756 993 2826 1052 Θ.
2861 1008 2919 1052 et
2946 998 3166 1057 Suidas.
3192 1034 3265 1048 —-
3296 1005 3328 1060 5
3352 1003 3387 1076 ἢ

1871 1068 2043 1136 ἄλλως
2064 1072 2135 1131 Θ.
2167 1073 2297 1131 Ald.
2323 1072 2575 1151 τύμπανα
2601 1075 2769 1155 βάκλα
2797 1080 2942 1162 παρὰ
2964 1083 3022 1141 τὸ
3043 1083 3272 1146 τύπτειν.
3302 1088 3394 1147 κύ-

1871 1178 2036 1237 φωνες
2064 1157 2119 1217 δὲ
2145 1158 2269 1228 ξύλα
2298 1162 2429 1220 εἰσὶν
2457 1169 2526 1222 R.
2552 1165 2694 1224 ἐστὶν
2722 1169 2850 1225 Ald.
2872 1207 2937 1219 -
2969 1192 3001 1243 7
3038 1173 3389 1258 καὶ-κύφειν

1873 1264 1987 1302 om.
2036 1247 2208 1305 etiam
2254 1249 2481 1309 Suidas.
2519 1287 2581 1300 -
2617 1256 2684 1310 13
2723 1252 2843 1323 ἀξία
2888 1258 3040 1330 αὐτή.
3080 1259 3192 1321 ἔστι
3224 1261 3279 1322 δὲ
3323 1261 3393 1323 τὰ

1870 1328 2057 1407 τύμπ.,
2094 1341 2162 1401 14
2195 1333 2435 1395 ἔτυπτον.
2460 1340 2533 1405 ὡς
2562 1337 2608 1395 δ’
2635 1336 2794 1412 ἔνιοι,
2835 1343 3023 1419 βάκλα.
3058 1345 3170 1407 ἔστι
3206 1349 3261 1408 δὲ
3301 1350 3392 1409 καὶ

1870 1415 2141 1496 τύμπανον
2169 1411 2301 1486 εἶδος
2321 1422 2541 1501 ὀργάνου
2563 1433 2815 1507 κρουστοῧ
2839 1428 3002 1512 ψόφον
3029 1435 3313 1495 ἀποτελοῦν
3338 1444 3394 1497 ἐν

1871 1509 1948 1586 τῷ
1992 1503 2295 1566 τύπτεσθαι.
2340 1509 2482 1589 κύφ.,
2539 1514 2605 1569 15
2643 1515 2783 1594 ζυγῷ
2825 1518 2989 1594 βοῶν,
3040 1518 3095 1586 ὃς
3131 1522 3267 1580 κατὰ
3302 1532 3394 1585 τοῦ

1871 1591 2138 1672 τραχήλου
2180 1596 2284 1652 τῶν
2319 1596 2615 1656 καταδίκων
2657 1602 2919 1679 τιθέμενος
2957 1605 3171 1667 κύπτειν
3214 1612 3402 1679 αὐτοὺς

1873 1678 2245 1759 παρεσκεύαζε,
2273 1680 2474 1761 διχόθεν
2500 1684 2686 1754 αὐτοὺς
2712 1690 2966 1766 κολάζων,
2985 1697 3051 1772 τῇ
3077 1717 3132 1752 τε
3151 1703 3242 1756 τοῦ
3262 1722 3395 1781 τρα-

1874 1765 2045 1846 χήλου
2073 1765 2244 1826 πιέσει
2289 1773 2366 1851 τῷ
2404 1793 2463 1829 τε
2491 1773 2748 1852 μηδαμῶς
2785 1778 2969 1846 αὐτοὺς
3015 1782 3275 1845 ἀνανεύειν
3304 1790 3395 1847 ἐᾶν,

1871 1859 2011 1932 Reg.

1954 1946 2088 2017 480,
2112 1947 2183 2002 23
2214 1944 2510 2008 Ἔπέὸαλον
2558 1951 2661 2031 γάρ
2697 1975 2823 2013 ποτε
2863 1957 2927 2015 V.
2952 1995 3016 2008 —
3042 1959 3116 2018 25
3152 1965 3218 2041 τῇ
3260 1978 3394 2022 ante

1872 2031 2101 2114 τιμωρία
2115 2033 2342 2093 addidit
2361 2040 2582 2100 Hemst.
2604 2046 2738 2099 Post
2752 2045 2982 2126 τιμωρία
3003 2047 3063 2104 in
3083 2049 3156 2107 Θ.
3182 2063 3240 2107 et
3262 2053 3393 2112 Ald.

1873 2137 2195 2199 sequuntur
2240 2123 2831 2210 εἴθιστο-κρινομένων
2853 2178 2870 2207 ,
2914 2155 3044 2212 quae
3089 2140 3309 2199 scholio
3339 2163 3393 2199 v.

1876 2210 1988 2277 482
2038 2211 2371 2271 Dindorfius
2417 2215 2642 2274 addidit
2698 2232 2934 2280 auctore
2975 2229 3044 2282 V.
3086 2230 3216 2285 Una
3262 2249 3394 2287 cum

1872 2300 2218 2373 praecedenti
2244 2303 2311 2379 τῇ
2334 2300 2452 2379 δίκῃ
2477 2300 2533 2362 δὲ
2567 2309 2632 2384 τῇ
2655 2307 2885 2390 τιμωρία
2909 2330 3026 2368 om.
3060 2319 3129 2372 R.
3169 2329 3225 2373 et
3260 2318 3395 2376 Sui-

1875 2386 1977 2445 das
2001 2408 2045 2446 s,
2082 2388 2328 2467 Τίμημα.
2355 2427 2419 2440 —-
2451 2396 2522 2450 30
2548 2415 2707 2472 seqq.
2735 2397 2915 2471 ἐπειδὴ
2942 2400 3203 2482 ὀφείλεται
3229 2429 3395 2484 τιμω-

1876 2476 2097 2553 ρηθῆναί
2119 2499 2210 2551 σε,
2234 2476 2325 2535 ἐὰν
2360 2484 2618 2560 ἡττηθῇς,
2645 2483 2762 2544 τίνα
2786 2485 3001 2548 κόλασιν
3040 2489 3293 2574 ὑπόσχῃς.
3321 2535 3394 2547 —

1873 2561 1977 2641 πρὸ
2012 2567 2106 2634 τῆς
2145 2564 2396 2645 κρίσεως,
2426 2569 2498 2634 ὡς
2536 2592 2586 2627 τ.
2612 2575 2731 2643 ἡττ.
2775 2573 2922 2652 δοίη,
2960 2578 3265 2661 ἐπιγράφειν
3299 2581 3354 2640 δὲ
3379 2628 3394 2656 ,

1872 2647 2034 2726 ἤγουν
2067 2649 2155 2708 ἐπὶ
2172 2655 2239 2730 τῇ
2265 2675 2355 2732 πρ.
2381 2689 2458 2699 -
2477 2656 2683 2717 τοιάντε
2700 2662 2997 2743 τιμωρίαν,
3025 2662 3060 2734 ἢ
3092 2666 3206 2744 βίου
3225 2667 3395 2748 τύχως

1876 2738 2000 2815 (sic)
2025 2737 2304 2819 ἀφαίρεσιν
2325 2739 2360 2812 ἢ
2386 2747 2616 2824 κεφαλῆς
2640 2750 2817 2808 Paris.
2853 2756 2920 2807 In
2948 2755 3131 2829 Regio
3156 2775 3394 2833 prorsus

1877 2836 1941 2882 ut
1961 2830 2118 2883 Junt.
2148 2862 2211 2876 ·-
2242 2827 2311 2884 31
2335 2828 2570 2911 ὑπόσχῃς
2593 2838 2728 2912 Reg.
2751 2835 2983 2917 ὃπέσχῃς
3001 2845 3032 2897 J
3039 2852 3156 2899 unt.
3183 2869 3208 2895 α
3233 2844 3393 2903 Nihil

1875 2923 2067 2970 tamen
2086 2925 2174 2970 est
2202 2914 2352 2972 undo
2379 2918 2626 2993 pendeat
2670 2922 2941 3003 ὑπόσχῃς,
2974 2928 3083 2984 nisi
3121 2949 3230 3006 pro
3276 2932 3394 2989 τίνα

1873 3000 2044 3056 simul
2087 3002 2383 3076 scripseris
2422 3001 2527 3062 ἵνα.
2560 3008 2671 3065 Sed
2716 3012 2908 3069 verius
2955 3013 3232 3090 arbitror,
3278 3019 3392 3078 τίνσ

1872 3082 2088 3143 κόλασιν
2120 3084 2332 3165 ὑφέξεις.
2356 3092 2457 3147 Est
2482 3107 2675 3153 autem
2695 3096 2953 3174 scholion
2976 3099 3155 3159 hocce
3178 3124 3392 3175 recem,

1871 3183 1932 3228 et
1958 3170 2127 3249 plane
2149 3177 2531 3250 nugatorium,
2552 3181 2715 3258 cujus
2738 3196 2954 3253 auctor,
2983 3185 3121 3246 dum
3153 3191 3391 3250 formam

1865 3258 2218 3335 judiciorum
2256 3263 2408 3340 apud
2448 3267 2822 3327 Athenienses
2862 3275 3093 3348 penitus
3132 3277 3391 3356 ignorat,

1869 3346 2142 3404 insulsam
2167 3346 2592 3410 distinctionem
2617 3357 3066 3419 comminiscitur
3088 3364 3239 3423 inter
3259 3369 3390 3449 γρά-

1870 3454 1983 3512 φειν
2007 3446 2066 3490 et
2092 3434 2423 3518 ἐπιγράφειν,
2452 3441 2616 3515 quasi
2643 3442 2756 3500 hoc
2786 3444 2933 3503 soret
2953 3488 2972 3518 ,
3012 3454 3207 3508 iterum
3243 3458 3390 3511 litem

1869 3526 2149 3579 oestImare
2170 3522 2260 3581 vel
2287 3539 2508 3595 mare,
2536 3527 2834 3607 designato
2849 3531 2967 3609 jam
2993 3556 3170 3615 poenae
3189 3559 3400 3623 genere

1872 3609 2027 3684 quod
2050 3611 2267 3669 scilicet
2295 3614 2454 3690 prius
2475 3614 2661 3675 fuerat
2687 3620 2977 3683 omissum.
3002 3628 3300 3686 Huiusm-
3324 3632 3389 3687 32

1871 3694 1973 3776 πρὸ
2000 3700 2142 3773 Reg.
2165 3696 2295 3779 πρὸς
2318 3705 2352 3758 J
2356 3706 2475 3760 unf.

1954 3787 2088 3858 482,
2123 3790 2196 3861 39
2226 3786 2390 3860 αὐτὴν
2407 3792 2724 3869 προστιμίαν
2754 3797 2885 3854 Ald.
2917 3795 2972 3855 δὲ
3001 3819 3113 3857 om.
3146 3803 3216 3862 R.
3238 3840 3298 3851 —
3326 3815 3386 3873 4¹

1870 3866 2093 3938 Ἄλλως.
2121 3873 2380 3954 τιμωρίαν
2402 3877 2589 3936 addita
2610 3901 2683 3938 ex
2705 3887 2775 3940 V.
2795 3919 2858 3932 -
2886 3892 2957 3952 ln
2982 3885 3085 3958 ἤδη
3110 3888 3198 3946 καὶ
3222 3895 3291 3946 V.
3322 3893 3391 3951 Θ.

1870 3958 1961 4017 καὶ
1977 3979 2090 4017 om.
2111 3962 2240 4019 Ald.
2256 3975 2313 4020 et
2343 3964 2474 4027 [ort.
2495 3970 2559 4023 R.
2590 3993 2615 4019 «ι
2634 3968 3014 4030 scribendum
3032 3975 3263 4034 videtur
3291 3979 3393 4050 ἤδη

1869 4040 2023 4106 εἶναι.
2043 4072 2068 4099 a
2097 4054 2279 4108 Dum.
2309 4051 2603 4132 ὁριούμενον
2630 4057 2700 4116 Θ.
2723 4059 2851 4116 Ald.
2882 4074 2938 4118 et
2965 4062 3095 4121 fort.
3124 4058 3193 4124 R.

1953 4137 2088 4206 483,
2112 4138 2186 4205 46
2213 4136 2382 4205 ἔξοδον
2412 4141 2482 4200 Θ.
2513 4140 2631 4200 ὁδόν
2655 4145 2858 4203 Suidas
2884 4167 2928 4204 s.
2961 4146 3180 4217 Ἶκανός.

1952 4224 2065 4292 485
2091 4226 2153 4283 in
2182 4230 2363 4284 Dorv.
2387 4228 2537 4287 inter
2558 4250 2758 4292 versus
2785 4234 2858 4292 ad
2881 4234 3163 4316 πράττοντ’
3184 4240 3395 4318 legitur

1867 4311 2154 4388 adjectum
2177 4313 2471 4394 πάσχοντι,
2499 4319 2704 4378 vitiose
2733 4343 2843 4398 pro
2868 4324 3136 4404 πάσχοντε
3154 4348 3167 4362 ·
3193 4346 3391 4405 margo

1868 4401 2152 4459 rationem
2196 4406 2434 4480 exponit
2464 4428 2478 4463 ε
2505 4408 2721 4486 πράττω
2755 4410 2846 4468 καὶ
2887 4410 2949 4470 τὸ
2993 4415 3160 4486 ποιῶ,
3202 4414 3290 4473 καὶ
3330 4412 3392 4474 τό

1866 4488 2062 4567 πάσχω
2080 4513 2094 4527 ·
2126 4503 2245 4549 tum
2265 4493 2396 4552 sede
2420 4515 2521 4554 sua
2548 4496 2766 4556 dimota
2795 4500 3097 4575 paululum
3123 4501 3393 4563 observa-

1867 4579 1951 4635 tio
1982 4578 2093 4636 huc
2124 4582 2382 4639 revocari
2405 4582 2573 4641 debet
2601 4605 2616 4641 ε
2647 4587 2818 4646 Τοῦτο
2848 4587 3063 4646 διπλοῦν
3080 4609 3097 4625 ·
3125 4587 3160 4661 ἢ
3188 4590 3388 4670 ταχέως

1865 4664 2104 4724 πείσεσθε
2135 4673 2288 4726 τοῦτο
2309 4692 2322 4705 ·
2364 4667 2399 4740 ἢ
2436 4670 2640 4749 ταχέως
2671 4674 2918 4743 ποιήσετε
2953 4680 3111 4733 τοῦτο
3155 4676 3281 4761 πρός
3324 4702 3390 4755 με

1864 4758 2175 4825 ἡττηθεῖσαν
2193 4778 2209 4794 ·
2234 4756 2331 4814 ubi
2355 4800 2372 4830 ,
2400 4779 2529 4837 quae
2556 4758 2808 4820 deterius
2838 4763 3137 4841 aliquanto
3166 4764 3382 4824 scribe-

1865 4841 2106 4913 bantur,
2149 4845 2392 4903 correxi.
2437 4848 2620 4923 Igitur
2651 4850 2922 4927 ambigua
2954 4854 3234 4912 sententia
3265 4856 3386 4915 liaec

259 4908 305 4964 οῖ
333 4903 390 4963 δὲ
415 4905 647 4989 κύφωνες
674 4902 750 4979 οἷς
789 4911 968 4994 κύφειν
1002 4923 1211 4978 ποιοῦσι
1243 4921 1333 4981 τὸν
1367 4927 1686 5006 κρινόμενον.
1729 4935 1786 4991 οἳ
1868 4932 1996 5008 capi
2023 4931 2243 4990 voluit:
2274 4935 2420 5005 Quin
2445 4957 2548 4993 vos
2565 4980 2583 5007 ,
2619 4959 2788 5013 quam
2808 4948 3036 5017 potestis
3065 4945 3378 5013 celem-ime,

260 4995 313 5054 δὲ
338 4996 554 5074 &cmix
578 4998 833 5077 ξυλίνους,
863 5006 933 5071 εἷς
954 5005 1040 5072 οὓς
1078 5010 1126 5068 οἳ
1169 5010 1442 5075 ὗπεύθυνοι
1484 5018 1601 5088 τοὺς
1645 5046 1780 5104 τρα-
1870 5028 1930 5082 id
1950 5031 2130 5101 agite,
2165 5036 2229 5080 ut
2256 5029 2527 5083 aller-uem
2557 5045 2695 5100 pars
2719 5049 2793 5086 ca.-
2816 5033 3117 5087 conditione
3150 5051 3382 5101 paemtm
