3859 5725
1630 231 2005 306 EQUITUM.

3277 255 3393 308 ⁴0⁷

344 361 409 421 51
429 383 479 435 1,
507 372 582 431 40
610 364 973 443 ὸιπυρωθῆναι
999 363 1207 422 Suidas
1234 383 1279 424 ³.
1314 362 1564 444 Ἐριώλη.
1598 397 1676 409 -
1707 374 1771 433 41
1874 363 2123 424 Meiuek.
2155 368 2315 426 Com.
2346 371 2403 439 1,
2446 387 2504 445 p.
2540 387 2669 426 333.
2703 402 2782 413 —-
2814 371 2884 438 43
2925 369 3145 446 μηδέπω
3181 373 3309 431 Ald.
3337 387 3395 434 et

262 451 425 509 εἰπεῖν
454 455 527 511 V.
556 448 618 509 ἂν
635 470 751 509 om.
783 455 854 508 V.
887 454 958 512 Θ.

346 536 458 594 515
494 534 647 597 αὐτόν
679 556 1015 615 anonymus.
1048 536 1234 605 αὐτούς
1263 537 1389 596 Ald.

346 626 479 699 517,
515 634 587 700 47
638 625 1026 706 ἐσχημάτισται
1070 626 1277 703 suidas
1314 645 1357 682 s,
1407 628 1642 706 Πειρῶν,
1685 629 1785 704 qui

266 713 343 782 48
362 711 735 794 προσὸάλλειν.
782 715 912 773 ΑΙιΙ.
936 710 1271 794 προσὸαλεῖν.
1302 744 1378 756 -·-
1412 722 1486 789 49
1519 715 1589 779 ὡς
1618 718 1686 770 V.
1710 714 1783 774 Θ.

262 833 346 848 --
373 801 449 858 50
476 800 772 878 σημείωσαι
794 807 864 859 V.
887 801 1018 861 ΑΜ.

347 887 483 958 518,
508 888 579 946 53
612 885 800 968 τρόπον
826 908 940 947 0111.
969 893 1043 948 V.

344 974 461 1051 519
487 994 603 1036 om.
638 976 708 1034 Θ.
740 1017 821 1028 --
843 986 877 1046 4
900 977 1005 1034 τῶν
1034 976 1263 1046 ποιητῶν
1291 971 1526 1033 τουτέστι
1550 981 1656 1041 τοῖς
1678 979 1748 1031 V.

349 1064 484 1136 531,
515 1084 552 1140 9
575 1062 703 1145 φασὶ
731 1068 796 1122 V.

347 1152 483 1224 533,
517 1173 582 1209 13
613 1149 947 1232 βαρὸιτιστὰς
966 1151 1170 1210 suidas
1195 1171 1237 1209 s.
1269 1150 1503 1230 Μάγνης.
1532 1148 1791 1227 Legeba-

268 1250 363 1296 tur
393 1237 707 1318 βαρὸίτιδας.
743 1241 905 1300 Conf.
939 1240 1184 1302 Meinek.
1234 1241 1381 1299 Hist.
1421 1244 1579 1298 Com.
1616 1258 1672 1316 p.
1715 1238 1786 1296 33

268 1346 386 1404 seq.
412 1360 490 1373 —-
522 1326 586 1387 ἂν
613 1326 757 1407 λόγοι
780 1328 1018 1402 suidas,
1053 1328 1221 1386 etiam
1259 1329 1319 1385 in
1351 1327 1475 1386 cod.
1511 1327 1683 1386 Paris
1718 1331 1787 1384 A.

269 1414 571 1492 (omittunt
594 1417 627 1472 3
654 1415 819 1477 codd.
845 1429 902 1474 et
931 1416 1022 1474 ed.
1054 1415 1310 1491 Mediol.)
1339 1413 1617 1473 τάσσουσιν
1636 1416 1683 1472 οἳ
1705 1411 1791 1471 λό-

267 1525 352 1579 γοι
381 1509 449 1562 V.
479 1501 760 1563 τάσσουσιν
798 1501 962 1581 ὀλίγοι
1003 1503 1073 1562 Θ.
1109 1500 1386 1561 τάσσουσιν
1416 1504 1465 1560 οἳ
1504 1500 1649 1578 λόγοι
1677 1499 1791 1566 τοὺς

273 1588 626 1670 βαρὸατιστὰς
666 1589 729 1648 ἂν
767 1588 910 1668 λέγοι
944 1590 1068 1648 Ald.
1106 1629 1184 1642 -
1224 1610 1289 1661 17
1324 1587 1583 1669 ἐχρείοντο
1611 1593 1677 1647 V.
1716 1590 1792 1668 τῷ

272 1675 569 1756 βατραχείῳ
597 1676 822 1735 Suidas.
850 1680 927 1756 τῷ
970 1675 1241 1757 βατραχίῳ
1284 1675 1419 1734 ΑΙά.
1461 1677 1565 1733 τῶν
1591 1678 1790 1754 βατρα-

268 1761 426 1842 χείων
445 1768 510 1822 V.
537 1766 640 1822 τῶν
673 1766 970 1844 βατραχιῶν
991 1765 1061 1823 Θ.

352 1851 487 1923 536,
506 1852 581 1908 33
607 1847 670 1908 ἂν
688 1850 921 1929 ῥέωσιΘ.
946 1848 1114 1929 ῥέουσι
1127 1849 1254 1907 ΑΙά.
1272 1883 1348 1894 -
1364 1859 1434 1917 34
1457 1850 1791 1929 Φιλιππικῷ,

273 1935 348 1994 35
378 1938 627 2004 Πυθῶνος
666 1939 736 1999 Θ.
777 1936 1099 2013 Legebatur
1135 1939 1378 2016 τυφῶνος.
1419 1968 1499 1981 -
1535 1938 1609 1994 36
1644 1934 1794 2001 αὐτὸς

271 2022 530 2082 additum
553 2045 625 2083 ex
647 2027 717 2087 Θ.
744 2057 815 2069 -
842 2023 915 2082 38
932 2022 1129 2102 τροπὴν
1145 2022 1338 2096 ταύτην
1366 2024 1435 2084 Θ.
1462 2054 1542 2068 --
1567 2025 1638 2082 30
1654 2027 1794 2083 Cra·—

272 2111 379 2168 tini
431 2130 630 2171 versus
679 2111 993 2170 attulerunt
1033 2109 1237 2169 Suidas
1268 2110 1326 2167 in
1369 2107 1605 2190 Ἀφέλεια
1634 2123 1691 2169 et
1732 2110 1792 2168 in

269 2195 702 2279 Δωδεκάκρουνον
748 2195 950 2277 στόμα,
992 2201 1227 2255 Tzetzes
1268 2197 1413 2255 Hist.
1458 2198 1515 2272 8,
1570 2198 1701 2271 184,
1736 2211 1795 2256 et

268 2285 511 2363 Exegesi
533 2285 834 2344 Homerica
858 2305 915 2363 p.
958 2303 1047 2358 13,
1084 2305 1172 2344 11.
1205 2289 1295 2343 τοῦ
1322 2283 1570 2368 ῥεύματος
1591 2287 1794 2345 Suidas

270 2389 315 2428 s.
347 2369 603 2451 Ἀφέλεια.
646 2406 728 2416 -
765 2374 833 2430 31
875 2376 1164 2451 καναχοῧσι
1208 2371 1429 2431 811ὶά115.
1475 2372 1796 2450 Legebatur

269 2461 562 2538 καναχῶσι.
586 2457 646 2517 τὸ
669 2459 840 2537 στόμα
862 2465 1150 2517 Porsonus
1172 2460 1329 2537 apud
1364 2459 1539 2518 Kidd.
1571 2460 1643 2519 ad
1671 2466 1792 2520 Da-

268 2565 408 2605 weS.
442 2566 501 2623 p.
533 2547 666 2604 356.
711 2579 788 2592 —-
821 2545 893 2602 33
921 2545 1141 2611 εἷλισσὸς
1168 2548 1239 2605 Θ.
1273 2549 1340 2626 τῇ
1377 2545 1599 2629 φάρυγγι
1623 2553 1690 2606 V.
1719 2551 1791 2611 Θ.

268 2644 332 2692 et
352 2632 577 2691 SuidaS.
601 2635 667 2710 τῇ
690 2631 880 2714 φάρυγι
906 2637 1217 2692 Porsonus.
1264 2631 1317 2691 τί
1358 2653 1472 2695 om.
1502 2633 1702 2693 Suidas
1733 2635 1795 2693 in

268 2719 411 2778 Δωδ.
437 2717 631 2798 εἴποιμ’
655 2716 733 2777 ἔτι
751 2718 1100 2781 DiudorfiuS.
1124 2719 1447 2796 Legebatur
1462 2720 1662 2800 εἴποιμί
1675 2745 1791 2783 cot:

269 2806 371 2865 sed
396 2829 477 2866 σοι
523 2826 634 2868 om.
662 2810 730 2866 V.
763 2808 861 2881 Θ.,
884 2807 1088 2867 Suidas
1117 2820 1178 2866 et
1203 2812 1427 2868 Tzetza.
1459 2843 1537 2854 —
1573 2812 1645 2870 33
1677 2812 1793 2870 ἐπι-

269 2894 427 2973 μύσει
452 2899 518 2953 V.
547 2896 617 2956 Θ.
643 2928 723 2939 -
755 2897 828 2963 34
853 2892 1059 2953 ἅπαντα
1092 2899 1256 2955 ταῦτα
1282 2917 1398 2958 om.
1438 2897 1670 2972 SuidaS,
1695 2900 1794 2976 qui

269 3002 384 3062 pro
412 2980 702 3128 ποὲἱμδασιν
725 2982 900 3041 habet
935 2980 1189 3060 στόμασιν
1217 2984 1276 3041 iu
1310 2982 1545 3065 Ἀφέλεια
1572 3030 1589 3058 ,
1615 2984 1794 3063 λόγοι-

268 3091 354 3126 σιν
385 3090 447 3127 m
602 3112 615 3126 .

354 3158 490 3230 537,
516 3157 590 3224 48
609 3156 771 3215 addit
793 3156 920 3215 AJd.
942 3154 977 3230 ἢ
1001 3156 1230 3238 ἀφελῶς,
1251 3156 1445 3223 ἅπλῶς.
1469 3147 1573 3218 οἷον
1597 3159 1662 3219 τὰ
1677 3163 1792 3221 ἑπι-

269 3243 458 3303 στόλια
484 3245 687 3324 ἀφελῶς
712 3242 946 3325 γράφειν.
975 3241 1068 3302 καὶ
1102 3242 1295 3324 ἀφελὴς
1323 3243 1452 3323 γυνὴ
1478 3250 1511 3317 ἡ
1538 3246 1793 3328 ἀπόνηρος

268 3328 364 3390 καὶ
384 3330 674 3411 δοσίπυγος,
691 3333 764 3399 ὣς
783 3330 864 3407 τὸ,
888 3357 913 3383 σι
934 3334 1073 3408 μισῶ
1086 3329 1183 3403 τὴν
1206 3333 1390 3410 ἀφελῆ,
1414 3334 1555 3409 μισῶ
1576 3332 1672 3406 τὴν
1695 3337 1795 3396 σώ-

372 3440 437 3476 να
457 3417 595 3491 λίην.
619 3445 642 3470 n
663 3416 877 3477 δύναται
899 3415 953 3476 δὲ
980 3417 1071 3476 καὶ
1099 3420 1319 3477 ἐνταῦθα
1345 3417 1459 3476 ἀντὶ
1478 3425 1569 3479 τοῦ
1592 3420 1792 3499 ἁπλῶν,

266 3440 380 3564 Ξειῖ
422 3505 593 3576 ἁπλῆς
637 3504 885 3587 φράσεως.
941 3510 1085 3578 Quae
1136 3507 1480 3584 interpolata
1536 3523 1669 3568 sunt
1722 3534 1793 3572 ex

266 3592 447 3654 Suida
473 3613 519 3653 s.
550 3591 783 3674 Ἀφελής.
811 3625 881 3639 --
904 3592 1081 3659 στάσις
1119 3593 1246 3672 (sic)
1271 3627 1351 3639 -·
1373 3599 1624 3673 ποταμῶν
1662 3620 1693 3657 a
1718 3621 1792 3659 m.

267 3701 388 3741 rec.
416 3679 591 3739 hahet
614 3684 686 3739 V.
717 3721 779 3733 -
808 3689 883 3755 49
907 3675 976 3738 τὰ
998 3678 1105 3738 ἄνω
1125 3678 1352 3757 χώματα
1373 3682 1445 3741 Θ.
1467 3717 1550 3739 -1-
1566 3684 1638 3742 53
1670 3706 1792 3766 sqq.

267 3770 520 3847 glossam
543 3765 659 3834 τοὺς
685 3766 806 3848 περὶ
833 3766 1072 3827 Καλλίαν
1103 3766 1275 3825 habet
1302 3773 1394 3841 V.,
1417 3788 1528 3828 om.
1554 3776 1625 3829 G.

357 3857 491 3933 539,
516 3877 547 3929 7
580 3854 736 3936 φησὶν
756 3852 933 3936 ἑτέραν
959 3855 1013 3914 ἐν
1036 3854 1310 3936 συμποσίῳ
1333 3856 1402 3914 Θ.
1437 3891 1507 3903 -
1536 3861 1571 3916 8
1595 3883 1794 3941 προκα-

265 3942 707 4021 ταλαμὸάνοντας
727 3946 818 4014 V„
843 3963 959 4000 non
979 3947 1051 4000 G.
1074 3974 1153 3987 —
1179 3963 1218 4018 9
1242 3944 1398 4001 αὐτοῦ
1421 3946 1492 4005 Θ.
1523 3945 1704 4016 αὐτοὺς
1721 3954 1789 4009 G.

354 4030 489 4104 530,
528 4039 595 4099 14
631 4029 888 4088 Εὐνειδῶν
910 4029 1220 4089 Fabricius
1248 4030 1336 4107 (V.
1367 4031 1612 4092 Meinek.
1642 4036 1789 4097 nist.

265 4123 433 4179 Com.
462 4137 520 4195 p.
548 4115 665 4195 57.)
686 4116 1012 4194 Legebatur
1038 4114 1356 4193 Εὐμενίδων.
1387 4152 1470 4167 -
1505 4140 1523 4175 1
1540 4118 1573 4176 5
1608 4143 1791 4180 συντε-

261 4203 509 4282 ταμένων
529 4208 596 4262 V.

354 4294 487 4366 533,
524 4311 590 4349 31
625 4288 925 4372 ἐλεφάντινα
960 4291 1180 4349 addidit
1209 4291 1469 4356 Dindorf‚
1513 4314 1585 4352 ex
1615 4298 1788 4356 Suida

261 4401 312 4439 s.
338 4375 626 4460 Ἤλεκτρα.
649 4412 728 4423 -
755 4381 828 4436 33
853 4376 1318 4458 ὢφθαλμισμένους
1347 4381 1546 4440 Suidas
1573 4402 1615 4440 s.
1652 4384 1708 4441 h.
1734 4406 1784 4449 v,

258 4480 329 4528 et
350 4489 394 4527 s,
419 4465 707 4547 Ἠλεκτρα.
731 4466 1053 4544 Legebatur
1083 4467 1519 4547 ἠσφαλισμένους.
1559 4473 1786 4553 ἀσφαλι-

1869 450 2094 510 811ἰάσε.
2123 457 2277 513 Fort.
2311 452 2674 530 μηδεπώποτε.
2697 490 2780 505 -
2808 464 2879 525 44
2906 455 3044 537 δίψει
3068 459 3194 517 ΑΙά.

1956 537 2091 611 537,
2121 540 2192 597 53
2223 540 2474 599 Meinek.
2511 544 2655 602 nist.
2698 547 2860 601 Com.
2886 565 2945 623 p.
2981 545 3056 621 59
3077 549 3301 626 πρῶτον.
3330 549 3394 608 τὰ

1873 625 2097 684 addidit
2113 632 2413 686 Kusterus.
2436 669 2511 682 --.
2536 650 2556 685 1
2585 627 2819 698 ἕξωνεῖτο
2842 627 2959 698 τοὺς
2982 630 3166 700 θεατὰς
3259 633 3397 694 For-

1876 723 2021 771 tasse
2062 733 2135 772 εκ
2178 716 2423 773 aliorum
2454 717 2840 788 comicorum,
2871 737 3018 793 quos
3051 722 3249 779 Crates
3291 722 3397 780 ad—

1874 801 2156 860 versarios
2181 801 2382 861 habuit
2397 845 2415 875 ,
2440 802 2649 862 fabulis
2676 805 2936 881 petitum.
2955 810 3220 866 Μειιιιιι.
3244 811 3394 870 nist.

1875 891 2033 947 Com.
2052 909 2110 967 p.
2132 891 2224 948 63.
2255 923 2326 934 -
2357 911 2391 947 3
2421 888 2677 970 τραγικός.
2699 893 3117 968 Reponendum
3143 894 3397 971 κωμικὸς,

1877 974 1986 1033 nisi
2030 976 2079 1033 is
2117 976 2438 1034 scholiastae
2474 996 2636 1034 error
2678 989 2763 1034 est
2807 991 3064 1037 nostrum
3111 985 3397 1041 Cratetem

1877 1079 2005 1119 cum
2038 1063 2387 1141 philosopho
2434 1063 2751 1141 eodemque
2793 1067 3195 1143 tragoediarum
3227 1084 3398 1147 poeta
3511 1073 3524 1080 “

1878 1149 2304 1208 confundentis
2333 1155 2605 1209 anx.
2633 1170 2688 1227 p.
2731 1153 2808 1209 60
2848 1171 2967 1231 seq.
2992 1193 3073 1204 -
3099 1156 3154 1229 3,
3186 1165 3219 1225 4
3242 1157 3400 1233 glos-

1878 1254 1997 1292 sam
2033 1235 2317 1316 λοιδορίας,
2348 1235 2570 1315 μέμψεις
2610 1236 2782 1295 habet
2803 1243 2873 1296 V.
2915 1240 3098 1299 Addit
3136 1243 3263 1302 Ald.
3305 1244 3400 1323 (ex

1878 1321 2050 1382 Suida
2071 1342 2116 1381 s.
2147 1322 2562 1402 Στυφελισμοός)
2591 1323 2681 1382 καὶ
2702 1324 2754 1382 ἐν
2779 1327 3012 1401 μυθικοῖς
3032 1324 3111 1385 ὅτι
3133 1331 3400 1408 στυφελῶν

1879 1407 1984 1467 άπὸ
1995 1412 2200 1491 πετρῶν
2214 1408 2560 1492 ὀστρακόεντα
2573 1413 2714 1468 νῶτα
2729 1409 2818 1469 καὶ
2832 1411 3034 1488 ἀγκύλα
3048 1422 3171 1489 γυῖα
3186 1417 3399 1489 κεάσθη.

1961 1497 2095 1568 538,
2119 1497 2152 1553 5
2181 1496 2346 1566 ἡδέως
2374 1495 2585 1578 γράφων
2604 1498 2675 1558 Θ.
2709 1500 3015 1574 Sequentia
3037 1521 3151 1563 om.
3177 1508 3242 1563 V.
3263 1507 3332 1564 Θ.

1961 1582 2094 1659 539,
2120 1603 2157 1658 9
2178 1584 2418 1652 ὑπονοίας
2451 1584 2685 1661 conjicit
2713 1585 2954 1644 Meinek.
2988 1588 3025 1650 Ι.
3065 1609 3111 1646 c.
3143 1609 3200 1667 p.
3229 1592 3326 1648 61.
3351 1626 3404 1639 -

1887 1688 1957 1726 ιο
1992 1667 2059 1727 τὰ
2098 1669 2390 1750 γράμματα
2428 1675 2499 1728 V.
2538 1668 2573 1741 ἢ
2608 1671 2654 1729 δ.
2697 1669 2759 1730 τὸ
2784 1694 2836 1732 κ.
2865 1691 2980 1732 0111.
3011 1679 3075 1734 V.
3101 1678 3155 1736 Θ
3183 1703 3198 1739 ι
3229 1678 3403 1738 habet

1879 1756 2084 1815 Suidas
2118 1777 2162 1815 s,
2204 1756 2605 1839 Κραμὸοτάτου.
2640 1788 2720 1803 --
2751 1780 2814 1817 11
2864 1760 3157 1837 legebatur
3180 1764 3284 1823 ἀπὸ
3315 1774 3403 1825 τοῦ

1879 1863 2021 1988 {iim
2049 1845 2509 2011 aligugdeoegiffiss
2537 1849 2623 1992 eost
2652 1846 3407 2011 {gahugffiaetrtgtgnrffi

1888 2017 1958 2074 16
1981 2016 2344 2077 scribebatur
2364 2018 2703 2100 ἐπαφηκὲναι.
2740 2053 2816 2065 -
2850 2039 2921 2094 37
2953 2012 3084 2081 εἶναι
3113 2025 3242 2105 δοκῇ
3271 2029 3344 2088 Θ.

1963 2104 2096 2178 543,
2128 2113 2202 2173 40
2230 2105 2523 2183 legebatur
2548 2106 2978 2185 μιτηρύθμισται.

1964 2190 2097 2263 546,
2126 2203 2201 2269 49
2240 2196 2345 2251 θεῖν
2376 2191 2411 2263 ἢ
2446 2194 2704 2252 additum
2738 2215 2813 2253 ex
2837 2196 2909 2256 Θ.
2944 2236 3024 2247 --
3051 2198 3127 2256 50
3154 2199 3278 2258 ὅταν
3303 2202 3406 2282 γὰρ

1882 2300 1993 2337 συν.
2017 2278 2102 2339 ἐπὶ
2129 2303 2189 2339 π.
2217 2282 2449 2362 ἀριθμῶν
2478 2285 2545 2339 V.
2575 2284 2646 2341 Θ.
2676 2316 2755 2328 —
2785 2284 2851 2341 51
2888 2285 3247 2346 scribebatur
3269 2311 3406 2370 προ-

1882 2366 2109 2448 έρχεται.
2136 2402 2217 2414 -
2253 2370 2327 2437 εἰς
2367 2368 2679 2451 τοῦπροσθεν
2710 2370 2839 2449 (sic)
2872 2373 2941 2433 Θ.
2982 2408 3045 2419 -
3085 2376 3160 2433 53
3199 2375 3408 2458 πέμψαι

1881 2457 1952 2514 Θ.
1986 2487 2060 2500 -
2102 2455 2174 2525 54
2210 2478 2345 2514 κωπ.
2377 2455 2724 2532 ἐλαυνομένη,
2761 2479 2778 2515 1
2813 2459 3090 2540 ἑπαράτειν
3126 2463 3195 2523 Θ.
3222 2469 3409 2524 Voca-
3481 2469 3490 2476 ’

1882 2541 2083 2600 bulum
2113 2556 2470 2620 corruptum.

1964 2628 2102 2701 547,
2140 2628 2310 2687 8-10.
2338 2638 2470 2690 Haec
2511 2631 2652 2688 nihil
2694 2630 2769 2690 ad
2816 2652 2934 2690 rem
2986 2634 3218 2694 faciunt.
3261 2641 3408 2694 Nam

1885 2726 2146 2792 tempore
2189 2717 2584 2795 Aristophanis
2629 2731 2814 2794 poetae
2854 2721 3060 2779 comici
3102 2734 3158 2780 et
3207 2726 3407 2801 tragici

1882 2803 2134 2862 carmina
2161 2823 2259 2862 sua
2285 2825 2401 2863 non
2429 2806 2674 2884 amplius
2701 2827 2734 2865 e
2769 2808 3039 2885 plaustris
3060 2809 3407 2884 recitabant,

1886 2902 1949 2947 ut
1980 2903 2238 2968 tempore
2260 2891 2564 2969 Thespidis
2592 2906 2804 2970 poetae,
2832 2895 2962 2967 sed,
2989 2907 3053 2953 ut
3078 2910 3277 2955 notum
3302 2913 3406 2971 est,

1883 2997 1917 3033 e
1940 2996 2110 3035 scena
2146 2978 2369 3036 theatri.
2399 2983 2584 3037 Kusr.
2609 2980 2758 3038 Vide
2785 2983 3023 3039 Bakium
3050 2983 3122 3040 ad
3145 2985 3405 3043 Cleome-

1884 3063 2016 3121 dem
2045 3083 2104 3141 p.
2131 3067 2263 3133 435.
2287 3067 2470 3123 Dum.

1964 3151 2099 3228 550,
2135 3170 2202 3208 13
2234 3174 2286 3233 φ.
2311 3156 2386 3233 τῷ
2408 3151 2676 3232 προσώπῳ
2699 3155 2754 3213 Θ

1964 3239 2097 3312 551,
2136 3240 2205 3296 16
2229 3236 2284 3298 δὲ
2322 3240 2486 3318 βουλ.,
2541 3260 2602 3312 17
2659 3240 2717 3298 τὸ
2749 3244 2932 3299 ἑαυτοῦ
2978 3243 3303 3322 ἆπιτήδιυμα
3331 3250 3402 3308 Θ.

1882 3359 1960 3371 -
1981 3328 2168 3384 30-35
2196 3326 2257 3386 τὸ
2281 3331 2486 3408 πρῶτον
2514 3326 2859 3406 χοριαμὸικὸν
2888 3327 3141 3407 ἶαμὸικὴν
3166 3367 3246 3382 -
3272 3337 3405 3394 ἀκα-

1882 3413 2138 3485 τάληκτον
2184 3414 2307 3490 (τῶν
2349 3412 2400 3473 κ’
2438 3413 2802 3496 χοριαμόικῶν
2844 3412 2964 3494 ἔχον
2998 3419 3403 3498 ὶπιμιμιγμένον

1881 3503 2243 3573 ἀκατάληκτον
2273 3501 2367 3580 Θ.)
2398 3503 2486 3563 καὶ
2521 3502 2581 3562 τὸ
2623 3508 2676 3582 β’
2712 3501 2891 3582 ὅμοιον
2925 3507 3285 3579 ἄκατάληκτον
3315 3514 3403 3569 καὶ

1881 3590 1941 3649 τὸ
1959 3589 2010 3669 γ’
2037 3588 2127 3649 καὶ
2152 3589 2212 3649 τὸ
2233 3588 2279 3648 δ’
2306 3593 2639 3670 (utrumque
2668 3591 2728 3648 τὸ
2756 3611 2869 3650 0111.
2899 3593 2991 3670 Θ.)
3027 3591 3203 3671 ὅμοιον
3230 3597 3320 3656 καὶ
3343 3601 3404 3659 τὸ

1882 3681 1921 3736 ε’
1948 3676 2294 3759 χοριαμὸικὸν
2317 3678 2678 3748 ἀκατάληκτον
2700 3678 2870 3737 καὶτὸ
2894 3677 3041 3739 ἕκτον
3071 3682 3161 3741 καὶ
3182 3682 3402 3762 ἕὸδομον

1881 3763 2058 3841 ὅμοιον
2079 3763 2167 3823 καὶ
2195 3764 2255 3822 τὸ
2282 3762 2461 3843 ὄγδοον
2488 3765 2852 3837 ἀκατάληκτον
2893 3767 2981 3826 καὶ
3011 3766 3071 3826 τὸ
3099 3772 3155 3827 θ’.
3194 3770 3254 3830 τὸ
3282 3773 3336 3831 δὲ
3369 3787 3407 3831 ι’

1881 3854 1961 3931 (τὸ
1984 3852 2195 3911 δέκατον
2218 3852 2313 3927 Θ.)
2357 3853 2729 3912 ἀναπαιστικὸν
2761 3853 3034 3935 τρίμετρον
3081 3860 3404 3930 καταληκτι-

1880 3940 2000 4011 κὸν,
2036 3937 2104 3997 τὰ
2137 3938 2191 3998 δὲ
2215 3939 2373 3998 λοιπὰ
2403 3939 2449 3998 δ’
2470 3941 2821 4000 ἀναπαιστικὰ
2850 3942 3129 4026 τρίμετρα,
3158 3946 3277 4025 τρία
3307 3947 3401 4025 μὲν

1879 4028 2191 4105 γλυκώνεια,
2216 4024 2276 4083 τὸ
2301 4027 2594 4086 τελευταῖον
2615 4024 2670 4085 δὲ
2698 4028 3055 4110 φερεκράτειον
3079 4036 3148 4087 V.
3174 4034 3245 4091 Θ.

1962 4113 2098 4180 553,
2131 4114 2196 4170 31
2231 4110 2321 4170 καὶ
2339 4120 2552 4172 κτυπεῖν
2572 4134 2684 4172 0111.
2719 4116 2788 4173 Θ.

1962 4202 2095 4278 559,
2127 4202 2199 4270 45
2230 4198 2284 4258 δὲ
2309 4200 2371 4259 τὸ
2394 4201 2511 4280 ἀκρ.
2535 4200 2595 4259 τὸ
2620 4199 2849 4259 Ἀττικόν
2873 4202 2941 4260 Θ.

1961 4289 2096 4365 561,
2122 4289 2195 4357 48
2220 4287 2509 4368 κρημνίτην
2531 4289 2661 4347 Ald.
2691 4322 2773 4337 —
2801 4285 3070 4366 Εὔριππος
3090 4292 3170 4351 V..

1961 4378 2091 4448 563,
2121 4377 2157 4432 6
2184 4375 2287 4434 Ἀθ.
2311 4374 2399 4433 καὶ
2423 4380 2451 4434 ὁ
2482 4374 2734 4457 Φορμίων
2757 4372 2876 4454 περὶ
2895 4378 2963 4431 V.

1959 4462 2091 4535 565,
2122 4482 2159 4538 9
2184 4460 2525 4543 τετράμετρον
2546 4459 2823 4541 τροχαϊκὸν
2846 4459 3206 4532 ἀκατάληκτον
3228 4468 3298 4522 V.
3314 4498 3400 4514 «ι-

258 4551 488 4633 σμίνους
507 4562 577 4615 V.
613 4586 692 4600 -
713 4564 787 4624 34
812 4555 974 4613 uncis
1002 4554 1222 4617 inclusa
1250 4554 1426 4614 habet
1462 4558 1679 4618 simias,
1710 4595 1787 4608 .-.
1884 4569 1953 4608 10
1976 4548 2348 4629 Ἀριστοφάνης
2368 4553 2669 4609 Κυεῑετιιε.
2699 4554 2765 4607 V.
2782 4548 2957 4606 schol.
2978 4549 3053 4606 ad
3077 4555 3201 4607 Pac.
3233 4571 3395 4625 1137.

260 4662 462 4719 37-39
492 4663 606 4703 om.
642 4644 712 4701 Θ.

350 4727 463 4787 533
488 4748 604 4787 0111.
625 4729 695 4787 Θ.
722 4762 801 4773 --
829 4731 892 4785 31
931 4726 1208 4787 καὸὄάτων
1236 4729 1438 4787 Suidas
1464 4750 1509 4789 s.
1542 4727 1787 4809 Ἁρμονία

257 4824 327 4871 et
357 4834 402 4871 s.
434 4812 722 4895 Ἠλεκτρα.
751 4813 1028 4893 κραὸάτων
1050 4818 1121 4874 V.
1143 4812 1450 4895 κρουμάτων
1466 4815 1598 4874 Ald.

347 4901 481 4974 534,
528 4911 597 4969 41
637 4905 701 4980 τῇ
750 4902 821 4960 Θ.
850 4934 931 4951 --
974 4911 1045 4968 43
1091 4900 1458 4981 φιλοστίφανος
1497 4903 1698 4964 Suidas
1740 4924 1782 4962 s.

1874 4636 2198 4714 Legebatur
2228 4636 2577 4718 Ἀρίσταρχος.

1957 4726 2088 4794 566,
2129 4726 2195 4781 16
2227 4728 2319 4804 θεᾷ
2346 4726 2523 4784 Θι-
2564 4744 2631 4799 19
2659 4724 2867 4803 ἀραιοῦν
2905 4722 3033 4780 Ald.
3061 4725 3231 4802 ἐρεοῦν
3263 4727 3396 4783 Sui-

1875 4813 2008 4884 daS,
2042 4814 2143 4889 qui
2178 4812 2385 4870 deinde
2425 4806 2576 4868 εἶναι.
2620 4808 2963 4889 ἐνεγέγραπτο
2993 4808 3049 4868 δὲ
3091 4812 3145 4868 ἐν
3188 4814 3328 4894 αὐτῷ
3366 4818 3393 4871 ὁ

1873 4899 2023 4977 Ἐγκ.
2057 4897 2399 4977 (Ἐκκέλαδος
2424 4899 2512 4974 V.)
2544 4932 2621 4941 —
2653 4907 2724 4965 34
2756 4896 3042 4979 ἐνέγραψαν
3069 4897 3183 4963 τοὺς
3220 4900 3391 4957 idem.

253 4988 484 5054 Κοννᾶς.
531 4985 728 5068 φιλήσῃ
771 4989 940 5048 idem.
992 4987 1315 5065 Legebatm*
1350 4988 1564 5061 νικήσει.
1613 4993 1782 5051 Cous.
1872 4987 1961 5054 τὰς
2001 4988 2264 5068 ἂριστείας
2303 4988 2432 5047 Ald.
2463 4992 2604 5060 Quae
2642 4988 2698 5044 in
2747 4988 2857 5044 tine
2906 4987 3063 5045 addit
3111 4987 3396 5068 Εὐριπίδης
