3859 5725
1667 229 2070 296 RANARUM.

3334 262 3450 317 623

297 354 548 434 Polyido
575 377 779 419 versus
804 359 962 438 apud
988 361 1166 420 schol.
1195 360 1430 419 Homeri
1452 360 1513 421 ll.
1536 361 1586 421 Κ
1601 403 1619 434 ,
1641 361 1717 420 56
1749 363 1833 421 sic
1925 366 2309 429 ἀποσκώπτων.
2332 371 2422 431 Ad
2444 374 2557 441 415
2578 387 2734 435 certe
2762 376 3064 439 referenda
3076 398 3200 439 esse
3226 382 3449 441 monuit

302 446 582 522 scriptus,
629 445 805 524 μάτην
842 445 945 528 γὰρ
992 447 1121 529 οἴκῳ
1165 448 1256 508 σὸν
1302 446 1412 509 τόδ’
1451 446 1639 520 ἐκὸαίη
1670 447 1833 517 τέλος.
1923 455 2199 516 Fritzsch.
2230 458 2268 516 l.
2295 480 2345 517 c.
2370 479 2428 537 p.
2459 460 2555 521 83.
2576 500 2640 515 -
2683 484 2752 522 10
2779 463 2953 542 νόμος.
2988 467 3148 526 Ficta
3176 466 3251 527 ab
3281 469 3447 528 scho-

301 534 451 593 Vide
471 535 910 595 Valckenarium
943 537 1006 593 in
1035 537 1222 594 Diatr.
1252 557 1309 613 p.
1334 556 1465 599 202.
1499 534 1666 595 Unde
1702 556 1833 595 cor-

303 623 428 680 rexi
474 624 820 703 scripturam
868 624 1134 683 codicum
1174 626 1389 703 (etiam
1432 622 1618 703 Reg.)
1658 623 1832 703 μάτην

301 708 537 769 εἰκοστὸν
563 710 693 770 τόδ’.
719 717 906 771 Dum.

385 801 521 873 372,
551 820 641 856 22.
664 799 1021 880 Ἀρίσταρχος.
1040 800 1205 860 Conf.
1225 800 1404 859 schol.
1424 819 1484 858 v.
1516 799 1651 868 354.
1674 834 1737 849 --
1756 799 1829 856 23

299 883 426 947 ὅλου
450 890 544 947 τοῦ
566 894 634 948 R.
660 886 757 947 δ’λα
784 894 875 948 τοῦ
904 890 1035 949 ΑΜ.
1069 887 1285 951 ἔλαττον
1315 894 1385 948 V.
1410 932 1475 943 --
1499 889 1571 947 25
1608 885 1731 969 περὶ
1759 889 1830 949 Θ.

300 982 378 1034 Μ.
412 975 559 1056 παρὰ
599 983 670 1035 V.
711 978 846 1037 Ald.
879 985 1014 1039 Post
1046 975 1202 1059 χορόν
1228 977 1390 1036 addit
1426 982 1497 1037 V.
1533 974 1657 1036 ἔτιδ
1677 974 1833 1057 χορὸς

297 1061 363 1121 τὸ
387 1062 517 1122 ἄλλο
535 1062 670 1141 μετὰ
693 1070 786 1124 τοῦ
808 1070 970 1146 χοροῦ
997 1069 1102 1125 τῶν
1127 1064 1243 1125 καθ’
1268 1064 1413 1145 ᾅδου·
1433 1077 1519 1138 et,
1543 1067 1592 1123 οἱ
1609 1069 1703 1123 τοῦ
1728 1086 1833 1144 χο-

300 1157 392 1228 ροῦ
417 1149 616 1228 μύσται
637 1151 896 1224 ἀλλήλους
929 1148 1397 1234 παρακελεύονται.
1430 1157 1567 1213 Haec
1595 1172 1708 1210 om.
1736 1157 1829 1219 G..

297 1238 402 1314 qui
428 1259 542 1297 om.
571 1240 740 1297 etiam
770 1240 990 1299 scholia
1021 1243 1156 1313 374,
1181 1242 1399 1312 376.-
1433 1260 1508 1317 29
1533 1239 1595 1299 τὸ
1618 1260 1731 1298 0111.
1758 1244 1828 1297 V.

382 1330 498 1399 378
517 1370 534 1399 ,
573 1330 644 1387 23
673 1325 896 1409 ὓψώσεις
915 1326 1012 1399 τὴν
1051 1326 1305 1410 σώτειραν
1350 1336 1458 1395 τοῖς
1488 1334 1559 1388 V.
1577 1367 1641 1379 —
1666 1327 1738 1386 33
1767 1323 1829 1383 l-

295 1414 682 1475 στιν-θύουσιν
713 1437 828 1477 0111.
860 1423 930 1476 G.
955 1414 1067 1476 ἔστι
1092 1412 1194 1497 γὰρ
1221 1422 1291 1477 V.
1315 1417 1443 1478 Ald.
1466 1414 1562 1489 τὴν
1589 1417 1642 1475 ἐν
1669 1413 1826 1486 Ἀθή-

293 1523 408 1568 ναις
439 1500 652 1575 Ἀθηνᾶν
681 1503 820 1563 dicit
844 1510 922 1563 Μ.

379 1590 516 1663 384,
565 1598 640 1666 49
668 1588 768 1657 ἕως
804 1597 898 1650 τοῦ
931 1590 1016 1671 (τὸ
1057 1587 1408 1673 ν.)-φρένας
1443 1610 1560 1650 0111.
1594 1592 1664 1649 G.
1697 1586 1827 1646 ἄλλο

293 1672 394 1743 ἕως
437 1682 503 1736 V.
556 1680 847 1756 Significat
893 1680 982 1738 his
1023 1679 1215 1738 verbis
1260 1679 1528 1739 librarius
1561 1676 1827 1736 scholion

227 1762 238 1770 ’
263 1812 270 1817 .
292 1762 590 1841 quoddam
611 1786 735 1825 esse
761 1766 1205 1827 describendum
1239 1788 1420 1845 usque
1443 1767 1516 1827 ad
1542 1764 1722 1824 verba
1746 1762 1824 1830 τίς

291 1849 392 1919 σὰς
426 1851 709 1934 παρήειρεν
739 1853 959 1935 φρένας,
1005 1857 1109 1934 qui
1140 1855 1475 1916 Archilochi
1505 1873 1708 1914 versus
1735 1864 1825 1911 est

289 1939 451 2017 apud
474 1942 864 2019 Hephaestion.
886 1964 944 2022 p.
978 1964 1110 2020 129.
1148 1949 1330 2003 Dim).

377 2030 512 2104 395,
538 2031 571 2087 3
593 2051 736 2108 φαιν.
751 2030 1020 2111 ἐπίκαιρον
1041 2030 1293 2091 Διόνυσον
1315 2036 1387 2091 R.
1404 2036 1545 2108 Reg.
1568 2053 1581 2088 :
1601 2028 1821 2111 Ὧραῖον

292 2114 406 2174 θεὸν
427 2117 569 2196 λέγει
589 2115 678 2176 τὸν
703 2122 791 2192 Δ.,
812 2117 992 2191 ἐπειδὴ
1018 2119 1156 2178 κατὰ
1181 2118 1269 2178 τὸν
1289 2118 1469 2200 καιρὸν
1494 2132 1552 2178 et
1580 2139 1704 2196 quae
1723 2139 1820 2177 se-

289 2217 552 2280 quuntur
570 2205 607 2265 l.
637 2204 696 2279 4,
720 2207 774 2264 5.
796 2244 860 2256 -
882 2208 918 2264 6
937 2207 1240 2286 legendum
1264 2228 1338 2267 ex
1355 2213 1499 2284 Reg.
1524 2208 1609 2265 ὅτε
1628 2203 1821 2267 ὥδευον

289 2290 766 2367 ἀπὸ-Ἐλευσῖνα,
790 2316 884 2374 πρ.

372 2383 487 2457 398
516 2402 632 2441 0111.
670 2383 845 2441 etiam
870 2384 942 2442 Θ.
979 2388 1087 2452 Μ.,
1119 2384 1411 2461 iidemque
1439 2384 1592 2453 infra
1628 2383 1667 2441 l.
1706 2403 1812 2442 21-

292 2470 389 2545 25,
411 2471 514 2530 ubi
536 2472 712 2533 πάντα
728 2471 774 2531 δ’
788 2474 984 2545 εὐπετῆ
993 2477 1123 2540 θεοῖς
1138 2495 1212 2533 ex
1226 2473 1523 2553 Euripidis
1546 2472 1817 2535 Phoeniss.

287 2579 343 2619 v.
372 2580 480 2633 701
510 2561 733 2621 confert
764 2562 1118 2629 Dindorfius.

368 2658 505 2722 401,
538 2651 613 2708 28
643 2649 824 2717 ἄστεος
844 2656 940 2724 V.,
977 2665 1037 2708 et
1063 2671 1203 2711 mox
1232 2656 1303 2711 R.
1322 2689 1388 2703 -
1422 2651 1496 2709 36
1516 2650 1603 2711 ἐπὶ
1619 2653 1722 2732 γὰρ
1751 2656 1814 2709 V.

291 2735 466 2796 altero
487 2738 620 2796 loco
646 2761 662 2797 ε
692 2758 822 2798 nam
853 2738 943 2797 bis
969 2739 1080 2798 hoc
1108 2739 1368 2799 scholion
1397 2739 1556 2819 (inde
1578 2739 1653 2798 ab
1679 2737 1816 2798 ἔοικε

288 2825 370 2903 π.)
397 2826 572 2887 hahet
587 2872 605 2901 ,
626 2826 720 2887 hic
742 2839 800 2887 et
821 2827 969 2888 infra
989 2840 1124 2906 post
1139 2828 1401 2888 scholion
1420 2848 1474 2887 v.
1501 2829 1638 2905 439.
1670 2827 1813 2888 Καλ-

286 2913 428 2975 λίνου
453 2920 538 2987 V.,
567 2936 685 2973 non
705 2919 776 2973 G.
804 2914 1039 2974 Καλλίου
1065 2914 1428 2997 Ἀριστοτέλης
1452 2913 1611 2997 φησὶν
1637 2920 1702 2973 V.
1730 2916 1814 2973 al-

292 3013 410 3061 tero
435 3003 586 3062 loco.
616 3000 993 3086 Ἀριστοτέλης.
1020 3027 1045 3054 α
1070 3008 1137 3063 111
1158 3003 1502 3064 didascaliis.
1520 3031 1546 3056 a»
1568 3007 1809 3062 CAsms.

282 3090 356 3149 ad
377 3093 638 3151 Athenaei
658 3096 716 3167 6,
743 3113 801 3170 p.
822 3091 959 3165 235,
985 3096 1051 3150 Ε.
1070 3128 1134 3141 -
1164 3093 1234 3163 37
1263 3089 1344 3151 ὅτι
1371 3090 1516 3150 δυσὶν
1535 3096 1606 3148 V.
1629 3091 1812 3151 altero

281 3178 426 3237 loco,
454 3216 518 3229 —
541 3180 616 3240 38
640 3180 767 3246 ἴσως
811 3179 1072 3238 additum
1100 3199 1175 3238 ex
1207 3184 1277 3239 V.
1309 3180 1436 3246 ἴσως
1463 3176 1552 3238 καὶ
1579 3177 1699 3259 περὶ
1722 3177 1811 3239 τὸν

280 3268 349 3327 Δ.
374 3268 460 3346 άγ.
480 3257 545 3339 ἦν
571 3290 651 3334 τις
674 3274 741 3326 V.
763 3267 945 3326 altero
971 3268 1101 3325 loco
1126 3288 1142 3324 ι
1163 3267 1317 3326 unde
1338 3267 1636 3344 vulgatum
1664 3269 1812 3349 παρὰ

278 3357 532 3414 correxit
566 3355 833 3417 Dindorf.
874 3346 939 3426 ἦν
985 3378 1065 3423 τις
1101 3368 1235 3434 post
1268 3358 1449 3434 ἀγῶνα
1479 3355 1648 3431 ponit
1675 3360 1811 3413 G.—

281 3447 358 3521 39
375 3446 555 3523 ἀγῶνα
574 3447 708 3505 add.
731 3450 802 3504 G.
826 3457 885 3504 et
908 3445 1090 3504 altero
1119 3445 1249 3503 loco
1275 3445 1344 3504 V.
1377 3440 1596 3513 εὖστολὴ
1638 3447 1706 3501 V.
1749 3445 1807 3502 οὗ

278 3532 446 3612 σχολὴ
474 3539 545 3594 G.
582 3548 640 3594 et
666 3536 850 3593 altero
883 3534 1015 3592 loco
1052 3537 1119 3592 V.
1160 3533 1387 3592 Deinde
1427 3531 1725 3610 sequentia
1759 3531 1807 3590 δ’

275 3621 485 3703 ὕστερον
510 3623 581 3681 ad
603 3625 773 3683 finem
792 3644 908 3682 om.
926 3629 1000 3683 V.
1034 3622 1163 3680 loco
1191 3623 1408 3700 priore,
1432 3618 1534 3678 ubi
1554 3625 1621 3678 G.
1644 3619 1807 3678 addit

274 3707 330 3768 δὲ
342 3709 845 3794 ὕστερον-περιεῖλε
863 3709 1138 3782 Κινησίας.
1151 3710 1241 3769 lb.
1255 3708 1450 3791 χρόνῳ.
1465 3707 1531 3768 δι’
1543 3697 1603 3766 οἶ
1619 3706 1803 3767 πολλοὶ

274 3795 488 3877 ὕστερον
505 3800 743 3880 καθάπερ
760 3799 853 3867 τὰς
870 3797 1122 3881 χορηγίας
1139 3799 1368 3880 περιεῖλε
1398 3794 1653 3868 Κινησίας
1671 3795 1803 3854 Ald.

273 3888 572 3963 sequentia
606 3889 898 3950 omittens.
946 3909 1036 3967 χρ.
1061 3888 1118 3948 δὲ
1153 3884 1367 3969 ὕστερον
1395 3885 1455 3943 οὗ
1490 3883 1677 3942 πολλοὶ
1709 3882 1801 3942 καὶ

272 3972 512 4042 καθάπαξ
532 3973 626 4041 τὰς
648 3977 902 4056 χορηγίας
921 3978 1149 4056 περιεῖλε
1167 3974 1407 4044 κινησίας
1428 3976 1498 4030 G.
1529 3973 1659 4029 loco
1678 3972 1797 4049 pri-

272 4081 373 4121 ore
396 4084 413 4124 1
437 4082 568 4121 nam
591 4064 772 4121 altero
797 4065 1084 4122 consentit
1101 4082 1232 4121 cum
1264 4066 1466 4129 V.—l.1
1500 4061 1598 4138 ἐφῆ
1629 4061 1798 4130 σκηνῆ

271 4149 385 4229 μὶν.
415 4152 756 4230 Requiritur
781 4149 1046 4229 μέμνηται
1074 4151 1162 4209 vel
1191 4151 1375 4209 simile
1413 4147 1577 4225 quid.
1615 4152 1794 4207 Dum.

231 4251 235 4256 '
351 4251 464 4317 407
488 4238 735 4312 συνήθεια
760 4232 825 4313 ἦν
857 4238 918 4298 τὸ
949 4242 1035 4300 ἐπ.
1067 4237 1225 4300 ὁπότε
1252 4239 1553 4315 ὁμολογοῖεν
1585 4233 1621 4307 ἢ
1642 4258 1798 4295 συνο-

270 4330 603 4408 μολογοῖεν-
624 4332 705 4387 Μ.
729 4326 1052 4388 Referenda
1076 4326 1201 4385 haec
1224 4324 1299 4383 ad
1321 4344 1377 4383 v.
1399 4325 1535 4396 508,
1555 4323 1794 4383 κάλλιστ’

267 4420 482 4478 ἐπαινῶ.
515 4423 698 4477 Dum.
723 4421 861 4493 Reg.
881 4416 953 4475 ad
978 4416 1132 4474 hunc
1151 4433 1382 4473 versum
1405 4436 1419 4471 :
1456 4410 1662 4494 βαρέως
1676 4418 1796 4472 τοῦ-

264 4530 327 4567 το
364 4507 543 4589 φησίν·
568 4503 746 4566 οὐκέτι
783 4505 995 4582 τολμῶν
1029 4526 1109 4563 κω
1252 4524 1357 4574 ,σαι
1400 4503 1472 4568 εἰς
1503 4499 1796 4583 τούμφανὲς

265 4592 500 4676 Ἀρχῖνον
523 4593 613 4654 καὶ
634 4592 918 4676 Ἀγύρριον,
939 4591 991 4652 οἳ
1007 4589 1414 4672 κωμῳδηθέντες
1441 4587 1559 4656 τοὺς
1578 4588 1793 4667 μισθοὺς

264 4682 460 4743 τούτων
482 4681 814 4755 ἠλάττωσαν.

347 4772 546 4938 4[15,]3
574 4767 1005 4851 παρεμὸαλόντος
1036 4769 1168 4828 ΔΙά.
1195 4782 1256 4828 et
1283 4771 1354 4827 G.
1379 4764 1789 4847 παρεμόαλλόν-

241 4882 348 4927 ,τος
395 4860 475 4919 sic
522 4865 594 4918 V.

1921 541 2088 602 liasta
2123 546 2235 609 lex.
2280 551 2508 608 Monuit
2539 553 2953 612 Schoemannus
2983 559 3071 613 De
3112 556 3360 615 comitiis
3388 578 3447 636 p.

1929 636 2058 696 106.
2077 673 2143 687 -
2167 658 2189 695 1
2209 658 2229 694 ι
2263 656 2351 715 sq.
2383 636 2436 706 ἐξ
2465 640 2584 699 ἀλλ.
2614 643 2668 698 ἐν
2710 640 2948 713 Ἀθήναις
2977 642 3309 715 κατοικήσειν
3328 643 3449 703 ἑθέ-

1919 721 2104 791 λοντας
2120 768 2136 795 ,
2174 725 2570 795 διαὸιὸάζοντας
2599 729 2695 787 οὔκ
2736 729 2908 808 ὀλίγον
2958 733 3181 791 ἐνταῦθα
3220 731 3409 812 χρόνον
3429 778 3446 808 ,

1919 798 2034 869 εἶτα
2066 815 2141 879 είς-
2182 814 2402 881 πολίτας
2442 815 2827 898 ἐγγράφεσθαι,
2862 821 2928 877 13
2949 822 2978 877 6
3004 818 3173 902 Ἀρχ.,
3222 829 3285 889 14
3328 818 3450 888 τοὺς

1921 892 2250 969 συμπολίτας
2277 898 2421 972 Reg.

2002 983 2137 1053 418,
2160 1001 2233 1039 20
2254 971 2370 1041 εἷπε
2395 981 2656 1064 φράτορας
2683 984 2947 1044 additum
2980 1005 3057 1045 ex
3084 988 3157 1048 Θ.
3192 984 3450 1069 φράτορας

1919 1069 2080 1138 εἰπεῖν
2107 1076 2178 1130 V.
2210 1068 2566 1131 διαὸάλλωσιν
2591 1073 2662 1131 Θ.
2682 1109 2746 1121 -
2771 1093 2838 1130 21
2884 1077 2918 1144 ἡ
2957 1071 3013 1132 δὲ
3039 1074 3301 1155 παροιμία
3323 1095 3443 1138 om.

1917 1158 2016 1229 6.,
2046 1160 2147 1236 qui
2165 1160 2262 1219 οὐκ
2291 1158 2487 1240 ἔφερεν.
2507 1198 2572 1210 -
2595 1180 2668 1218 22
2695 1180 2780 1238 sq.
2820 1159 3131 1233 ὀδόντας-ἡ
3167 1161 3372 1221 Suidss
3400 1183 3445 1221 s.

1918 1247 2263 1327 Φραστῆρας.
2297 1245 2512 1313 ὀδόντας
2545 1256 2812 1326 συγγενεῖς
2854 1248 2875 1323 (
2898 1258 3165 1329 συγγενεῖς
3205 1269 3320 1309 0111.
3343 1252 3448 1324 8.,

1916 1334 2018 1391 sed
2048 1333 2226 1393 habet
2249 1347 2316 1392 ut
2343 1333 2445 1414 gl.)
2469 1324 2631 1395 εἶπεν.
2649 1339 2686 1407 ἡ
2706 1336 2945 1401 libri.·-
2974 1340 3045 1396 23
3071 1337 3274 1398 παίδων
3295 1340 3368 1400 Β.
3393 1352 3452 1399 et

1913 1420 2141 1480 Suidas.
2170 1420 2395 1480 παιδίων
2431 1423 2626 1481 ceteri.
2652 1422 2854 1482 παίδων
2901 1420 3027 1485 ‘cdiv‘
3055 1424 3289 1507 φυόντων
3331 1425 3452 1494 τοὺς

1914 1507 2126 1575 ὀδόντας
2148 1511 2244 1579 τῆς
2266 1509 2544 1577 ἑπταετίας
2581 1511 2987 1585 καταλαὸούσης
3014 1520 3158 1593 Reg.
3183 1558 3244 1569 -
3263 1517 3338 1574 25
3359 1538 3447 1598 χρ.

1912 1605 2039 1664 παῖς
2081 1596 2318 1671 Ἀθήναις
2342 1598 2478 1657 ΔΜ.
2522 1600 2619 1658 οὐκ
2649 1598 2866 1679 ἴσχυσεν
2905 1605 2986 1660 Μ.
3012 1638 3076 1649 -
3101 1603 3176 1661 26
3208 1594 3357 1671 οὗτος
3392 1604 3449 1665 δὲ

1912 1684 2051 1744 libri
2079 1698 2290 1764 praeter
2324 1690 2414 1759 R.,
2447 1687 2548 1764 qui
2577 1677 2972 1767 οὗτος-χθονός
3010 1690 3234 1748 scholio
3263 1692 3440 1768 priori

1910 1773 2228 1850 anteponit.
2248 1808 2315 1822 --
2336 1792 2407 1845 27
2451 1792 2537 1849 sq.
2582 1771 2639 1831 δὲ
2667 1773 2778 1833 ἐστὶ
2808 1771 2844 1846 ἢ
2871 1772 3019 1845 ξένης
3060 1782 3131 1836 R.
3163 1775 3223 1835 δέ
3247 1778 3442 1852 ies-tud

1912 1855 2059 1931 ξένης
2091 1860 2140 1936 (6
2169 1858 2307 1929 ξένος
2333 1862 2426 1938 G.)
2453 1866 2519 1919 V.
2550 1858 2607 1919 &t
2631 1859 2830 1935 ἢξένης
2856 1863 2927 1924 Θ.
2959 1861 3016 1921 δέ
3043 1865 3158 1924 ἔστι
3179 1864 3270 1924 καὶ
3300 1867 3434 1928 Ald.

1994 1957 2133 2020 420,
2158 1950 2226 2006 31
2264 1948 2510 2007 alterum
2545 1946 2642 2021 τὴν
2678 1969 2792 2011 0111.
2826 1953 2897 2008 V.
2926 1951 3001 2011 Θ.
3044 1956 3124 2011 Μ.
3149 1957 3326 2013 Recte
3352 1959 3445 2013 τοῦ

1910 2035 1999 2093 vel
2025 2038 2129 2093 τῶν
2153 2036 2502 2096 Fritzschius
2522 2037 2559 2099 l.
2590 2057 2640 2095 c.
2669 2057 2730 2116 p.
2760 2040 2997 2115 91.-32
3024 2042 3220 2121 νεκρῶν
3252 2044 3446 2119 potius

1908 2122 2046 2201 legit
2064 2124 2424 2201 Apollonius.
2450 2126 2684 2183 Monuit
2707 2130 3011 2185 Kusterus.
3031 2162 3096 2177 --
3124 2128 3197 2185 33
3223 2129 3347 2189 ἀλλ’
3363 2127 3445 2189 ὅτι

1903 2208 2112 2289 -λίγει
2132 2211 2268 2270 libri
2294 2224 2503 2290 praeter
2523 2216 2592 2271 R.
2608 2249 2670 2265 --
2694 2212 2767 2270 35
2792 2211 3179 2292 κατετρίὸημεν
3212 2216 3284 2276 Θ.
3306 2218 3447 2278 Μ.-

1909 2300 1984 2358 36
2018 2320 2148 2379 sqq.
2170 2319 2287 2361 om.
2319 2302 2491 2358 etiam
2519 2300 2591 2361 Θ.
2609 2337 2674 2351 -
2695 2308 2768 2370 44
2784 2296 2873 2359 ἵνα
2894 2305 2967 2364 G.
2998 2300 3110 2360 ἐπεὶ
3133 2304 3182 2361 οἱ
3209 2325 3292 2371 νες
3316 2304 3443 2385 [sic]

1904 2382 1987 2445 ὅτι
2014 2389 2063 2445 οἱ
2088 2383 2327 2464 λέγοντες
2348 2382 2436 2446 ἵνα
2461 2390 2526 2445 V.

1988 2482 2127 2552 421,
2157 2482 2230 2548 47
2275 2464 2392 2533 εἷπε
2432 2473 2563 2556 παρ’
2592 2473 2871 2546 ὑπόνοιαν,
2911 2472 3109 2542 δεικνὺς
3140 2472 3222 2536 ὅτι
3261 2487 3440 2538 πᾶσαν

1902 2563 2163 2644 πονηρίαν
2203 2562 2501 2645 εἰργάζοντο
2531 2567 2672 2641 Reg.
2699 2600 2761 2612 —
2785 2562 2860 2632 48
2896 2577 3032 2642 post
3065 2565 3235 2623 αὐτῶν
3279 2566 3441 2625 addit

1901 2657 1974 2711 V.
1992 2654 2087 2722 τῆς
2104 2653 2208 2709 τῶν
2226 2649 2514 2722 Ἀθηναίων
2538 2650 2828 2721 πολιτείας.
2858 2650 3148 2732 χαριέντως
3165 2651 3219 2721 ἓξ
3241 2653 3436 2733 (scrib.

1902 2738 2018 2798 ἀντὶ
2045 2740 2168 2819 τοῦ)
2190 2736 2456 2806 πολιτείας
2477 2739 2639 2798 εἰπεῖν
2659 2727 2774 2799 εἶπε
2793 2738 3082 2820 μοχθηρίας
3102 2737 3189 2799 διὰ
3205 2738 3275 2800 τὰ
3297 2740 3438 2802 κακὰ

1902 2829 2104 2904 αὐτῶν,
2138 2847 2267 2906 quae
2291 2845 2409 2886 om.
2441 2832 2511 2886 G.

1980 2915 2097 2974 422
2120 2959 2138 2989 ,
2170 2916 2243 2974 52
2275 2914 2365 2974 τὸν
2402 2912 2644 2975 Καλλίαν
2667 2937 2682 2952 ·
2727 2911 3069 2981 Κλεισθένους
3095 2912 3197 2995 γὰρ
3227 2905 3294 2988 ἦν
3330 2915 3437 2985 υἱός

1901 3007 1992 3061 Μ.
2022 3036 2102 3049 -
2136 3025 2160 3060 1
2187 3000 2287 3082 γὰρ
2316 3022 2432 3060 0111.
2459 3007 2528 3061 V.
2560 3007 2725 3080 Regu,
2753 3002 2855 3080 qui
2881 3001 3037 3079 apud
3068 3015 3301 3081 poetam
3334 3005 3435 3063 ha-

1899 3091 2001 3150 bet
2039 3090 2129 3150 τὸν
2159 3088 2502 3156 Κλεισθένους
2538 3111 2670 3149 cum
2707 3091 2781 3164 gl.
2823 3087 2931 3148 υἱόν
2961 3111 2977 3147 :
3004 3089 3114 3150 Τὸν
3146 3092 3434 3167 Κλεισθένη

1897 3184 2080 3238 τοῦτον
2102 3223 2119 3252 ,
2147 3168 2192 3259 ᾧ
2210 3176 2318 3243 υἱὸς
2337 3167 2401 3248 ἦν
2429 3174 2607 3255 ὅμοιος
2632 3176 2754 3244 τοὺς
2775 3173 2998 3258 τρόπους
3013 3221 3031 3251 ,
3055 3176 3290 3258 διασύρει
3309 3184 3435 3240 κάν-

1896 3272 2065 3328 ταῦθα
2087 3269 2159 3335 ὣς
2178 3264 2461 3348 φαυλόὸιον
2476 3310 2493 3340 ,
2512 3265 2604 3325 καὶ
2630 3263 2692 3324 τὸ
2716 3263 2912 3342 γε’νειον
2929 3267 3069 3324 λεῖον
3089 3265 3179 3328 καὶ
3200 3265 3433 3348 ξυρῶντα

1899 3356 1999 3436 (ex
2021 3375 2169 3414 corr.
2194 3353 2467 3435 ξυροῦνται)
2502 3351 2593 3422 τὰς
2619 3352 2804 3435 τρίχας
2835 3353 2926 3413 καὶ
2954 3351 3041 3412 ἐπὶ
3075 3353 3164 3414 τὸν
3214 3355 3431 3416 Σεὸῖνον

1894 3441 2291 3523 πορνευόμενον.
2316 3441 2398 3518 διὸ
2424 3440 2516 3500 καὶ
2540 3442 2946 3501 δεινοπαθοῦντα
2965 3445 3149 3501 τοῦτον
3177 3441 3319 3523 λέγει
3342 3446 3430 3506 ἐπὶ

1892 3536 1961 3612 τῇ
1985 3532 2200 3611 τελευτῇ
2235 3529 2472 3590 Σεὸίνου.
3323 3591 3328 3597 ‚

1976 3622 2113 3693 423,
2137 3621 2172 3677 6
2198 3616 2534 3701 προετίθεσαν
2561 3622 2768 3695 R.—9
2791 3617 2905 3696 ἅμα
2931 3616 3021 3677 καὶ
3045 3620 3116 3680 Θ.
3134 3622 3275 3697 Reg.
3297 3643 3310 3678 ε
3329 3620 3425 3683 Ἐν

1889 3716 2006 3774 ταῖς
2028 3714 2218 3789 ταφαῖς
2245 3704 2365 3776 ἤτοι
2389 3707 2443 3763 ἐν
2468 3707 2545 3786 τῷ
2574 3703 2811 3782 μνήματι
2831 3710 2924 3763 τοῦ
2949 3703 3203 3781 Σεὸίνου,
3231 3705 3425 3767 τίλλειν

1886 3796 1976 3856 τὸν
2005 3794 2247 3876 πρωκτὸν
2274 3797 2490 3868 ἑαυτοῦ,
2513 3793 2639 3874 παρ’
2664 3793 2912 3853 ὑπόνοιαν
2937 3792 3055 3852 ἀντὶ
3072 3798 3166 3853 τοῦ
3188 3796 3282 3863 τὰς
3306 3795 3426 3878 τρί-

1888 3908 1988 3965 χας
2015 3887 2109 3955 τῆς
2140 3884 2387 3964 κεφαλῆς.

1969 3973 2109 4045 427,
2148 3994 2167 4028 1
2187 3993 2208 4028 ι
2244 3973 2700 4048 ὀνοματοποιεῖται
2728 3973 2796 4028 V.
2823 3969 2894 4029 Θ.
2926 3974 3009 4027 Μ.
3035 4002 3110 4012 -
3139 3988 3208 4027 12
3236 3974 3420 4030 τοῦτον

1884 4067 1964 4121 Μ.
1984 4092 2065 4107 -
2093 4083 2109 4116 ι
2126 4063 2157 4118 3
2187 4056 2243 4118 δὲ
2271 4080 2384 4118 0111.
2412 4064 2484 4119 R.
2517 4056 2760 4140 ἐμφαίνει
2790 4048 2969 4130 οἶτος,
2996 4050 3064 4125 14
3097 4056 3423 4137 περαινόμε-

1881 4172 1967 4215 νος
1996 4153 2067 4207 V.
2090 4149 2159 4206 Θ.
2185 4144 2346 4225 μόνον
2374 4152 2444 4206 R.
2476 4146 2639 4224 μόνου
2677 4145 2874 4204 ceteri.
2908 4145 3053 4224 αὐτῷ
3080 4164 3194 4203 0111.
3230 4145 3303 4205 Θ.
3327 4152 3415 4205 Μ.

1882 4241 1911 4296 6
1933 4257 2051 4296 om.
2086 4235 2261 4294 iidem
2294 4247 2353 4293 et
2378 4240 2428 4291 V
2508 4268 2554 4281 -
2573 4236 2640 4293 15
2665 4226 2814 4299 οὗτος
2835 4230 2928 4293 καὶ
2947 4236 3018 4291 R.
3052 4237 3123 4291 V.
3152 4236 3181 4292 ὁ
3206 4252 3320 4291 0111.
3345 4238 3419 4294 V.

1882 4326 1957 4386 Θ.
1987 4330 2166 4383 Μ.-
2204 4326 2273 4382 16
2308 4319 2561 4399 μαλάσειν
2586 4327 2663 4385 R.
2682 4321 2813 4381 Ald.
2833 4354 2914 4372 -
2947 4321 3016 4377 18
3042 4318 3241 4391 πόστης
3265 4326 3415 4400 Reg.

1879 4447 1955 4458 —-
1987 4433 2058 4486 ¹9
2089 4414 2284 4488 ποιητῇ
2321 4431 2439 4469 0111.
2482 4415 2565 4468 Μ.
2589 4443 2665 4455 -
2697 4429 2771 4467 20
2796 4407 3024 4476 Ἀττικὸς
3058 4409 3132 4469 Θ.
3154 4407 3415 4489 Ἀνάφλυ-

1878 4523 2001 4568 στος
2027 4500 2392 4561 Fritzschius.
2415 4504 2674 4576 Sequens
2701 4498 2965 4558 scholion
2991 4517 3104 4582 0111.
3136 4500 3308 4556 etiam
3328 4505 3416 4558 M.

1961 4598 2097 4667 429,
2128 4608 2203 4646 22
2233 4587 2321 4646 τὸν
2349 4584 2511 4645 ἵππον
2536 4589 2641 4659 εἷς,
2663 4589 2736 4645 23
2760 4583 3415 4664 πολλαχῆ-λαμὸάνεται

1875 4679 1947 4740 Θ.
1988 4675 2299 4759 ίππόπορνε.
2342 4676 2630 4753 Diogenes
2663 4674 2874 4734 Athen.
2934 4694 2951 4729 1
2968 4675 3001 4731 3
3022 4717 3040 4747 ,
3084 4692 3143 4750 p.
3183 4673 3319 4747 565,
3347 4680 3411 4736 C.

1875 4766 2024 4826 Vide
2042 4764 2381 4842 Alciphron.
2414 4784 2463 4835 1,
2488 4764 2562 4822 38
2587 4775 2646 4821 et
2690 4763 2942 4840 Bergler.
2975 4763 3033 4834 3,
3056 4761 3150 4836 33,
3178 4781 3235 4839 p.
3274 4764 3407 4832 346.

1874 4859 2176 4914 Donatus..
2212 4886 2291 4897 -—
2313 4862 2387 4922 24
2424 4857 2453 4911 6
2495 4849 2730 4917 Καλλίας
2776 4855 3048 4930 πανταχοῦ
3088 4851 3159 4916 ὡς
3202 4850 3402 4912 Suidas

343 4950 458 5017 416
489 4967 604 5009 0111.
635 4949 809 5008 etiam
836 4950 907 5008 Θ.
934 4953 1014 5007 Μ.
1032 4989 1097 4999 -
1116 4968 1231 5025 7-9
1265 4946 1326 5006 τὸ
1353 4943 1631 5027 δὲ--φησὶν
1673 4950 1788 5005 Re-
1873 4963 1917 5003 s.
1950 4940 2283 5021 Ἱππόπορνε.
2301 4940 2547 5020 κωμῳδεῖ
2565 4937 2748 4997 τούσδε
2774 4942 2803 4997 6
2821 4936 3057 5003 Καλλίας
3077 4937 3148 4997 Θ.
3179 4937 3271 4995 καὶ
3289 4958 3403 5000 0111.

255 5041 389 5120 gius
417 5035 593 5096 habet
630 5037 700 5095 ad
739 5057 795 5095 v.
819 5051 955 5111 410,
983 5041 1073 5095 νῦν
1099 5035 1167 5110 δὴ
1192 5036 1451 5096 κατεῖδον.
1482 5033 1537 5094 δὲ
1575 5053 1715 5107 0111.,
1747 5035 1782 5092 8
1872 5038 1969 5105 V.,
1996 5029 2095 5108 qui
2124 5029 2325 5100 πάθων,
2363 5034 2431 5087 G.
2465 5023 2746 5109 φαγὼν.-
2778 5028 2854 5085 26
2884 5020 2915 5094 ᾖ
2947 5030 3040 5086 τοῦ
3080 5023 3405 5098 κτηνοὸάτου
