3859 5725
427 225 544 283 480

426 349 565 407 citat
590 340 855 402 Dindorl'.
873 384 892 417 ,
923 341 1026 417 qui
1072 340 1146 410 54
1192 336 1448 398 correxit
1476 335 1634 415 quod
1659 332 1960 411 legebatur

424 432 559 495 πολὺ
589 436 699 505 τῆς,
731 450 801 489 ex
822 428 998 489 Suida
1022 449 1068 488 s.
1096 425 1353 509 Λέπρεον,
1389 426 1490 504 qui
1516 428 1611 495 τῆς
1631 418 1962 492 Πελοποννή-

428 546 520 582 σου
555 520 792 579 omittit.
827 564 891 577 ..
927 539 950 575 1
1003 517 1130 577 αὐτὸ
1179 522 1250 575 V.
1292 516 1422 575 Ald.
1467 515 1664 591 λεπρᾶν
1714 508 1962 588 conjecit

427 610 691 687 Toupiiis
710 605 783 665 ad
806 605 1065 677 Suidam,
1091 605 1195 682 qui
1223 612 1257 673 4
1287 614 1419 682 post
1435 602 1689 681 λεπριῶσι
1710 617 1961 677 sequen·

429 698 508 756 tia
531 695 765 754 omittit.

516 785 619 842 151
643 826 662 855 ,
707 791 771 851 14
810 802 896 859 sq.
920 779 1130 840 Suidas
1159 800 1201 838 s.
1233 777 1642 851 Βδελύττεσθαι,
1677 766 1824 840 οὗτος
1851 763 1964 852 εἶχε

431 870 649 953 λέπραν.
674 869 1012 950 ἐκωμῳδεῖτο
1044 866 1100 926 δὲ
1127 866 1219 926 καὶ
1238 865 1632 949 κακοπράγμων
1653 863 1742 923 καὶ
1766 862 1964 943 ὀψοφά-

431 984 518 1040 γος
540 958 630 1018 καὶ
652 958 827 1024 λάλος.
851 1002 915 1017 ...
946 957 1016 1014 15
1056 959 1281 1022 Σκευαῖς
1307 959 1567 1015 Pierson.
1601 954 1673 1011 ad
1705 958 1864 1012 Moer.
1905 971 1962 1029 p.

439 1068 570 1108 122.
606 1047 933 1125 Legebatur
961 1043 1206 1111 Σκύθαις.
1229 1091 1291 1103 ..
1327 1066 1392 1117 17
1424 1046 1538 1109 πῶς
1567 1032 1670 1123 ἆρα
1697 1040 1962 1099 Dindorf.

434 1149 493 1196 et
520 1136 765 1194 Meinek.
796 1138 962 1193 Com.
995 1136 1056 1201 1,
1094 1151 1156 1211 p.
1204 1133 1336 1208 739.
1370 1129 1666 1191 Μελανθίου
1698 1127 1965 1187 Dindorf.

434 1223 756 1301 Legebatur
798 1218 1139 1285 Μελανθίους.
1185 1252 1260 1265 -
1322 1221 1390 1277 18
1432 1218 1669 1278 alterius
1708 1235 1969 1295 personae

435 1312 628 1372 verba.
657 1343 738 1355 —
777 1331 845 1383 19
874 1297 987 1386 εἶχε
1016 1304 1073 1363 δὲ
1100 1311 1170 1363 V.
1196 1307 1332 1366 Ald.

523 1421 542 1457 1
561 1403 654 1472 52,
685 1418 756 1456 21
788 1395 1093 1457 Ὀπούντιοι
1110 1392 1263 1454 τόποι
1280 1399 1352 1453 R.

522 1489 651 1557 153,
681 1488 753 1545 25
783 1482 1110 1563 συκοφάντης
1139 1503 1254 1541 0111.
1282 1481 1410 1542 Ald.
1442 1480 1667 1560 πονηρὸς
1695 1479 1897 1539 Suidas
1923 1497 1969 1535 s.

435 1573 758 1640 Ὀπούντιος.
808 1571 1062 1643 ὀπούντης
1101 1569 1327 1651 πονηρὸς
1372 1574 1441 1628 V.
1492 1567 1708 1650 ὀκνηρὸς
1744 1565 1872 1628 Ald.
1902 1570 1972 1624 R.

438 1663 611 1722 habet
641 1664 887 1740 glossam
919 1659 1081 1737 ἤγουν
1105 1657 1313 1741 τυφλός.

524 1751 633 1808 156
652 1794 669 1822 ,
704 1771 777 1827 29
813 1746 1013 1828 εὗύφων
1043 1748 1246 1806 Suidas
1275 1768 1317 1805 s.
1350 1744 1546 1829 Τριὸή.
1574 1747 1741 1805 Cous.
1775 1756 1973 1803 annot.

438 1840 508 1898 ad
541 1838 723 1918 Soph.
757 1835 966 1896 Trach.
998 1838 1134 1895 602.
1163 1838 1345 1893 Dum.
1373 1868 1455 1881 —
1482 1837 1558 1894 30
1593 1835 1664 1899 εἰς
1692 1831 1973 1914 συντριὸὴν

438 1925 530 1985 καὶ
549 1931 619 1986 V.

526 2037 545 2072 1
563 2016 633 2074 57
664 2011 802 2073 'Arri
822 2016 915 2071 τοῦ
944 2011 1064 2070 ἄνευ
1092 2031 1207 2071 0111.
1227 2016 1299 2070 R.

525 2104 666 2177 158,
704 2103 775 2174 37
806 2098 1171 2172 κιὸδηλεύεται
1195 2105 1291 2173 R„
1316 2100 1415 2177 qui
1445 2118 1604 2178 seqq.
1641 2097 1889 2171 omittit,
1921 2108 1979 2154 et

440 2191 644 2250 Suidas
675 2211 719 2249 s.
749 2187 1032 2260 Κιὸδηλία.
1065 2187 1166 2247 ὑπὸ
1198 2189 1342 2249 Χίων
1378 2189 1631 2266 positum
1659 2207 1733 2245 ex
1758 2185 1979 2245 scholio

443 2279 732 2355 proximo,
753 2296 1005 2353 quocum
1022 2276 1175 2334 conf.
1197 2280 1385 2352 Etym.
1400 2281 1478 2334 M.
1497 2296 1554 2353 p.
1575 2275 1710 2345 512,
1741 2277 1837 2346 43,
1852 2275 1983 2333 Sui-

441 2366 575 2423 dam
607 2385 651 2423 s,
684 2363 953 2436 Κίόδηλον
983 2376 1041 2421 01
1081 2383 1254 2441 quem
1271 2362 1606 2423 Gaissordus
1629 2364 1786 2434 citat,
1802 2362 1979 2421 schol.

441 2457 687 2529 Gregor.
714 2456 851 2510 Naz.
882 2451 1064 2510 stelit.
1110 2470 1162 2524 1,
1199 2469 1255 2527 p.
1288 2471 1344 2521 7.
1382 2447 1594 2516 ὓποκιὸς
1614 2456 1684 2511 V.
1712 2450 1843 2509 Ald.
1883 2447 1984 2509 ὑπὸ

443 2539 593 2607 Κίοις
628 2535 903 2617 δεδομένον
942 2538 1177 2609 Suidas,
1217 2537 1318 2615 qui
1356 2538 1598 2597 fortasse
1630 2535 1983 2617 δεδολωμένον

444 2628 649 2687 voluit.
677 2632 857 2685 Dum.
879 2657 960 2671 —-
989 2627 1180 2694 38-46
1203 2645 1318 2685 om.
1347 2626 1520 2684 etiam
1548 2627 1773 2686 Suidas.
1814 2672 1879 2686 ...
1909 2630 1984 2697 46

446 2715 605 2774 addit
640 2714 771 2773 Ald.
813 2710 998 2792 μήκων
1032 2711 1090 2771 δὲ
1115 2711 1282 2790 ὄνομα
1311 2717 1472 2795 φυτοῦ
1499 2711 1537 2784 ἢ
1568 2713 1865 2796 σπέρματος
1889 2716 1987 2774 οὔκ

447 2802 663 2875 ἄδηλον.
693 2800 807 2860 ἔστι
846 2799 903 2859 δὲ
931 2799 1023 2860 καὶ
1061 2799 1216 2883 μέρος
1241 2824 1296 2859 τι
1322 2802 1427 2858 τῶν
1461 2802 1735 2862 ἕντοσθίων
1763 2807 1855 2863 τοῦ
1883 2825 1987 2862 πο-

446 2890 669 2955 λύποδος
688 2896 780 2948 τοῦ
810 2888 1004 2970 ἰχθύος,
1029 2887 1083 2956 ὃς
1116 2897 1285 2948 κεῖται
1308 2890 1486 2949 ἐπάνω
1503 2894 1598 2961 τῆς
1615 2891 1814 2957 κοιλίας
1831 2892 1988 2953 οἱονεὶ

447 2978 627 3045 κύστις
646 2980 701 3037 ἐν
730 2981 891 3058 ἑαυτῇ
917 2977 1118 3059 ἔχουσα
1141 2976 1232 3037 τὸν
1258 2975 1429 3053 θόλον,
1451 2976 1524 3045 ὥς
1549 3001 1708 3060 φησιν
1743 2978 1989 3048 Αἰλιανὸς

449 3068 505 3126 ἕν
541 3074 651 3133 τοῖς
686 3065 806 3146 περὶ
845 3065 1012 3135 ζώων.
1049 3071 1197 3140 Quae
1224 3066 1439 3124 inserta
1473 3078 1607 3124 sunt
1637 3085 1712 3125 ex
1741 3065 1915 3126 Suida
1942 3086 1988 3126 s.

451 3152 674 3225 Μήκων.

541 3242 671 3313 160,
700 3241 775 3310 48
801 3238 920 3299 τινὰ
937 3260 1051 3299 0111.
1076 3246 1146 3300 V.
1175 3286 1240 3301 ..
1274 3249 1350 3319 49
1379 3238 1657 3324 στέφονται
1678 3245 1749 3299 R.
1771 3241 1993 3321 ἐστεφα-

454 3335 632 3389 νοῦντο
659 3329 790 3389 Ald.

542 3419 651 3476 162
678 3417 768 3477 καὶ
793 3415 1151 3497 θαυμαστικὸν
1178 3436 1294 3475 om.
1314 3421 1384 3475 V.

542 3508 673 3579 167,
695 3528 732 3581 9
754 3504 1050 3571 σκωπτικὸς
1074 3510 1143 3563 R.
1183 3518 1243 3563 et
1270 3505 1476 3565 Suidas
1504 3523 1551 3563 s.
1585 3500 1804 3571 Τελέας.
1845 3526 1990 3563 σκω-

457 3594 639 3659 πτῖλος
654 3599 723 3651 V.
742 3592 869 3651 Ald.
891 3591 1034 3670 λέγει
1057 3582 1144 3649 οὗν
1169 3590 1250 3650 ὅτι
1270 3593 1402 3668 (hoc
1421 3613 1537 3652 om.
1555 3593 1648 3668 V.)
1669 3589 1756 3651 ἰὰν
1774 3595 1841 3650 V.
1867 3591 1995 3650 Ald.

458 3727 522 3740 ...
555 3702 575 3738 1
595 3701 617 3737 1
655 3678 713 3739 δὲ
744 3700 857 3739 om.
896 3684 967 3738 R.
997 3677 1340 3738 διαὸάλλεται
1372 3679 1501 3738 Ald.
1526 3722 1590 3737 ...
1626 3680 1694 3737 13
1729 3676 1792 3737 τὸ
1821 3675 1997 3737 Τελέα

460 3774 526 3827 V.
548 3772 626 3848 τῷ
649 3767 826 3850 Τελέᾳ
845 3772 916 3829 G.

550 3856 679 3929 168,
709 3857 777 3913 16
796 3857 881 3934 γλ.
903 3852 1183 3936 φθέγγεται
1200 3853 1421 3916 SuidaS.
1444 3896 1510 3912 ...
1538 3872 1609 3931 19
1628 3851 1997 3911 scribendum

462 3941 553 4003 τέτ
659 3967 695 4001 ι.

553 3966 693 4106 m,
726 4034 800 4090 26
823 4030 1020 4105 Ὥστε,
1053 4052 1124 4105 27
1151 4033 1197 4090 εἰ
1222 4031 1311 4092 τὸν
1339 4054 1419 4113 τρ.
1448 4037 1520 4091 R.
1970 4104 1976 4110 .

554 4140 694 4196 179,
735 4122 808 4178 28
850 4139 936 4196 sq.
982 4119 1044 4178 τὸ
1071 4117 1448 4201 προειρημένον
1482 4119 1691 4178 Suidas
1729 4140 1775 4179 s.
1806 4116 2000 4186 Πόλος.

465 4209 570 4265 τῶν
599 4206 990 4288 προειρημένων
1014 4210 1081 4265 V.
1112 4207 1239 4266 Ald.
1263 4252 1329 4264 ...
1356 4228 1431 4284 29
1456 4204 1614 4273 τόπος
1644 4208 1870 4267 Suidas.
1908 4208 2001 4266 καὶ

465 4293 626 4360 τόπος
650 4301 722 4354 V.
761 4294 892 4353 AJd.
922 4339 983 4351 ..
1016 4295 1090 4351 30
1126 4292 1182 4352 δὲ
1205 4294 1467 4354 additum
1504 4315 1579 4353 ex
1609 4297 1807 4356 Suida.
1834 4341 1898 4354 ...
1918 4290 2000 4356 '35

470 4385 540 4449 ὣς
569 4402 682 4440 om.
705 4387 775 4441 V.
796 4395 853 4440 et
881 4380 1103 4439 Suidas.

563 4470 665 4525 181
709 4467 1112 4549 ὖφετυμολογεῖν
1148 4472 1220 4528 V.
1252 4468 1378 4527 Ald.
1416 4471 1708 4548 Frequens
1746 4472 1806 4529 in
1838 4471 2004 4530 libris

473 4556 708 4633 scriptis
749 4556 1082 4633 corruptela
1116 4557 1465 4634 ἐτοιμολογεῖν
1504 4578 1612 4636 pro
1648 4560 2001 4637 ἕτυμολογεῖν.

472 4647 625 4711 Hinc
665 4657 865 4703 natum
910 4645 1346 4723 ὑφιτυμολογεῖν,
1395 4646 1554 4723 quod
1597 4649 2003 4727 ὑπετυμολογεῑν

475 4733 755 4809 scriptum
798 4730 1137 4808 oportebat,
1175 4745 1240 4790 ut
1266 4732 1470 4791 scribit
1501 4738 1644 4792 Rav.
1687 4737 1870 4792 Dum.
1904 4733 2003 4808 τὴν

475 4817 627 4878 πόλιν
656 4823 723 4876 V.
747 4818 875 4876 Ald.

564 4907 672 4964 183
703 4896 830 4964 Οἶον
855 4902 1004 4971 ιίςτὸ
1025 4909 1096 4963 R.

566 4994 706 5056 186.
733 4992 808 5062 45
838 4994 974 5072 Εὖχ.
1001 4990 1104 5075 γὰρ
1123 4995 1183 5053 οἱ»
1196 4991 1361 5076 ὄρνεις
1384 4997 1432 5055 οἰ
1449 4994 1711 5078 πάρνοπες
1734 5002 1803 5059 R.
1839 5041 1904 5056 .-
1933 5001 2006 5069 46

1555 202 2003 267 ΑΒΝΟΤΑΤῙΟ
2044 199 2126 262 ΙΝ
2167 198 2431 263 SCHOL.

2047 327 2566 414 ἀκρίδος-κῶνωπες
2591 331 2663 387 V.
2683 324 2897 406 λέγουσι
2923 327 3183 389 additum
3204 348 3280 388 ex
3299 334 3370 389 R.

2134 421 2265 491 186,
2313 419 2387 486 48
2434 415 2572 475 κατὰ
2611 417 2717 474 τῶν
2753 420 2830 476 Μ.
2873 421 3160 475 Kusterus
3213 416 3286 475 ad
3317 415 3610 477 Suidam.

2048 507 2272 579 Μηλίων
2292 507 2623 569 Palmerius.
2644 503 2925 575 Μηλιαίων
2955 509 3020 564 V.
3054 504 3207 578 Ald.‚
3230 525 3344 564 om.
3372 505 3615 565 Suidas

2049 616 2093 653 s.
2125 594 2295 674 Λιμὸς
2319 596 2601 665 Μηλιαῖος.
2627 591 2878 664 Μηλιέων
2906 594 3145 651 Bekker.
3168 595 3415 652 «melios
3441 594 3619 651 fame

2049 683 2120 742 ad
2167 684 2520 742 deditionem
2561 681 2799 740 adactos
2851 701 2976 739 esse
3039 680 3115 739 ab
3167 683 3332 741 Nicia
3379 682 3624 740 asserit

2049 773 2404 831 scholiastes.
2434 770 2548 830 Sed
2568 769 2643 828 de
2662 771 2826 828 Nicia
2854 771 3012 829 nulla
3035 782 3169 847 post
3188 790 3391 849 pacem
3426 770 3620 828 Thu-

2052 860 2247 937 cydidi
2284 861 2339 932 5,
2378 863 2473 931 32,
2517 859 2768 929 mentio,
2803 877 2989 935 neque
3014 871 3181 917 extra
3215 857 3426 917 urbem
3463 876 3622 915 cum

2051 947 2299 1025 imperio
2331 947 2505 1005 fuisse
2525 946 2775 1003 videtur.
2805 944 3094 1004 Diodorus
3114 946 3350 1023 quidem
3374 947 3621 1005 diserte

2055 1034 2239 1096 Νικίου
2281 1038 2694 1116 στρατηγοῦντος
2743 1031 3007 1103 Ἀθηναῖοι
3043 1024 3184 1092 εἶλον
3233 1032 3469 1115 Κύθηρα
3515 1031 3620 1090 καὶ

2055 1124 2304 1198 Νίσαιαν,
2329 1123 2426 1193 τήν
2457 1145 2518 1182 τε
2545 1122 2731 1192 Μ’ἥλον
2756 1119 3201 1202 πολιορκήσαντες
3225 1121 3427 1195 ἡὸηδὸν
3460 1119 3621 1181 ἀττέ-

2056 1212 2287 1297 σφαξαν,
2341 1233 2550 1291 nempe
2589 1212 2965 1272 Athenienses
2997 1233 3011 1269 :
3041 1233 3162 1270 non
3204 1214 3422 1271 Melum
3465 1213 3621 1291 qni-

2058 1304 2188 1362 dem
2216 1302 2396 1361 ductu
2423 1303 2623 1372 Niciae,
2667 1299 2771 1359 sed
2797 1301 2914 1358 alio
2954 1313 3221 1379 tempore
3258 1314 3435 1380 atque
3482 1306 3619 1377 Cy-

2061 1392 2279 1450 theram
2313 1404 2422 1450 etc.
2454 1390 2665 1449 Nescio
2703 1409 2846 1468 ergo
2881 1409 2955 1447 an
3002 1390 3410 1467 reponendum
3440 1387 3622 1468 apud

2059 1479 2237 1537 schol.
2272 1477 2571 1554 Aristoph.
2599 1475 2788 1543 Τισίας
2817 1499 2833 1535 :
2860 1476 2996 1535 vide
3021 1477 3289 1555 Thucyd.
3322 1478 3376 1549 5,
3411 1480 3520 1549 84,
3554 1488 3622 1535 et

2059 1566 2348 1626 Plutarch.
2377 1566 2437 1623 in
2464 1563 2764 1623 Alcibiade
2793 1585 2851 1643 p.
2902 1585 3029 1642 199.
3057 1569 3236 1624 Caute
3260 1564 3482 1624 Strabo
3519 1584 3618 1638 10,

2062 1674 2121 1732 p.
2188 1655 2299 1722 484
2331 1673 2346 1709 :
2382 1649 2644 1725 Ἀθηναῖοι
2690 1648 2750 1710 δέ
2793 1672 2923 1709 ποτε
2968 1649 3272 1733 πέμψαντες
3320 1651 3620 1732 στρατείαν

2060 1741 2259 1814 ἡὸηδὸν
2300 1738 2633 1821 κατέσφαξαν
2671 1738 2791 1805 τοὺς
2822 1738 3051 1805 πλείους.
3100 1741 3253 1799 Vide
3291 1742 3619 1819 Aristoph.

2063 1833 2241 1891 schol.
2286 1831 2360 1889 ad
2404 1838 2551 1888 Aves
2596 1831 2744 1901 362,
2771 1828 2876 1887 ubi
2913 1830 3096 1888 Niciae
3129 1835 3371 1887 consiti&
3403 1830 3624 1891 deberi

2065 1921 2213 1978 hanc
2234 1918 2597 1978 deditionem
2626 1918 2724 1976 ait.
2752 1922 2939 1977 Wass.
2964 1918 3039 1976 ad
3075 1918 3345 1995 Thucyd.
3375 1918 3435 1990 5,
3471 1941 3497 1976 1
3516 1920 3617 1978 16.

2064 2015 2196 2069 Non
2247 2009 2425 2068 video
2465 2007 2767 2085 quomodo
2812 2008 3007 2067 Suidae
3034 2019 3092 2067 et
3116 2008 3442 2067 scholiastae
3469 2009 3623 2068 Ari-

2065 2098 2364 2175 stophanis
2418 2098 2626 2155 Melius
2674 2097 2822 2154 fame
2851 2109 3084 2156 coactos
3123 2117 3185 2156 se
3216 2098 3398 2156 Niciae
3440 2097 3622 2156 dedi-

2068 2187 2218 2244 disse
2255 2182 2646 2243 scribentibus
2670 2196 2870 2242 contra
2898 2183 3168 2243 disertam
3212 2186 3622 2244 narrationem

2067 2273 2429 2350 Thucydidis
2482 2273 2623 2332 fides
2671 2272 2871 2331 haberi
2922 2275 3130 2352 possit.
3176 2273 3410 2334 Duum
3459 2275 3620 2336 ibid.

2069 2363 2407 2422 Scholiastae
2448 2381 2616 2420 error
2663 2361 2905 2420 sortasse
2945 2380 3018 2420 011
3066 2362 3258 2439 prima
3287 2364 3625 2422 Athenien-

2070 2453 2216 2510 sium
2247 2453 2306 2509 in
2343 2450 2557 2508 Melios
2588 2450 2768 2508 ductu
2790 2450 2972 2509 Nicia
3001 2449 3376 2528 expeditione
3402 2469 3624 2528 proge-

2071 2541 2246 2598 nitus.
2277 2542 2482 2615 Neque
2512 2538 2575 2595 id
2604 2551 2796 2609 recte,
2823 2537 2982 2615 quod
3012 2558 3166 2596 anno
3190 2550 3327 2597 ante
3350 2545 3506 2597 Aves
3541 2537 3623 2597 ab

2073 2628 2461 2705 Aristophane
2503 2627 2561 2684 in
2608 2645 2837 2684 scenam
2887 2625 3197 2705 productas
3238 2628 3456 2685 Melum
3502 2646 3622 2705 op-

2074 2736 2328 2794 pressam
2355 2712 2549 2792 prodit
2578 2736 2592 2771 :
2623 2713 2857 2772 redacta
2882 2715 3036 2773 enim
3061 2715 3119 2773 in
3144 2716 3380 2774 victoris
3408 2715 3620 2794 populi

2075 2815 2421 2883 potestatem
2450 2813 2539 2859 est
2580 2822 2737 2860 anno
2781 2802 3014 2882 olymp.
3049 2821 3126 2878 90
3160 2814 3389 2881 quarto.
3421 2801 3489 2862 1d
3515 2822 3624 2862 re·-

2074 2913 2203 2952 rum
2245 2904 2534 2970 gestarum
2574 2891 2719 2949 ordo
2754 2910 2787 2948 a
2815 2890 3151 2967 Thucydide
3176 2892 3625 2970 diligentissime

2074 2980 2327 3058 digestus
2355 2979 2590 3038 evincit.
2616 2983 2991 3038 Wtssnmuo.
3012 2978 3087 3037 ad
3116 2980 3358 3042 Diodor.
3390 3002 3480 3053 12,
3516 2984 3623 3040 80.

2076 3111 2136 3122 -
2159 3068 2231 3126 53
2266 3069 2346 3127 Μ.
2374 3065 2478 3146 γάρ
2506 3071 2575 3126 V.
2609 3067 2725 3125 ἐστι
2751 3085 2866 3124 0111.
2896 3070 3041 3125 R..-
3060 3086 3094 3125 2
3126 3065 3447 3141 ἐπιέσθησαν
3475 3073 3624 3127 Por·

2078 3174 2274 3215 sonus.
2310 3153 2628 3227 ἐπείσθησαν
2656 3154 2794 3214 libri
2822 3168 2881 3214 et
2911 3155 3211 3215 Suidas.-
3240 3177 3262 3213 1
3281 3178 3300 3214 1
3338 3156 3621 3217 Βοιωτίαν.

2077 3240 2113 3314 ἢ
2138 3239 2319 3307 οὕτως.
2349 3240 2507 3317 μόνον
2533 3240 2637 3320 γὰρ
2665 3241 2785 3301 τότε
2818 3242 3019 3316 δίοδον,
3069 3263 3139 3301 12
3181 3241 3261 3302 ὅτ’
3309 3242 3373 3303 ἂν
3414 3244 3470 3305 δὲ
3494 3248 3623 3306 καθ’

2080 3329 2173 3390 ἕνα
2200 3329 2291 3387 καὶ
2315 3328 2642 3410 εἷρηνικῶςῆ
2671 3331 2790 3389 καθ’
2818 3328 2911 3388 ἕνα
2936 3335 3007 3389 R.
3030 3330 3284 3410 εῖρηνικοὶ
3300 3336 3375 3390 V.
3406 3333 3542 3393 Atd.

2168 3438 2297 3492 192,
2328 3419 2513 3485 14-16
2539 3417 2622 3474 sic
2650 3416 2707 3474 in
2735 3421 2836 3487 R„
2860 3418 2974 3475 Τοῦ
2995 3415 3146 3497 ἀέρος
3171 3422 3268 3477 νῦν
3301 3416 3462 3496 λέγει.
3492 3421 3622 3480 δια-

2081 3504 2391 3585 φορήσεται,
2419 3500 2773 3584 διαπέμψεται
2812 3508 2962 3562 R.-
2998 3505 3085 3562 15.
3120 3506 3468 3564 Scholiastes
3494 3512 3624 3566 He-

2083 3592 2233 3650 siodi
2260 3590 2564 3670 Theogon.
2613 3592 2754 3664 116,
2783 3610 2842 3669 p.
2881 3593 2994 3667 393
3034 3591 3213 3651 Gaisl'.
3241 3613 3255 3648 ε
3285 3592 3626 3670 Βακχυλίδης

2085 3678 2139 3737 δὲ
2178 3678 2309 3759 χάος
2346 3676 2436 3736 τὸν
2464 3675 2596 3758 ἀέρα
2622 3676 2890 3755 ὠνόμασε,
2926 3677 3097 3758 λέγων
3139 3678 3260 3760 περὶ
3307 3685 3398 3737 τοῦ
3435 3682 3626 3755 ἀετοῦ,

2085 3769 2348 3844 Νωμᾶται
2377 3765 2424 3824 δ’
2458 3767 2511 3824 ἐν
2545 3764 2815 3848 ἀτρυγέτῳ
2862 3764 3005 3847 χάει.
3050 3771 3192 3842 Quae
3239 3787 3355 3825 non
3389 3767 3627 3829 diversa

2011 3938 2021 3947 .
2085 3875 2210 3915 esse
2236 3868 2537 3934 poetarum
2561 3853 2688 3913 loca
2712 3868 2868 3914 recte
2888 3855 3217 3933 suspicatur
3236 3854 3628 3915 Ruhnkenins

2085 3946 2266 4023 Epist.
2295 3945 2420 4001 crit.
2447 3948 2495 4017 1,
2525 3962 2585 4020 p.
2614 3963 2684 4018 91
2719 3942 2815 4001 ed.
2843 3962 2958 4002 sec.
2988 3943 3123 4020 (175
3145 3942 3238 4001 ed.
3270 3944 3452 4019 tert.).
3475 3948 3628 4004 Nam

2088 4030 2348 4113 ἀλλοτρίῳ
2376 4051 2449 4090 ex
2476 4029 2871 4108 Aristophane
2893 4031 2956 4088 in
2990 4029 3154 4106 lyrici
3182 4029 3356 4090 verba
3385 4051 3490 4109 per
3521 4052 3629 4090 er-

2087 4140 2280 4179 rorem
2302 4119 2562 4177 intulisse
2584 4116 2947 4177 scholiastam
2969 4118 3332 4177 manifestum
3357 4132 3466 4177 est.
3501 4142 3632 4179 πω-

2087 4217 2245 4268 vam
2272 4208 2464 4267 Suidae
2491 4206 2601 4265 cod
2650 4206 2828 4264 Paris.
2853 4211 2906 4265 A
2936 4226 2982 4264 s.
3006 4205 3166 4272 Χάος.
3194 4210 3379 4265 Dum.

2177 4304 2306 4371 194,
2333 4316 2401 4354 21
2447 4294 2787 4353 Plutarchus
2813 4299 2889 4351 V.
2928 4292 3229 4353 Demosth.
3266 4316 3316 4353 c.
3351 4315 3429 4371 9:
3456 4292 3632 4376 Ἐρα-

2087 4381 2338 4454 τοσθένης
2374 4379 2470 4461 μέν
2511 4403 2668 4464 φησιν
2707 4379 2862 4440 αὐτὸν
2899 4382 2953 4440 ἐν
2990 4389 3100 4449 τοῖς
3136 4378 3308 4459 λόγοις
3347 4382 3630 4460 πολλαχοῦ

2088 4467 2358 4547 γεγονέναι
2401 4469 2753 4549 παράόακχον
2772 4491 2787 4506 ·
2823 4473 2853 4527 ὁ
2891 4466 2949 4529 δὶ
2992 4467 3276 4549 Φαληρεὺς
3318 4466 3632 4549 Δημήτριος

2087 4555 2178 4615 τὸν
2202 4554 2460 4638 ἔμμετρον
2487 4558 2680 4615 ἐκεῖνον
2709 4552 2863 4637 ὅρκον
2890 4554 3085 4633 ὀμόσαι
3107 4551 3237 4613 ποτὶ
3255 4552 3387 4634 πρὸς
3408 4553 3496 4613 τὸν
3523 4555 3630 4625 δῆ·

2093 4666 2189 4722 μον
2219 4642 2399 4725 ὥσπερ
2439 4645 2785 4702 ἕνθουσιῶντα
2819 4670 2844 4695 ι
2870 4642 2947 4721 μὰ
2985 4647 3114 4722 γῆν,
3167 4639 3244 4720 μὰ
3276 4641 3500 4722 κρήνας,
3543 4640 3628 4719 μὰ

2090 4729 2382 4808 ποταμοὺς,
2434 4730 2512 4809 μὰ
2566 4731 2795 4808 νάματα.
2818 4758 2844 4784 n
2895 4736 3201 4790 nonanus.
3240 4728 3515 4807 Sequitur
3561 4732 3627 4788 in

2092 4822 2222 4881 Ald.
2262 4823 2335 4880 ad
2364 4841 2423 4879 v.
2465 4823 2594 4900 195,
2620 4819 2975 4903 κομψότερονε
3008 4819 3246 4902 κομψὸν,
3284 4818 3624 4901 περίτρανον,

2093 4912 2396 4993 περίλαλον,
2427 4916 2748 4994 πανοῦργον,
2783 4908 3135 4982 ἀπατητικὸν,
3165 4905 3413 4980 πιθανὸν,
3439 4928 3624 4984 τεχνι-

2096 4998 2210 5060 κόν.
2234 4998 2326 5059 καὶ
2366 4997 2597 5081 κομψεία
2635 4996 2887 5081 έλαφρία,
2923 4994 3222 5072 ἀστειότης,
3248 4994 3624 5085 πιθανολοιγία,
