3859 5725
1366 285 1743 348 SCHOLIA
1799 286 1887 346 ΙΝ
1940 284 2322 352 PLUTUM.

3353 319 3466 369 339

317 412 410 476 ειμι.
453 413 506 474 τί
528 415 587 475 δέ
621 417 823 477 ἐστιν...
847 413 880 473 8
904 435 1103 497 φησινε
1139 413 1318 496 Ὅπερ
1346 418 1696 497 ὑπισχνεῖται.
1735 427 1800 475 Ρ.
1892 416 2064 492 σκέπη
2113 457 2182 466 --
2209 414 2428 489 Ἄλλως.
2473 424 2782 505 φενακίσας,
2820 430 3116 503 ἀπατήσας·
3151 436 3470 515 φενακισμὸς

316 526 411 566 265.
455 503 625 587 φέρων
658 496 815 578 ἦλθεν
855 507 1096 565 ἐνταῦθα.
1140 515 1202 562 Ρ.
1234 505 1452 586 ἀφῖκται
1494 527 1509 566 t
1550 503 1805 587 Παραγέ-
1889 504 1993 587 γὰρ
2019 511 2053 578 ἡ
2085 508 2289 580 ἀπάτη.
2319 521 2383 572 V.
2416 510 2590 580 ἄλλως
2617 513 2672 572 δὲ
2702 521 2931 597 κεφαλῆς
2958 523 3152 601 τριχῶν
3181 523 3468 602 πενομένης

239 615 371 671 γονε.
409 602 533 651 Vict.
563 590 781 674 πόνηροι
805 611 821 652 t
848 591 1102 672 Γεωργοί.
1133 603 1229 649 Dv.
1256 603 1320 650 P.

314 702 407 742 266.
452 684 696 763 ῥυπῶντα
720 703 735 741 :
762 683 988 761 Αὖχμοῧ
1015 679 1222 758 μεστόν.
1244 679 1358 740 ἔστι
1380 678 1471 739 καὶ
1501 678 1706 761 ῥυπόω,
1728 683 1801 753 ῶ,

188 794 213 834 5
238 771 325 831 καὶ
366 768 584 853 ῥυπάω,
626 774 698 838 ὥς
737 773 988 843 ἐνταῦθα,
1030 769 1123 829 καὶ
1161 767 1417 852 ῥυπαίνω.
1459 779 1596 827 sunt.
1637 766 1799 850 ῥύπον

236 859 441 940 ἔχοντα.
471 870 534 916 V.

309 948 469 1030 κυφὸν
495 946 759 1028 εΚυρτόν.
844 945 1018 1006 ἄθλιον
1047 968 1060 1008 :
1084 945 1233 1028 παρὰ
1251 946 1310 1006 τὸ
1326 938 1506 1025 ἆθλον,
1533 945 1796 1006 ἐπίπονον.

234 1050 353 1098 ΒΝ.
388 1037 542 1119 ῥυσὸν
570 1037 656 1110 δὲ,
694 1035 900 1119 ῥυτίδας
927 1035 1133 1116 ἔχοντα.
1168 1038 1436 1113 (μαδῶντα
1464 1057 1479 1097 t
1504 1034 1794 1117 φαλακρόν.

230 1129 308 1203 V.)
344 1126 508 1185 νωδὸν
533 1123 618 1198 δὲ,
646 1125 858 1192 ὀδόντας
881 1124 956 1201 μὴ
983 1123 1172 1204 ἔχοντα
1197 1122 1283 1184 διὰ
1312 1124 1375 1183 τὸ
1406 1128 1587 1204 γῆρας·
1613 1127 1672 1183 οὗ
1695 1122 1796 1205 γὰρ

163 1233 210 1272 ιυ
233 1212 292 1285 δὴ
321 1213 542 1297 ἄφωνον·
579 1215 735 1272 λαλεῖ
771 1219 894 1293 γοῦν
923 1217 953 1270 ὃ
986 1214 1239 1280 Πλοῦτος·
1275 1212 1473 1294 [ψωλὸν
1504 1209 1585 1284 δὲ,
1626 1211 1800 1291 ἀσχή-

231 1324 361 1379 μονα
385 1299 524 1360 κατὰ
558 1303 886 1382 παρέκτασιν
914 1305 1008 1360 τοῦ
1045 1298 1246 1380 μορίου·
1281 1300 1532 1376 μαδῶντα
1572 1296 1660 1372 δὲ,
1690 1322 1796 1381 φα-

228 1389 443 1470 λακρὸν,
470 1388 693 1449 καθόλου
716 1388 901 1470 τρίχας
925 1388 999 1467 μὴ
1022 1387 1259 1469 ἔχοντα.]

307 1480 555 1556 μυδῶντα
607 1497 623 1537 t
659 1477 929 1559 Γράφεται
974 1476 1066 1537 καὶ
1106 1478 1351 1556 μυδῶντα
1391 1475 1483 1536 καὶ
1524 1476 1792 1554 μαδῶντα.

224 1566 315 1625 καὶ
343 1568 594 1644 μυδῶντα
623 1564 718 1644 μὲν
748 1566 864 1625 ἀντὶ
889 1572 980 1625 τοῦ
1010 1564 1218 1637 δυσώδη
1248 1567 1652 1644 ἀποπέμποντα·
1684 1588 1795 1643 μα-

158 1677 201 1717 1⁶
226 1656 393 1714 δῶντα
420 1656 477 1714 δὲ
507 1655 623 1714 ἀντὶ
651 1659 740 1714 τοῦ
769 1653 940 1732 κόμην
971 1652 1046 1732 μὴ
1078 1652 1283 1733 ἔχοντα.
1312 1671 1448 1721 Jnnt,
1780 1648 1819 1719 ἱ

303 1744 647 1826 ῥυπούμενον,
666 1741 1076 1824 ζαρομάγουλον,
1094 1741 1307 1823 κυρτὸν,
1330 1745 1401 1809 ὣς
1426 1740 1664 1800 κουκινὸν
1693 1722 1806 1827 ἐξεέ

226 1832 567 1910 ματισμένον,
600 1831 808 1913 ῥυτίδας
833 1828 1052 1910 ἔχοντα,
1082 1828 1375 1911 φαλακρὸν,
1406 1828 1567 1911 κυφὸν
1594 1827 1629 1901 ἢ
1662 1848 1793 1911 κυρ-

219 1918 326 1981 τόν.
347 1923 420 1982 Θ.
447 1924 692 2001 ῥυπῶντα
727 1938 743 1979 :
778 1916 1200 2001 Ῥερυπωμένον.
1225 1917 1388 1998 κυφὸν
1418 1938 1432 1977 t
1461 1916 1690 1998 Κυρτόν.
1725 1928 1789 1977 Ρ.

221 2008 565 2088 κεκυμμένον.
600 2018 728 2069 vict.
756 2006 932 2066 ἄθλιον
965 2026 980 2066 :
1012 2009 1281 2085 Δυστυχῆ.
1315 2005 1465 2087 ῥυσὸν
1500 2026 1515 2065 t
1548 2004 1792 2073 Ῥυτίδας

146 2116 196 2155 2ο
219 2096 426 2177 ἔχοντα.
478 2098 727 2175 μαδῶντα
767 2117 782 2158 z
813 2093 1127 2177 Φαλακρόν.
1160 2092 1322 2152 νωδόν
1356 2113 1371 2155 2
1400 2092 1789 2174 Ἔστερημένον

217 2186 351 2248 ὁδοῦ.
381 2199 446 2245 Ρ.
481 2184 824 2266 ἐστερημένον
851 2182 1090 2243 ὀδόντων.
1118 2184 1191 2243 Θ.

290 2294 388 2335 267.
430 2273 610 2355 ψωλὸν
645 2293 660 2334 t
702 2274 795 2340 Εἷς
838 2271 899 2331 τὸ
940 2269 1159 2351 αἰσχρὸν
1206 2267 1561 2347 μεταὸέὸηκε.
1604 2269 1789 2329 τουτέ-

215 2385 324 2422 στιν
353 2362 641 2444 ἀσχήμονα
674 2361 791 2421 κατ’
831 2359 1111 2419 ἐπέκτασιν
1156 2364 1249 2418 τοῦ
1280 2356 1482 2440 μορίου.
1517 2359 1694 2425 καλῶς
1735 2357 1790 2418 δὲ

213 2451 272 2511 τὸ
299 2443 451 2530 οἶμαι
470 2497 486 2526 ,
519 2449 700 2522 ἐπειδὴ
740 2448 808 2508 τὰ
838 2448 932 2527 μὲν
963 2448 1102 2507 ἄλλα
1138 2448 1283 2518 πάθη
1324 2452 1418 2506 τοῦ
1447 2446 1693 2526 σώματος
1720 2449 1790 2514 εἷς

140 2565 190 2603 25
218 2540 333 2623 ὄψιν
367 2539 539 2622 ἐώρα,
572 2544 729 2599 τοῦτο
766 2536 820 2597 δὲ
848 2541 1018 2620 κρυφῆ
1048 2535 1105 2596 ὃν
1133 2535 1224 2595 καὶ
1253 2533 1328 2614 μὴ
1356 2538 1491 2617 δρῶν
1518 2536 1649 2594 αὐτὸ
1685 2535 1790 2595 ἀπὸ

213 2631 468 2706 εἰκασμῶ
493 2626 656 2706 λέγει.
688 2636 752 2685 V.
779 2624 956 2708 ψωλὸν
991 2644 1005 2685 2
1040 2623 1310 2697 Κηλήτην.
1338 2635 1400 2683 B.
1428 2635 1489 2684 Θ.
1522 2635 1580 2683 Ρ.
1620 2626 1790 2704 ἀσχη-

214 2717 384 2794 μόνως
424 2715 685 2789 κηλῆτην.
733 2724 788 2774 0.
818 2712 1165 2790 ἐσπασμένον.
1191 2725 1257 2772 D.
1288 2715 1357 2779 ὥς
1388 2710 1524 2789 μετὰ
1555 2714 1659 2770 τῶν
1691 2713 1787 2772 ἄλ·

211 2808 315 2864 λων
340 2808 526 2866 κακῶν
549 2802 642 2863 καὶ
661 2800 722 2860 τὸ
743 2806 836 2874 τῆς
857 2801 1024 2875 κήλης
1042 2798 1207 2867 πάθος
1231 2796 1342 2880 ἔχει
1360 2798 1422 2857 τὸ
1445 2801 1639 2879 γῆρας,
1660 2823 1788 2881 χαυ-

212 2893 459 2960 νωθέντος
484 2894 564 2974 τῷ
598 2889 772 2972 χρόνῳ
806 2894 897 2948 τοῦ
922 2885 1542 2966 σώματος.-δια6άλλει
1569 2891 1598 2946 6
1624 2911 1782 2961 ποιη-

136 2995 187 3035 30
212 2979 303 3054 τὴς
340 2983 518 3040 αὐτῶν
552 2978 648 3051 τὴν
677 2976 976 3059 κωφότητα·
1015 2976 1170 3057 ἕτερα
1200 2974 1303 3056 γὰρ
1332 2974 1566 3043 εἰπόντος
1583 3021 1602 3054 ,
1631 2975 1784 3059 ἔτερα

208 3069 411 3129 ἀκούειν
456 3067 660 3136 ἔδοξαν.
704 3065 777 3144 μὴ
818 3063 991 3143 λάὸῃς
1026 3062 1081 3123 δὲ
1127 3062 1311 3132 ἔξωθεν
1352 3061 1448 3135 τὴν
1488 3062 1575 3122 διά
1614 3067 1685 3132 εἰς
1726 3065 1786 3124 τὸ

207 3159 362 3218 ἐπῶν.
396 3154 518 3216 ἀλλ’
554 3154 692 3214 ἔστιν
715 3159 750 3226 ἡ
774 3151 953 3233 γενικὴ
987 3151 1119 3235 πρὸς
1151 3150 1212 3209 τὸ
1247 3151 1464 3232 χρυσόν.
1501 3153 1573 3219 ὣς
1611 3151 1784 3234 φαμὲν

204 3246 371 3328 σωρὸν
395 3243 714 3327 χρημάτων.
740 3241 828 3301 τὸν
851 3238 954 3324 γὰρ
977 3238 1182 3320 χρυσὸν
1205 3237 1641 3320 ἀγγείλας”ἐπῶν,
1668 3240 1785 3300 ἀντὶ

202 3339 292 3394 τοῦ
316 3334 419 3408 ἔπη
443 3332 602 3401 λέξας
623 3330 819 3411 χρυσὸν
844 3332 1203 3411 παριστῶντα.
1228 3338 1286 3385 P.

129 3450 177 3490 35
283 3444 381 3485 268.
426 3413 474 3483 ὦ
534 3419 706 3502 Ὁρυσὸν
737 3417 981 3498 ἀγγείλας
1014 3420 1152 3475 ἐπῶν
1183 3436 1197 3476 :
1228 3414 1437 3488 Ἀττικὴ
1467 3419 1500 3488 ἡ
1532 3413 1784 3487 σύνταξις·

204 3512 317 3571 ἀντὶ
337 3516 433 3571 τοῦ
447 3556 463 3584 ,
491 3536 542 3570 ω
564 3509 789 3567 πλοῦτον
809 3508 869 3565 ἐκ
886 3507 990 3564 τῶν
1016 3507 1154 3563 ἐπῶν
1180 3502 1444 3583 ἀγγείλας·
1464 3503 1500 3576 ἢ
1523 3503 1640 3564 ἀντὶ
1662 3510 1755 3566 τοῦ
1768 3552 1784 3580 ,

195 3589 241 3660 ὦ
259 3599 595 3679 τιμιώτατον
621 3592 782 3654 εἰπὼν
809 3593 985 3672 λόγον.

272 3687 536 3770 ἀγγείλας
562 3706 576 3747 :
604 3683 806 3757 Εἰπὼν,
839 3681 1095 3761 μηνύσας.
1125 3682 1265 3741 ἐπῶν
1305 3700 1320 3740 t
1354 3678 1458 3740 Διὰ
1485 3684 1604 3741 τῶν.
1638 3694 1702 3743 Ρ.

270 3798 372 3839 269.
420 3778 608 3849 δηλοῖς
661 3771 763 3854 γὰρ
829 3770 985 3830 αὐτὸν
1045 3769 1212 3850 σωρὸν
1279 3768 1427 3841 ἥκειν
1485 3770 1783 3852 χρημάτων

121 3885 172 3925 ιο
196 3864 387 3946 ἔχοντα
416 3886 431 3927 :
458 3864 588 3944 (Ὧς
618 3858 927 3942 πολύπειροι
951 3862 1180 3929 συνῆκαν
1200 3856 1296 3930 τὴν
1321 3863 1413 3916 τοῦ
1440 3857 1682 3919 Πλούτου
1705 3859 1783 3939 [ἐν

195 3953 378 4033 μύθοις
413 3951 588 4019 οὕτως
616 3948 866 4031 ἔχουσαν]
901 3945 1252 4028 ὖπογραφήν.)
1300 3945 1489 4027 κυρίως
1526 3944 1581 4006 δὲ
1619 3947 1785 4029 σωρὸς

191 4041 251 4101 τὸ
293 4045 355 4103 ἐκ
389 4045 606 4123 μικρῶν
648 4035 964 4119 σπερμάτων
998 4033 1345 4112 συναγόμενον
1373 4036 1594 4107 πλῆθος,
1635 4036 1784 4118 παρὰ

190 4128 250 4189 τὸ
287 4134 368 4191 σῶ
400 4129 454 4208 (ὅ
481 4132 601 4189 ἐστι
630 4124 801 4203 σώζω)
848 4122 1077 4203 συνάγω·
1124 4121 1294 4204 (σορὸς
1335 4121 1389 4181 δὲ
1421 4124 1659 4194 θηλυκῶς
1695 4125 1784 4183 ἐπὶ

186 4223 279 4277 τοῦ
312 4218 493 4300 τάφου
534 4215 629 4276 καὶ
670 4213 756 4273 διὰ
798 4219 887 4273 τοῦ
916 4235 944 4271 ο
974 4216 1179 4291 μικροῦ·
1209 4209 1297 4268 ἐπὶ
1337 4207 1394 4267 δὲ
1432 4213 1537 4268 τῶν
1564 4215 1782 4292 καρπῶν

112 4329 163 4371 ⁴5
190 4308 483 4388 ἀρσενικῶς
532 4301 628 4365 καὶ
669 4301 755 4361 διὰ
799 4306 893 4360 τοῦ
937 4323 982 4358 ω
1029 4298 1299 4379 μεγάλου.)
1341 4298 1516 4382 καλῶς
1551 4289 1639 4357 οὗν
1678 4299 1783 4358 ἀπὸ

186 4399 291 4455 τῶν
332 4397 571 4475 καρπῶν
610 4389 880 4474 φαίνονται
917 4386 1193 4470 εἰρηκότες·
1231 4388 1278 4445 οῖ
1315 4384 1417 4466 γὰρ
1453 4386 1784 4458 εὖθηνοῦντες

185 4483 276 4543 καὶ
309 4479 570 4543 πλούσιοί
603 4481 753 4539 εἰσιν.
786 4476 823 4550 ἢ
852 4481 923 4544 ὣς
954 4475 1173 4556 γεωργοὶ
1205 4473 1373 4553 ταύτῃ
1400 4471 1687 4554 κέχρηνται
1712 4480 1780 4557 τῇ

184 4571 504 4655 παραδολῇ.
538 4598 610 4613 --
642 4567 815 4638 δηλοῖς
837 4587 851 4625 2
877 4567 1171 4646 Παριστᾷς.
1208 4561 1364 4621 αὐτὸν
1394 4581 1410 4622 2
1445 4561 1554 4621 Τὸν
1583 4560 1673 4621 σὸν
1696 4564 1781 4623 δε·

184 4661 411 4734 σπότην.
443 4655 625 4738 σωρὸν
655 4676 670 4715 :
698 4657 909 4726 Πλῆθος
938 4653 1104 4713 ἐλθεῖν
1130 4650 1421 4732 χρημάτων
1442 4648 1680 4731 φέροντα.
1713 4663 1778 4714 Ρ.

107 4775 157 4812 ω
260 4770 364 4811 270.
412 4743 793 4830 πρεσὸυτικῶν
819 4741 912 4819 μὲν
937 4733 1026 4801 οὗν
1056 4763 1070 4802 2
1094 4741 1198 4802 Διὰ
1223 4739 1283 4798 τὸ
1304 4744 1381 4820 τῷ
1402 4738 1542 4820 γήρᾳ
1566 4738 1781 4801 ἔπεσθαι

181 4842 356 4898 ταῦτα
386 4836 461 4896 τὰ
499 4829 900 4911 συμπτώματα·
935 4829 1067 4909 [ἀπὸ
1106 4833 1278 4889 κοινοῦ
1309 4827 1364 4887 δὲ
1397 4826 1458 4887 τὸ
1485 4828 1673 4907 δηλῶ.]
1712 4861 1781 4870 -

180 4925 570 5009 πρεσᾷυτικῶν
599 4941 614 4981 2
641 4922 863 4981 Μᾶλλον
897 4918 990 4996 μὲν
1018 4908 1170 4977 οὗν...
1198 4928 1264 4977 Ρ.

1892 593 2036 662 ἄκος.
2078 597 2275 679 φενάκη
2319 599 2375 657 δὲ
2417 599 2606 681 κυρίως
2644 606 2679 673 ἡ
2721 604 2981 684 προσθετὴ
3021 607 3113 666 καὶ
3152 610 3466 684 ἑπιτηδευτὴ

1890 684 2062 760 κόμη,
2107 684 2214 745 ἀπὸ
2247 689 2355 745 τῶν
2393 694 2818 770 κατερρυηκυιῶν
2854 698 3132 770 γυναικῶν,
3169 696 3261 756 καὶ
3307 697 3468 767 οὕτως

1890 773 2203 833 ἀπατουσῶν
2234 773 2322 833 διὰ
2345 780 2440 848 τῆς
2465 776 2777 837 ἐπεισάκτου
2801 778 2989 858 κόμης.
3016 820 3083 830 —
3115 788 3229 859 μῶν
3257 785 3417 855 ἀξιοῖς
3445 809 3460 849 :
3494 817 3519 856 ε

1887 857 2023 941 Ἄρα
2073 860 2214 930 ἄξιον
2258 862 2511 943 κρίνεις...
2551 865 2834 947 φενακίσας
2866 888 2880 928 :
2929 869 3249 944 Ἀπατήσας.
3282 876 3462 934 ἀπαλ-

1887 951 2116 1027 λαγῆναι
2149 951 2666 1031 εἶΕλευθερωθῆναι.
2696 966 2761 1015 Ρ.

1968 1058 2064 1098 272.
2114 1039 2353 1118 (ἀζήμιος
2383 1061 2396 1100 t
2429 1041 2569 1102 Ἀντὶ
2592 1048 2682 1101 τοῦ
2717 1042 2977 1117 ἀὸλαὸής·
3006 1047 3196 1129 κυρίως
3218 1048 3273 1109 δὲ
3298 1051 3461 1129 ζημία

1887 1130 1920 1197 ἡ
1950 1130 2045 1199 τῆς
2072 1131 2207 1199 ζωῆς
2239 1127 2480 1207 μείωσις,
2516 1128 2552 1202 ἢ
2591 1129 2650 1189 τὸ
2681 1133 2734 1190 έν
2768 1138 2834 1212 τῇ
2869 1138 2976 1212 ζωῇ
3012 1135 3220 1218 μιαρόν.
3254 1142 3461 1217 βακτη-

1890 1215 1975 1293 ρία
1999 1214 2087 1291 δὲ,
2115 1215 2234 1287 ἤτοι
2257 1220 2291 1288 ἡ
2324 1215 2419 1288 τὴν
2450 1215 2605 1295 βάσιν
2640 1224 2863 1278 ποιοῦσα
2902 1219 3190 1301 ἑδραίαν-ἢ
3232 1227 3460 1308 βατηρία
3493 1263 3542 1303 10

1884 1300 1963 1369 τίς
1985 1295 2116 1362 οῧσα
2134 1349 2153 1382 ,
2180 1309 2212 1375 ἡ
2236 1308 2332 1376 τῆς
2356 1304 2559 1384 βάσεως
2582 1306 2726 1365 αἰτία
2743 1351 2759 1379 ,
2780 1309 2919 1366 κατὰ
2936 1309 3269 1390 πλεονασμὸν
3294 1321 3388 1374 τοῦ
3406 1340 3457 1378 κ.

1884 1385 2106 1459 Ἄλλως.
2149 1389 2344 1460 πάντες
2378 1395 2425 1452 οῖ
2457 1392 2694 1475 γέροντες
2729 1396 2786 1453 ἐν
2821 1397 2937 1462 ταῖς
2973 1396 3209 1468 Ἀθήναις
3239 1398 3330 1460 δύο
3361 1406 3460 1482 βα-

1885 1479 2101 1560 κτηρίας
2129 1479 2438 1550 ἐδάσταζον.
2469 1473 2534 1553 ἦν
2563 1479 2617 1540 δὲ
2643 1482 2999 1564 προειρηκὼς,
3029 1487 3259 1555 ἀσθενεῖς
3283 1489 3460 1569 γέρον·

1883 1589 1978 1632 τας
1999 1566 2125 1638 ἤδη.
2152 1557 2293 1647 εἶχον
2318 1565 2374 1626 δὲ
2393 1566 2429 1640 ἢ
2456 1566 2543 1626 διὰ
2566 1567 2626 1628 τὸ
2654 1570 3008 1650 ἔπερείδεσθαι
3031 1573 3164 1655 αὐτῇ
3180 1619 3196 1647 ,
3225 1574 3260 1647 ἢ
3291 1576 3378 1635 διὰ
3397 1578 3460 1638 τὸ

1884 1653 2185 1733 ἀμύνασθαι
2212 1653 2381 1737 ταύτῃ
2421 1654 2496 1734 μὴ
2522 1658 2836 1735 δυναμένους
2861 1658 3059 1741 χερσί.)
3090 1696 3154 1704 -
3186 1663 3406 1742 ἀζήμιος
3438 1688 3452 1728 :
3492 1700 3539 1739 15

1884 1743 1937 1803 ’A
1947 1747 2091 1825 θῷος.
2122 1743 2330 1825 ἔχοντος
2361 1765 2376 1805 :
2414 1745 2705 1828 Φέροντος,
2736 1749 3104 1826 βαστάζοντος.
3133 1762 3200 1814 Ρ.

1962 1849 2060 1892 273.
2101 1831 2313 1900 πάντως
2330 1831 2434 1914 γὰρ
2458 1854 2472 1893 t
2502 1834 2731 1906 Ἀληθῶς
2747 1833 2851 1915 γὰρ
2878 1836 3116 1914 νομίζετέ
3135 1863 3201 1917 με
3221 1848 3454 1903 τοιοῦτον

1883 1919 2154 2000 ἄνθρωπον
2179 1924 2246 2001 τῇ
2270 1919 2420 2004 φύσει
2449 1924 2520 1989 εἰς
2544 1921 2782 1998 ἅπαντα,
2811 1923 2902 1983 καὶ
2926 1924 3073 1984 οὐδὲν
3103 1926 3242 2007 ὑγιὲς
3269 1932 3454 1992 εἰπεῖν.

1880 2039 1952 2048 -
1966 2004 2176 2075 πάντως
2191 2029 2205 2067 :
2226 2011 2418 2076 Κακῶς
2431 2007 2649 2088 κρίνετε.
2664 2020 2728 2070 Ρ.
2745 2016 2972 2070 τοιοῦτον
2991 2031 3006 2073 :
3025 2011 3344 2075 Ἄπατεῶνα.
3360 2029 3454 2076 Dv.

1962 2112 2058 2154 274.
2102 2093 2241 2173 ὑγιὲς
2275 2115 2291 2155 2
2320 2096 2490 2157 Οὐδὲν
2527 2096 2794 2177 (πρᾶγμα)
2831 2098 3235 2177 ὖπολαμὸάνετε
3269 2104 3459 2176 ἀληθὲς
3483 2133 3539 2173 20

1880 2181 1976 2260 ἐμὲ
2003 2184 2189 2243 εἰπεῖν.
2224 2194 2285 2242 Ρ.

1959 2289 2057 2330 275.
2100 2273 2171 2337 ὣς
2202 2269 2390 2349 σεμνὸς
2425 2290 2440 2331 z
2477 2270 2613 2330 Κατ’
2643 2271 2930 2351 εἰρωνείαν.
2966 2273 3300 2356 οὑπίτριπτος
3335 2299 3350 2339 :
3383 2279 3452 2341 Ὁ

1881 2350 2020 2426 ἄξιὸς
2048 2356 2385 2440 ἐπιτρίψεως,
2412 2361 2507 2430 τῆς
2531 2358 2813 2428 ἀπωλείας.
2843 2371 2907 2420 Ρ.
2939 2362 3271 2444 ἐπιτριὸἦναι
3299 2365 3453 2435 ἄξιος.

1890 2457 2015 2506 Vict.
2049 2449 2104 2505 αἱ
2127 2450 2326 2525 κνῆμαι
2351 2465 2366 2506 t
2392 2450 2464 2507 Οἱ
2489 2445 2685 2517 ἀντζες.
2712 2460 2810 2507 Dv.
2835 2448 3175 2532 οὑπίτριπτος
3200 2473 3214 2513 :
3242 2452 3311 2515 Ὁ
3335 2458 3456 2515 ἐπι-

1876 2533 2101 2617 τρίψεως
2132 2534 2223 2594 καὶ
2262 2533 2465 2616 βλάὸης
2503 2534 2656 2605 ἄξιος.
2686 2537 2959 2619 ἐπιτρῖψαι
2985 2535 3089 2619 γὰρ
3117 2540 3181 2599 τὸ
3217 2543 3453 2625 διαφθεῖ-
3482 2577 3533 2615 2⁶

1878 2645 1985 2703 ραι.
2068 2621 2261 2705 κυρίως
2283 2622 2338 2682 δὲ
2359 2622 2596 2703 χοίνικας
2616 2626 2838 2684 καλοῦσι
2859 2626 3249 2709 πᾶνπεριφερὲς
3271 2633 3342 2698 ὡς
3361 2631 3453 2691 καὶ

1875 2710 1937 2770 τὸ
1951 2709 2161 2794 μέτρον.
2245 2710 2604 2790 συμπλέκειδὲ
2616 2714 2716 2793 οὐχ
2729 2716 2801 2778 ὡς
2824 2709 2998 2793 ἕτερον
3015 2724 3294 2790 σημαῖνον,
3314 2719 3453 2779 ἀλλὰ

1874 2798 1936 2857 τὸ
1966 2796 2062 2878 μὲν
2102 2803 2174 2868 ὡς
2213 2796 2358 2878 γένος
2376 2845 2393 2875 ,
2423 2798 2485 2858 τὸ
2530 2797 2586 2858 δὲ
2623 2804 2694 2868 ὥς
2721 2791 2870 2869 εἶδος.
2967 2800 3047 2862 ὅτι
3074 2806 3151 2884 τῷ
3194 2803 3320 2864 εἴδει
3359 2808 3452 2868 καὶ

1874 2887 1937 2946 τὸ
1962 2886 2182 2969 γενικόν.
2210 2891 2265 2947 αἱ
2293 2886 2395 2969 γὰρ
2432 2886 2657 2968 χοίνικες
2690 2887 2850 2947 πέδαι
2883 2888 2985 2949 εἰσί
3013 2913 3162 2958 τινες.
3202 2891 3367 2963 πέδας
3394 2896 3452 2955 δὲ

1873 2974 1968 3043 τὰς
2006 2975 2214 3043 ἁλύσεις
2232 3021 2249 3054 ,
2285 2973 2343 3034 αἲ
2382 2974 2690 3055 ἐξήρτηνται
2729 2975 2931 3044 τούτοις
2972 2977 3065 3037 καὶ
3110 2980 3448 3056 ἐμποδίζουσι
3475 3014 3530 3054 ³0

1872 3062 1968 3136 τὴν
1997 3062 2230 3144 πορείαν.
2263 3062 2324 3123 τὸ
2354 3061 2409 3123 δὲ
2443 3066 2522 3123 ἰοὺ
2556 3063 2634 3122 ἰού
2670 3067 2742 3130 ὡς
2770 3067 2874 3123 τῶν
2902 3066 3281 3145 πεπεδημένων
3311 3069 3448 3131 οὕτω

1874 3150 2304 3233 σχετλιαζόντων.
2334 3162 2399 3211 V.

1953 3260 2050 3302 27⁰.
2092 3237 2185 3306 τὰς
2225 3237 2464 3320 χοίνικας
2501 3238 2592 3298 καὶ
2630 3235 2726 3306 τὰς
2751 3237 2913 3306 πέδας
2957 3261 2972 3300 t
3020 3239 3117 3301 Ἐν
3158 3246 3234 3323 τῷ
3270 3245 3448 3328 εἰδικῷ

1871 3329 1965 3389 καὶ
2003 3329 2063 3388 τὸ
2088 3326 2291 3407 γενικὸν
2330 3326 2614 3407 ἐπήγαγεν·
2647 3329 2702 3386 αἱ
2735 3325 2838 3408 γὰρ
2870 3327 3095 3408 χοίνικες
3126 3330 3284 3391 πέδαι
3315 3333 3450 3403 τινές

1874 3422 2022 3479 εἰσιν·
2046 3415 2213 3498 χοῖνιξ
2235 3415 2290 3476 δὲ
2315 3425 2421 3475 πᾶν
2444 3414 2734 3498 περιφερές·
2762 3416 2952 3476 διὸκαὶ
2974 3417 3035 3476 τὸ
3061 3418 3251 3502 μέτρον
3280 3424 3445 3502 χοῖνιξ
3473 3450 3527 3490 35

1872 3510 2134 3568 καλεῖται.
2163 3537 2235 3548 -
2259 3504 2496 3585 χοίνικας
2529 3525 2543 3566 :
2576 3503 2664 3566 Τὰ
2695 3503 2892 3582 δεσμὰ,
2920 3505 3013 3565 καὶ
3046 3505 3141 3576 τὰς
3177 3511 3448 3580 ἰδιωτικῶς

1868 3594 2157 3675 λεγομένας
2208 3591 2435 3660 κλάπας.
2486 3598 2742 3654 ποθοῦσαι
2794 3615 2808 3655 :
2856 3592 3131 3664 Ὀνειδίζει
3175 3596 3334 3658 αὐτὸν
3376 3603 3448 3668 ὥς

1872 3684 2072 3742 δοῦλον.
2098 3694 2158 3742 Θ.
2188 3693 2251 3740 Ρ.

1952 3791 2048 3831 277.
2092 3773 2230 3851 σορῷ
2276 3790 2291 3829 :
2332 3766 2608 3846 Μνήματι.
2634 3779 2700 3828 V.
2738 3768 2909 3850 τάφῳ.
2949 3768 3115 3851 λαχὸν
3157 3793 3172 3833 :
3213 3775 3446 3854 Κληρω-

1873 3857 2046 3925 θέντος
2071 3863 2162 3916 τοῦ
2192 3853 2503 3938 γράμματός
2530 3877 2623 3913 σου
2648 3856 2877 3915 ἀττικοῧ.
2901 3867 2961 3916 Θ.
2987 3868 3048 3916 Ρ.
3077 3857 3347 3939 λαχόντος.
3377 3874 3443 3922 D.
3475 3888 3527 3929 ιο

1873 3948 1926 4004 ἐν
1950 3947 2017 4025 τ’ᾐ·
2042 3949 2181 4027 σορῷ
2204 3942 2315 4002 νυνὶ
2343 3942 2508 4023 λαχὸν
2537 3963 2555 4002 t
2581 3942 2712 4002 Δέον
2741 3944 2903 4003 εἰπεῖν
2930 3944 3085 4004 αὐτὸν
3109 3948 3162 4004 ἐν
3189 3950 3266 4029 τῷ
3295 3949 3446 4007 δικα-

1872 4032 2071 4115 στηρίῳ
2111 4057 2203 4093 σου
2244 4030 2305 4091 τὸ
2346 4030 2571 4112 γράμμα
2621 4028 2830 4110 ἔλαχεν,
2871 4022 3013 4091 εἶπεν
3060 4034 3114 4091 ἐν
3155 4038 3222 4113 τῇ
3274 4039 3442 4117 σορῷ,

1870 4121 1987 4180 ἐπεὶ
2013 4122 2198 4203 γέρων.
2234 4122 2282 4180 οἱ
2313 4119 2369 4179 δὲ
2395 4119 2632 4201 γέροντες
2658 4117 2879 4192 πλησίον
2915 4119 3017 4179 εἶσὶ
3043 4124 3137 4193 τῆς
3175 4128 3346 4197 σοροῦ.
3375 4136 3442 4185 V.

1870 4207 2021 4290 παρὰ
2046 4209 2153 4275 τοῖς
2188 4206 2476 4278 Ἀθηναίοις
2516 4205 2642 4265 δέκα
2679 4198 2814 4279 ἦσαν
2843 4205 3023 4288 φυλαί.
3068 4206 3180 4276 ἔθος
3211 4200 3299 4268 οὖν
3337 4210 3444 4270 ἀπὸ

1868 4300 2057 4356 πασῶν
2120 4299 2223 4355 τῶν
2292 4297 2467 4377 φυλῶν
2530 4292 2780 4362 δικαστὰς
2841 4295 3069 4365 καθίζειν
3087 4320 3100 4333 ·
3155 4287 3269 4356 εἶτα
3336 4298 3442 4359 ἀπὸ
3466 4332 3520 4371 ⁴5

1871 4394 1996 4463 μιᾶς
2036 4383 2263 4455 ἑκάστης
2302 4381 2598 4460 ἐλάμὸανον
2634 4381 2826 4463 ἄνδρας
2851 4380 3008 4443 πέντε
3035 4382 3155 4452 τοὺς
3190 4385 3444 4464 ἐπισημο-

1867 4471 2063 4554 τέρους·
2105 4471 2197 4531 καὶ
2237 4471 2398 4530 πάλιν
2439 4474 2498 4530 ἐκ
2542 4474 2646 4529 τῶν
2690 4470 2848 4529 πέντε
2877 4469 2968 4529 ἕνα
3006 4471 3094 4530 τὸν
3128 4471 3309 4556 κλήρῳ
3353 4477 3445 4534 λα-

1867 4560 2033 4641 χόντα
2073 4557 2275 4620 ἐποίουν
2305 4558 2553 4627 δικάζειν.
2593 4556 2710 4616 ἀντὶ
2742 4549 2830 4616 οὗν
2861 4563 2955 4617 τοῦ
2983 4561 3144 4617 εἰπεῖν
3171 4560 3225 4618 ἐν
3251 4563 3328 4642 τῷ
3359 4562 3442 4620 δι-

1868 4647 2140 4730 καστηρίῳ
2186 4642 2550 4729 κληρωθὲν-τὸ
2598 4643 2823 4725 γράμμα
2865 4644 2957 4704 καὶ
2993 4645 3054 4704 τὸ
3098 4645 3376 4728 ψήφισμα,
3414 4649 3448 4705 ὅ

1869 4739 2010 4795 ἐστιν
2048 4741 2077 4796 6
2104 4737 2296 4817 κλῆρος
2314 4780 2330 4807 ,
2366 4733 2593 4803 δικάζειν
2622 4756 2681 4792 σε
2707 4730 2798 4792 καὶ
2827 4732 3081 4805 δικαστὴν
3112 4733 3441 4809 καθίστησιν,
3469 4769 3522 4808 ω

1867 4828 1940 4894 ὡς
1980 4823 2110 4907 πρὸς
2139 4825 2358 4906 γέροντα
2398 4821 2527 4902 παρ’
2560 4820 2803 4880 ὑπόνοιαν
2839 4820 3031 4890 παίζει.
3134 4816 3356 4890 Ἄλλως.
3387 4826 3441 4883 ἐν

1866 4914 1982 4981 ταῖς
2021 4912 2257 4985 Ἀθήναις
2293 4908 2465 4970 πολλὰ
2504 4901 2566 4982 ἦν
2605 4907 2936 4991 δικαστήρια.
2977 4908 3069 4968 καὶ
3109 4912 3163 4968 ἐν
3201 4910 3310 4969 τισὶ
3346 4910 3441 4988 μὲν

259 5037 359 5078 271.
410 5017 535 5092 μῶν
570 5031 586 5070 :
621 5008 713 5079 Μὴ
744 4998 849 5067 οὖν.
878 5017 938 5064 V.
965 5004 1249 5088 φενακίσας
1278 5024 1292 5063 t
1320 5001 1542 5074 Φενάκη
1570 5000 1630 5061 τὸ
1657 5024 1779 5083 προ-
1869 4999 2103 5068 ἕδίκαζον
2132 4997 2254 5079 περὶ
2286 5002 2510 5080 φονικῶν
2534 4995 2882 5078 πραγμάτων,
2908 4998 2961 5056 ἐν
2983 4994 3091 5055 τισὶ
3119 4994 3173 5055 δὲ
3202 4998 3323 5078 περὶ
3350 5000 3440 5071 δη-

181 5103 392 5184 κόμιον,
448 5091 567 5160 οἶον
616 5101 707 5156 τοῦ
755 5093 1064 5177 φαινομένου
1118 5090 1331 5174 κρανίου
1378 5089 1439 5149 τὸ
1486 5089 1636 5163 ἄκος,
1686 5088 1778 5149 καὶ

1871 5091 2118 5167 μοτικῶν·
2154 5086 2247 5146 καὶ
2274 5084 2497 5145 ἕκαστον
2528 5085 2584 5145 δὲ
2617 5083 2813 5145 τούτων
2840 5075 2980 5165 εἶχεν
3013 5084 3067 5144 ἔν
3099 5107 3149 5142 τι
3176 5087 3279 5146 τῶν
3307 5106 3440 5150 etot.

3149 5189 3221 5228 22.
