3859 5725
1570 317 1575 328 .
1687 241 2062 316 noun-um.

308 337 463 435 ...53
485 337 787 451 ἀπήνεγκαν
815 374 887 434 Θ.
906 407 973 423 -
1000 372 1073 440 54
1096 369 1255 451 φθάσ.
1278 369 1335 430 δὲ
1360 376 1430 430 V.
1449 409 1513 422 -
1545 393 1570 432 1
1595 371 1751 432 τοῦτό
1771 369 1833 450 γί

303 464 561 628 Ἧοι7Δ81ίὲ6
591 539 723 616 εἷλες
757 548 813 609 δὲ
839 569 955 608 om.
980 554 1050 607 V.
1079 549 1150 608 Θ.
1179 561 1239 608 et
1264 547 1833 631 ἤγρευσας--ἐποίησας

300 654 437 701 ante
458 638 806 719 δελεάσμασιν
835 650 1076 717 ponunt.
1536 690 1545 697 ,

387 749 521 804 791,
558 749 612 799 7,
651 731 687 786 8
726 747 840 786 om.
869 728 941 788 Θ.
976 732 1113 785 Post
1153 730 1316 784 θεῖναι
1366 726 1497 786 Ald.
1541 725 1702 783 addit
1741 724 1832 784 καὶ

302 817 541 895 ἀλλαχοῦ
575 815 815 895 (Eccles.
882 813 1051 890 121),
1089 814 1301 893 περίδου
1329 814 1419 874 καὶ
1465 811 1668 893 ταχέως
1701 811 1833 890 ἀνὴρ

300 909 471 982 γενοῦ.
505 901 596 961 καὶ
639 894 783 970 αὖθις
811 902 974 982 (Acb.
1008 904 1162 981 772),
1191 904 1238 960 εἰ
1283 901 1458 981 βούλει
1483 901 1696 984 περίδου
1742 924 1834 978 μοι

300 990 424 1069 περὶ
448 988 710 1067 θυμίτιδος
729 990 871 1049 ἁλῶν
892 1033 909 1062 ,
928 987 1170 1049 τουτέστι
1191 988 1450 1061 συνθήκας
1469 987 1831 1066 ποιησώμεθα.

300 1115 368 1129 -
395 1082 431 1138 8
453 1103 515 1159 γε
540 1099 658 1138 0111.
683 1084 755 1138 V.
780 1078 1004 1159 τρίποδα
1025 1084 1097 1137 G.

385 1187 522 1244 792,
560 1188 628 1226 12
650 1166 818 1234 πίθοις
842 1166 1042 1234 κοίταις
1067 1168 1140 1228 Θ.
1170 1179 1230 1225 et
1256 1185 1374 1226 om.
1400 1163 1500 1224 ὅτι.

388 1258 526 1332 793,
548 1275 625 1316 20
647 1254 735 1322 οὓς
755 1254 848 1314 καὶ
872 1257 942 1329 οἱ,
979 1275 1054 1313 22
1084 1255 1309 1336 φωλεαῐς
1346 1260 1416 1312 V.
1447 1251 1661 1335 Κράτης
1692 1254 1831 1313 Sui-

304 1343 407 1401 das
436 1363 480 1401 5.
508 1341 807 1426 Γυπαρίοις.
836 1344 1165 1421 Legebantur
1182 1345 1600 1424 Κρατῖνος.-26
1625 1343 1707 1402 Οὔ
1729 1364 1831 1401 κα·-

301 1453 470 1492 τοικτ.
501 1445 559 1490 et
588 1429 645 1490 δὲ
680 1452 796 1491 om.
817 1434 966 1493 9.-
999 1451 1070 1504 27
1106 1430 1411 1490 παύσασθαι
1442 1451 1556 1489 om.
1580 1435 1646 1488 V.
1668 1468 1730 1481 -
1758 1433 1832 1490 28

304 1519 394 1578 διὰ
430 1523 589 1579 τοῦτο
614 1525 704 1593 V.,
752 1540 869 1578 om.
897 1521 968 1581 Θ.
987 1556 1050 1568 -
1071 1539 1147 1596 29
1170 1517 1352 1590 ἐπειδὴ
1381 1540 1496 1578 0111.
1518 1526 1589 1579 V.
1619 1521 1690 1580 Θ.
1726 1522 1833 1579 τῶν

303 1606 591 1680 Ἀθηναίων
617 1609 689 1669 Θ.
713 1645 776 1657 -
806 1610 875 1667 31
911 1607 1144 1685 μάλιστα
1172 1607 1433 1666 additum
1472 1627 1547 1665 ex
1566 1608 1638 1668 Θ.
1659 1646 1723 1657 -
1760 1611 1831 1677 34

306 1683 441 1754 εἶναι
461 1714 577 1753 0111.
609 1696 681 1755 Θ.
710 1695 950 1772 Cor-rige
973 1693 1314 1778 ἀπιστότερος
1338 1715 1411 1754 ex
1431 1695 1791 1772 Thucydide.

388 1793 523 1859 794,
555 1785 746 1855 35-37
787 1804 904 1842 om.
935 1784 1008 1844 Θ.
1043 1788 1111 1842 111
1148 1789 1214 1845 V.
1246 1783 1389 1841 nihil
1413 1784 1524 1841 uisi
1558 1784 1703 1857 hoc,
1751 1784 1834 1862 βλ.

302 1869 420 1930 leri
437 1870 499 1930 τὸ
525 1869 779 1940 ἐκπιέζειν
799 1869 867 1930 τὰ
886 1870 1049 1952 κηρία
1064 1874 1170 1930 τῶν
1201 1872 1317 1948 μελ.
1334 1907 1401 1920 -
1428 1871 1502 1929 38
1529 1871 1659 1951 παρ’
1683 1873 1834 1931 ἱστο-

307 1957 443 2040 ρίαν.
472 1962 741 2036 Nugatur
776 1959 1099 2017 scholiasta.
1128 1964 1262 2018 Non
1294 1961 1447 2017 enim
1468 1958 1543 2017 de
1579 1980 1648 2017 ea
1671 1960 1835 2037 lega—

307 2046 467 2108 tione
500 2047 758 2123 loquitur
778 2046 1067 2118 Comicus,
1090 2066 1195 2123 per
1211 2065 1384 2122 quam
1414 2066 1601 2104 annua
1623 2046 1838 2106 soedera

304 2134 455 2193 sacta
499 2145 668 2211 sunt3
719 2152 849 2211 quae
889 2154 1004 2191 non
1064 2135 1172 2192 suit
1216 2136 1454 2212 explosa
1498 2154 1532 2192 a
1586 2136 1795 2194 Cleone
1817 2182 1835 2212 ,

305 2221 540 2300 quando
571 2222 749 2280 soedus
769 2223 911 2280 illud
940 2241 1196 2281 annuum
1223 2221 1512 2280 obtinuit:
1540 2223 1639 2280 sed
1666 2224 1834 2282 aliam

303 2310 572 2387 intelligit
597 2353 612 2382 ,
652 2330 782 2387 quae
828 2330 860 2368 a
890 2310 1337 2369 Lacedaemoniis
1380 2314 1629 2389 septimo
1684 2333 1836 2372 anno

305 2397 479 2457 missa
507 2398 616 2455 suit
642 2397 714 2456 ad
735 2397 1106 2456 obtinendam
1137 2418 1359 2475 pacem,
1389 2411 1449 2456 et
1475 2400 1835 2476 recipiendos

272 2487 485 2558 Ἰήιος,
507 2485 609 2562 qui
635 2486 694 2543 in
717 2485 902 2543 insula
930 2486 1265 2564 Sphacteria
1287 2487 1362 2544 ad
1387 2487 1590 2562 Pylum
1619 2487 1835 2549 obsessi

304 2574 684 2642 tenebantur;
708 2593 837 2650 quae
859 2573 1093 2651 quidem
1123 2575 1334 2651 legatio
1360 2577 1649 2654 repulsam
1673 2580 1834 2653 tulit,

302 2662 585 2721 suadente
609 2661 860 2720 Cleone:
892 2673 956 2718 ut
984 2661 1107 2719 fuse
1132 2674 1327 2720 narrat
1347 2663 1717 2740 Thucydides
1736 2666 1834 2725 lib.

308 2760 362 2821 4.
413 2754 488 2809 Et
537 2769 608 2807 ex
660 2750 773 2806 hoc
812 2749 941 2807 loco
982 2748 1285 2822 discimus,
1326 2751 1835 2831 Archeptolemum

306 2838 484 2897 fuisse
508 2835 634 2914 ejus
669 2837 968 2913 legationis
994 2838 1369 2915 coryphaeum
1390 2860 1405 2897 ε
1426 2839 1591 2917 cujus
1624 2860 1834 2899 nomen

305 2926 488 2982 tacuit
517 2923 911 3000 Thucydides:
942 2929 1025 2983 Ea
1045 2946 1185 2983 vero
1210 2925 1449 3002 legatio,
1484 2927 1557 2983 de
1595 2946 1710 3004 qua
1740 2928 1833 2984 lo-

304 3014 504 3091 quitur
529 3012 858 3070 scholiastes
879 3057 897 3086 ,
925 3012 1180 3075 noudum
1211 3014 1381 3072 missa
1407 3014 1592 3072 suerat
1613 3035 1833 3091 ‚quum

304 3100 529 3181 prodiit
550 3101 611 3158 in
641 3119 869 3158 scenam
893 3101 1003 3158 hoc
1035 3099 1250 3159 drama.
1279 3105 1426 3159 Nam
1462 3103 1521 3159 in
1560 3103 1674 3161 fine
1703 3116 1834 3160 tan-

305 3203 429 3248 tum
449 3188 588 3246 belli
616 3189 841 3262 octavi,
862 3190 953 3246 vel
984 3187 1093 3246 sub
1118 3189 1350 3246 initium
1370 3190 1539 3262 noni,
1572 3209 1653 3247 eae
1683 3190 1837 3267 lega-

305 3279 489 3337 tiones
510 3277 723 3348 missae,
752 3290 812 3335 et
841 3273 1023 3334 soedu's
1053 3277 1264 3336 sactum
1294 3289 1401 3335 est.
1437 3282 1508 3335 V.
1535 3278 1835 3354 Thucydi·-

301 3366 436 3424 dem
461 3375 515 3434 4,
553 3386 575 3422 1
595 3386 680 3442 19.
702 3369 963 3424 Pamin.
993 3367 1158 3425 Cous.
1180 3386 1310 3443 quae
1341 3364 1415 3423 ad
1436 3366 1614 3424 schol.
1639 3387 1694 3425 v.
1719 3370 1827 3441 327

304 3454 458 3512 dicta
484 3464 636 3512 sunt.
662 3489 726 3503 —
754 3462 827 3521 44
857 3452 1220 3529 Thucydides
1250 3463 1282 3522 4
1302 3497 1318 3526 ,
1356 3474 1467 3531 119
1497 3474 1511 3513 ε
1542 3451 1832 3513 Ξυνέθεντο

301 3539 361 3603 δὲ
396 3539 488 3600 καὶ
515 3539 826 3602 ἐσπένδοντο
857 3540 1286 3619 Λακεδαιμονίων
1317 3539 1413 3619 μὲν
1446 3540 1553 3600 οἵδε
1566 3585 1583 3614 ,
1625 3545 1832 3623 Ταῦρος

300 3630 652 3709 Ἐχετιμίδα,
722 3628 985 3701 Ἀθήναιος
1046 3629 1396 3710 Περικλείδα,
1462 3630 1832 3712 Φιλοχαρίδας

299 3715 639 3799 Ἐρυξιδαίδα
670 3715 1028 3798 (Ἐρυξιλαΐδα
1074 3719 1402 3777 Valckenar.
1442 3718 1515 3776 ad
1552 3720 1827 3778 Herodot.

301 3815 361 3880 4,
394 3806 559 3883 150),
592 3804 880 3887 Κορινθίων
915 3802 973 3862 δὲ
1003 3803 1191 3871 Αἰνέας
1223 3802 1487 3879 Ὠκύτου,
1518 3807 1827 3886 Εὐφαμίδας

298 3890 704 3974 Ἀριστωνύμου,
732 3891 1037 3954 Σικυωνίων
1059 3892 1114 3951 δὲ
1133 3892 1439 3971 Δαμότιμος
1462 3894 1826 3976 Ναυκράτους,

296 3979 589 4059 Ὀνάσιμος
614 3979 970 4060 Μεγακλέους,
992 3978 1281 4060 Μεγαρέων
1307 3980 1363 4039 δὲ
1387 3980 1619 4047 Νίκασος
1641 3982 1825 4042 Κεκά-

290 4070 421 4143 λου,
444 4068 785 4151 Μενεκράτης
810 4067 1140 4149 Ἀμφιδώρου
1158 4113 1175 4141 ,
1209 4068 1568 4148 Ἐπιδαυρίων
1595 4067 1651 4127 δὲ
1693 4069 1828 4148 Ἀμ-

293 4156 416 4240 φίας
439 4156 713 4232 Εὖαταΐδα,
736 4155 1021 4228 Ἀθηναίων
1052 4154 1107 4214 δὲ
1131 4159 1179 4214 οἱ
1201 4156 1486 4236 στρατηγοὶ
1512 4154 1826 4238 Νικόστρα-

289 4268 383 4311 τος
415 4245 744 4328 Διιτρέφους,
779 4243 968 4310 Νικίας
997 4244 1302 4324 Νικηράτου
1321 4288 1336 4317 ,
1375 4245 1644 4315 Αὐτοκλῆς
1675 4247 1823 4304 Τολ-

289 4334 476 4414 μαίου.
521 4339 610 4393 Ex
651 4333 741 4391 his
772 4334 998 4410 corrige
1036 4332 1270 4390 scholia.
1303 4376 1365 4386 -
1406 4334 1480 4402 45
1532 4333 1827 4410 legebatur

290 4421 637 4501 Ἐχετιμίδης
663 4419 1000 4501 (ἐχετημίδης
1023 4422 1119 4497 Θ.)
1138 4458 1201 4471 -
1222 4421 1567 4500 Περικλείδας
1588 4424 1706 4496 (-ης
1727 4421 1823 4501 Θ.)

285 4547 357 4561 .-
384 4507 766 4591 Σισυφαμήδας
821 4507 994 4586 (-ίδας
1032 4507 1149 4587 9.).
1172 4544 1236 4556 -
1295 4510 1368 4577 46
1428 4507 1708 4585 δημοτικὸς
1750 4511 1820 4570 Θ.

285 4595 602 4678 Ναυκράτου
622 4597 748 4656 Ald.
770 4634 831 4646 -
854 4598 887 4655 5
901 4619 920 4654 1
953 4596 1067 4674 μετ’
1089 4617 1205 4654 0111.
1226 4598 1297 4657 Θ.
1319 4634 1383 4647 -
1405 4597 1476 4653 52
1495 4594 1824 4678 χρησάμενος

285 4686 396 4765 (sic
441 4685 638 4764 codd.)
660 4687 735 4764 τῷ
761 4685 979 4763 ὀνόματι
1003 4686 1243 4743 accessit
1263 4704 1334 4742 ex
1362 4689 1432 4743 V.
1452 4686 1523 4745 Θ.
1544 4722 1606 4734 -
1626 4686 1698 4753 54
1721 4683 1822 4768 γὰρ

280 4772 509 4834 addidit
534 4773 889 4832 Dindorfius.
913 4776 972 4833 οὗ
991 4770 1305 4840 κατεδέξατο
1336 4777 1405 4830 V.

370 4865 506 4940 796,
547 4871 578 4932 4
606 4867 672 4943 τῇ
696 4866 839 4942 πυγῇ
867 4866 935 4942 τῇ
966 4861 1138 4943 χειρὶ,
1179 4862 1212 4919 5
1256 4860 1395 4942 χειρὶ
1418 4859 1646 4942 πλατείᾳ
1678 4866 1743 4920 V.
1785 4859 1819 4933 ἢ

3332 262 3445 320 442

2004 373 2120 431 800
2139 416 2156 446 ,
2181 392 2258 431 20
2293 374 2772 457 περιεργασάμενος
2795 377 2832 450 ἢ
2859 378 2965 438 ἀπὸ
2990 381 3063 441 Θ.
3099 385 3450 467 περιεργαζό-

1922 483 2076 537 μενος
2099 462 2232 521 ΑΙά.
2248 499 2312 512 --
2332 483 2400 520 21
2429 464 2784 546 προσθήσεται
2811 470 2883 529 Θ.
2899 507 2965 520 -
2985 490 3062 528 22
3085 473 3302 533 excidit
3325 495 3452 535 ver-

1920 549 2060 608 bum
2084 550 2322 629 aliquod
2338 596 2355 625 ,
2385 554 2546 611 velut
2567 554 2806 614 πλάττει.
2830 560 3008 616 Dim).
3469 543 3482 558 ⁸

2002 638 2138 713 803,
2161 640 2235 697 25
2257 639 2524 723 δυσχερῶς
2545 646 2616 700 V.
2634 680 2697 691 —
2722 663 2792 716 27
2815 663 2905 722 sq.
2926 643 3075 727 ἀέρος
3097 646 3188 706 καὶ
3211 648 3451 727 διαυγοῦς

1919 722 2176 785 τάσσεται
2202 729 2273 789 Θ.
2295 771 2363 782 -
2386 732 2461 787 28
2498 726 2616 796 ὅλος
2651 734 2768 797 νοῦς
2797 738 2870 790 V.
2905 770 2969 783 -
3006 736 3079 793 30
3137 737 3322 815 ἀσχολ.
3372 735 3448 815 μὴ

1921 811 2116 892 ἐλέγχῃ
2151 815 2220 873 τὰ
2259 814 2329 875 σὰ
2375 815 2793 898 κακουργήματα
2829 821 2900 881 Θ.
2931 858 2995 870 -
3023 825 3091 881 31
3123 824 3451 907 πανουργεύ-

1922 905 2069 979 ματὰ
2088 907 2160 962 V.

2003 989 2141 1062 806,
2182 992 2256 1060 34
2281 991 2477 1072 κρίμνα
2514 992 2888 1053 casaubonus
2918 996 2993 1053 ad
3033 998 3287 1059 Athenaei
3346 1011 3413 1070 14
3432 1047 3449 1076 ,

1923 1095 1982 1152 p.
2010 1077 2157 1150 648,
2181 1082 2244 1137 Β.
2285 1083 2498 1160 κρῆμνα
2528 1080 2655 1139 ΔΙᾶ.
2675 1118 2739 1130 -
2763 1083 2838 1139 35
2867 1081 2936 1141 τὰ
2962 1089 3263 1146 Kusterus.
3301 1086 3363 1146 τὸ
3382 1094 3449 1148 V.

1922 1166 1994 1225 Θ.
2018 1166 2149 1225 Ald.
2167 1204 2231 1217 —
2251 1169 2325 1226 36
2344 1167 2504 1249 χίδρα
2540 1170 2611 1229 Θ.
2637 1207 2701 1219 -
2722 1179 2796 1238 40
2822 1172 3208 1251 ἀποπιάσματα
3238 1181 3309 1235 V.
3341 1182 3452 1236 Pro

1925 1261 1998 1320 24
2018 1253 2416 1334 περιπτίσματα
2455 1255 2751 1333 legebatur
2786 1257 3179 1339 περιπύσματα.
3203 1264 3452 1344 περιπιά-

1922 1364 2103 1402 σιιατα
2125 1344 2198 1403 Θ.
2220 1344 2382 1403 Conf.
2405 1345 2480 1403 ad
2499 1345 2680 1404 schol.
2703 1345 2856 1405 Nub.
2880 1349 2972 1416 45.

2005 1431 2139 1503 807,
2162 1441 2235 1501 44
2268 1434 2373 1490 τῶν
2402 1436 2738 1512 στρατιωτῶν
2766 1447 2824 1493 et
2855 1435 3196 1519 μισθοφορίας
3220 1440 3291 1499 Θ.

2006 1518 2121 1587 814
2144 1562 2161 1591 ,
2216 1539 2285 1577 12
2315 1517 2557 1593 ἐντολὴν,
2588 1541 2665 1579 20
2712 1520 2978 1602 ἤσχαλεν,
3015 1544 3088 1582 22
3126 1524 3184 1585 δὲ
3204 1545 3345 1597 0111.,
3377 1530 3451 1587 23

1901 1605 2016 1690 ,καὶ
2038 1615 2177 1684 τοῖς,
2224 1609 2299 1666 25
2326 1616 2434 1674 τοῖς
2478 1607 2781 1688 λεγομένοις
2810 1611 2947 1688 μηδὲ
2977 1620 3086 1678 τοῖς
3122 1613 3456 1693 βουλομένοις

1924 1694 1996 1753 Θ.
2026 1702 2134 1760 τοῖς
2160 1693 2460 1773 λεγομένοις
2487 1693 2624 1773 μηδὲ
2661 1704 2768 1762 τοῖς
2799 1696 3100 1777 λεγομένοις
3134 1701 3455 1780 (λεγομένοις

1924 1802 2041 1843 om.
2076 1783 2172 1860 G.)
2198 1789 2265 1841 V.
2283 1820 2346 1832 —-
2366 1803 2442 1860 29
2466 1781 2924 1861 κατεπαγγέλλετο
2943 1787 3073 1845 Ald.
3101 1788 3454 1866 ἐπηγγέλλετο

1923 1870 1994 1929 Θ.
2017 1907 2080 1920 --
2099 1871 2172 1929 35
2207 1869 2625 1941 Πελοποννήσιοι
2655 1890 2772 1929 0111.
2804 1873 2896 1946 Θ.,
2942 1893 3015 1932 ex
3041 1894 3159 1952 quo
3195 1878 3265 1948 37
3290 1874 3453 1959 εὑρὼν

1925 1957 2207 2016 additum.
2226 1996 2290 2008 -
2313 1959 2387 2018 38
2408 1957 2560 2018 πόλιν
2580 1959 2650 2018 Θ.
2678 1979 2788 2036 pro
2813 1951 2992 2020 οὖσαν.
3016 2000 3079 2011 -
3106 1965 3181 2039 39
3206 1965 3456 2023 scriben-

1926 2044 2067 2104 dum
2093 2043 2560 2124 ἀπομασσόμενον,
2588 2059 2653 2104 ut
2681 2047 2925 2126 intelligi
2956 2050 3171 2127 possit,
3193 2071 3454 2109 mensura

1925 2154 2035 2190 non
2074 2138 2353 2191 cumulata
2368 2179 2381 2203 ,
2421 2137 2525 2191 sed
2558 2141 2717 2207 cujus
2754 2140 3004 2193 cmnulus
3033 2140 3190 2194 radio
3208 2139 3338 2211 fuit
3359 2141 3454 2199 vel

1924 2223 2154 2277 lios-torio
2182 2223 2412 2279 dit-utu&
2451 2226 2825 2280 Vucuuu.
2859 2223 2932 2280 ad
2965 2225 3259 2285 Theocrit.
3285 2228 3452 2286 Ado-

1924 2310 2071 2367 niaz.
2097 2328 2157 2386 p.
2180 2310 2325 2382 388,
2347 2314 2415 2367 Α.
2438 2308 2848 2386 ἀπολειπόμενον
2872 2311 3095 2371 Suidas.

2008 2397 2145 2470 815,
2172 2398 2244 2464 43
2285 2394 2373 2454 διὰ
2408 2393 2477 2454 τὰ
2504 2399 2601 2469 9.,
2642 2398 2744 2475 qui
2774 2417 2891 2459 om.
2927 2409 3131 2472 44-47.
3154 2439 3217 2452 -
3245 2402 3319 2470 45
3359 2402 3452 2464 λε’,

1929 2490 2054 2543 Imo
2064 2485 2311 2544 Piraeeus
2326 2494 2401 2553 4o
2413 2484 2614 2543 stadiis
2623 2485 2867 2544 Athenis
2876 2487 3144 2547 distabat.
3155 2494 3221 2548 V.
3236 2496 3453 2550 Meurs.

1924 2573 1988 2630 in
2013 2573 2230 2631 Piraeeo
2253 2592 2379 2651 cap.
2409 2594 2430 2629 1
2454 2616 2472 2647 ,
2502 2585 2562 2630 et
2589 2573 2652 2631 in
2684 2579 2844 2632 Lect.
2868 2576 3043 2634 Attic.
3072 2576 3175 2637 lib.
3209 2579 3242 2636 3
3268 2621 3286 2650 ,
3316 2599 3368 2636 c.
3400 2588 3454 2648 4.

1924 2664 2198 2719 Kusr.1n
2220 2660 2415 2717 animo
2449 2660 2749 2719 Phalerum
2780 2661 3013 2736 habuit,
3041 2663 3206 2741 cujus
3233 2665 3347 2724 hoc
3379 2666 3453 2724 ab

1926 2748 2074 2806 urbe
2105 2747 2179 2807 35
2217 2748 2537 2807 stadiorum
2563 2749 2929 2808 intervallum
2965 2764 3107 2810 erat.
3133 2757 3453 2813 Mnunsms.

1923 2873 1989 2886 --
2011 2844 2082 2907 47
2125 2834 2427 2917 ἐπιφέρεται
2456 2839 2527 2894 V.
2546 2872 2611 2884 —
2631 2838 2706 2903 48
2735 2835 3144 2919 προσπαρέθηκε
3170 2839 3376 2900 Suidas
3405 2862 3453 2900 s.

1926 2919 2258 3002 Προσέμαξε.
2280 2959 2342 2971 -
2366 2922 2440 2980 50
2466 2920 2598 2981 συνά
2634 2945 2708 2981 ειν
2741 2922 2809 2981 τὰ
2838 2924 3034 3006 ἄλευρα
3071 2926 3297 2987 Suidas.
3334 2932 3452 2986 Do·

1923 3011 2059 3068 inde
2089 3008 2384 3090 προσέθηκε
2425 3014 2495 3067 V.
2514 3047 2578 3058 —
2644 3030 2676 3065 2
2708 3011 2836 3091 παρ’
2883 3014 3056 3079 αὐτοῖς
3085 3022 3195 3081 τοῖς
3238 3017 3309 3075 Θ.
3329 3053 3393 3065 -
3421 3036 3447 3073 ε

1923 3095 2070 3179 παρὰ
2090 3097 2219 3155 Ald.
2250 3095 2517 3173 σημείων,
2561 3096 2624 3155 id
2650 3110 2771 3170 est,
2805 3105 3048 3176 quiaque
3084 3102 3444 3173 miIlt’an'bas,

1925 3205 2055 3262 quae
2083 3185 2386 3242 continent
2408 3193 2482 3251 40
2509 3184 2708 3242 stadia.
2743 3191 2890 3244 Nam
2914 3188 2975 3245 in
3001 3208 3180 3247 unum
3210 3191 3454 3251 milliare

1923 3280 2244 3331 Romanum
2289 3285 2424 3332 octo
2476 3272 2662 3331 stadia
2707 3275 2883 3353 vulgo
2941 3277 3447 3354 computabantur.

1921 3367 2102 3420 Rus-r.
2127 3362 2297 3420 Conf.
2321 3365 2582 3437 Ducang.
2618 3381 2664 3418 s.
2692 3363 2946 3438 Σημεῖον.
2974 3365 3044 3425 Θ.
3070 3363 3242 3424 habet
3264 3366 3370 3425 ἀπὸ
3392 3366 3450 3429 οἰ

1922 3449 2157 3528 σημείων
2201 3452 2298 3520 τῆς
2335 3446 2554 3515 πόλεως.
2585 3449 2678 3507 καὶ
2721 3451 2911 3531 ἀπεῖχε
2947 3454 3042 3524 τῆς
3069 3451 3272 3522 πόλεως
3315 3477 3446 3515 στα,-

1920 3537 2059 3603 δίους
2078 3534 2158 3596 λέ.
2959 3586 2968 3594 .

2001 3630 2137 3703 816,
2175 3629 2208 3687 3
2237 3628 2299 3686 ἐκ
2327 3628 2589 3708 Πειραιῶς
2617 3626 2802 3696 αὐτοὺς
2828 3628 3072 3704 ἐποίησεν
3095 3632 3168 3693 Θ.

2000 3717 2137 3790 817,
2163 3735 2201 3792 9
2220 3735 2334 3773 0111.
2354 3716 2427 3776 Θ.
2457 3714 2585 3773 Ald.

2000 3805 2136 3882 819,
2184 3811 2251 3871 14
2284 3803 2656 3881 Θεμιστοκλῆν
2684 3805 2754 3864 Θ.
2773 3842 2837 3853 -
2863 3806 2954 3864 16.
2984 3806 3149 3867 Conf.
3181 3807 3448 3869 Schneid-

1918 3895 1992 3954 ad
2012 3893 2303 3972 Theophr.
2334 3892 2450 3950 vol.
2483 3900 2538 3966 4,
2560 3912 2619 3969 p.
2648 3913 2782 3966 277.
2808 3899 2991 3953 Dum.

2000 3984 2139 4055 821,
2162 4000 2237 4038 ao
2266 3978 2563 4060 σκέρὸολλα
2585 3984 2655 4039 V.
2682 3980 2751 4040 Θ.

1996 4070 2108 4143 827
2132 4111 2148 4140 ,
2194 4066 2265 4136 43
2301 4067 2600 4143 legebatur
2647 4064 2950 4143 μύστιλλον.
2991 4072 3325 4129 Coi-rectum
3373 4091 3446 4131 ex

1915 4155 2089 4216 Suida
2108 4176 2151 4212 S.
2174 4156 2525 4213 Μυστιλᾶται.
2548 4191 2611 4202 -
2638 4164 2707 4227 47
2741 4153 3065 4236 ἀρρύσασθαι
3093 4156 3165 4215 Θ.

1997 4247 2131 4319 829,
2154 4251 2225 4315 47
2248 4241 2326 4300 ἔλ.
2363 4240 2417 4299 δὲ
2444 4239 2505 4299 τὸ
2534 4238 2738 4322 αἱρήσω
2765 4241 2871 4301 ἀπὸ
2891 4248 2984 4301 τοῦ
3024 4243 3267 4325 χαιρήσω
3312 4246 3439 4308 Ald.

1912 4332 2223 4409 Sequentia
2259 4351 2374 4389 om.
2400 4332 2614 4399 Θ.-48
2652 4332 2850 4402 κλοπῆς
2877 4332 3343 4414 συγκατηγορήσας
3370 4340 3443 4395 V.

1913 4421 2176 4479 Correxit
2202 4419 2469 4479 Dindors.
2512 4442 2571 4477 σε
2593 4420 2683 4477 vel
2715 4442 2807 4477 σου
2831 4442 2952 4478 κατ.
2993 4421 3290 4481 Edebatur
3317 4445 3442 4502 συγ-

1911 4507 2330 4591 κατηγορήσεως.

1994 4600 2129 4669 830,
2161 4598 2194 4654 5
2228 4595 2443 4677 ῥήματα
2462 4600 2529 4655 V.
2564 4607 2622 4653 et
2650 4595 2850 4654 Suidas
2883 4616 2926 4653 s.
2958 4594 3298 4673 Πλατυγίζει.
3334 4596 3441 4656 δεί-

1909 4708 2090 4765 γματα
2105 4685 2233 4743 Ald.
2257 4683 2419 4743 Conl'.
2446 4682 2518 4741 ad
2545 4684 2722 4741 schol.
2751 4685 2896 4743 Rau.
2918 4684 3129 4760 983.-
3150 4684 3187 4739 6
3213 4683 3327 4743 ἀντὶ
3349 4690 3439 4744 τόῦ

1908 4776 2069 4834 πλατ.
2092 4773 2313 4832 SuidaS.
2335 4810 2399 4822 —
2435 4794 2467 4847 7
2496 4770 2819 4851 προσερείδει
2860 4772 2931 4831 Θ.
2966 4785 3024 4831 et
3063 4772 3288 4832 Suidas.
3318 4778 3436 4833 Le—

1908 4865 2154 4944 gebatur
2188 4860 2593 4944 προσερείδεται.
2614 4898 2675 4910 -
2700 4862 2735 4918 8
2776 4863 2844 4941 τῇ
2894 4860 3092 4944 εἰρεσίᾳ
3133 4882 3246 4920 0111.
3273 4864 3344 4924 Θ.
3372 4899 3436 4912 .-

279 4951 477 5013 πλατιῖ
502 4952 725 5014 SuidaS.
746 4988 813 5013 -,
829 4953 865 5009 6
888 4955 956 5031 τῇ
982 4954 1127 5031 πυγῇ
1154 4970 1268 5009 0111.
1296 4951 1366 5010 Θ.
1388 4987 1449 4998 -
1471 4971 1501 5022 7
1526 4949 1820 5031 ἐχρήσαντο
1918 4975 1987 5011 to
2014 4951 2345 5029 πλατυγίζειν
2367 4952 2437 5010 Θ.

278 5046 357 5102 V.
376 5077 441 5095 --
463 5042 498 5101 8
523 5041 772 5125 εὐκαίρως
796 5047 1096 5102 Kusterus.
1123 5040 1449 5119 Legebatur
1477 5041 1728 5121 εὖχαρῶς.

1990 5042 2126 5114 834,
2162 5036 2339 5095 ι2’διὰ
2365 5036 2426 5095 τὸ
2454 5036 2594 5117 δῶρα
2631 5034 2828 5098 διδόναι
2856 5038 3154 5100 ἀναπείθειν
3185 5039 3255 5101 Θ.
3277 5075 3339 5088 -
3365 5041 3432 5099 13
