3859 5725
405 254 519 309 344

405 377 745 462 [ἐμφαίνεται
773 380 1037 453 ἐντεῦθεν,
1069 381 1140 446 ὥς
1162 382 1211 438 οῖ
1239 378 1478 460 ἐξαίφνης
1504 378 1597 439 καὶ
1622 380 1748 461 παρ’
1778 379 1966 440 ἐλπίδα

404 468 786 548 εὖτυχήσαντες
827 466 994 550 ἕτεροι
1032 471 1139 535 τοῖς
1181 466 1389 548 τρόποις
1426 467 1687 546 γίνονται,
1716 467 1808 528 καὶ
1840 467 1970 549 πρὸς
2009 531 2018 578 Ι

1530 244 1914 308 sofloLlA
1963 247 2055 310 IN
2101 249 2492 313 PLUTUM.

2053 384 2262 451 τούτους
2301 376 2391 445 οὖν
2431 385 2549 454 τοὺς
2590 388 2974 460 ἐκκλησιαστὸις
3018 388 3270 463 ἐποίησαν
3315 391 3520 474 φανερόν
3548 418 3591 454 τι

2054 470 2348 548 λαμὸάνειν
2369 472 2476 532 ἀπὸ
2499 476 2605 541 τῶν
2632 480 2726 547 τῇς
2756 476 2958 545 πόλεως
2980 478 3254 557 προσόδων
3276 483 3325 539 οἱ
3361 481 3591 562 δημαγω-

404 555 691 639 ὖπεροψίαν
718 562 967 639 χωροῦσι·
990 555 1200 638 καὶγὰρ
1227 558 1322 616 οὐκ
1349 555 1461 616 ἔστι
1481 554 1542 615 τὸ
1559 554 1763 635 χαίρειν
1787 555 1968 616 κακόν·
2056 558 2139 638 γοὶ
2166 559 2438 629 πείσαντες
2464 561 2560 634 τὴν
2586 565 2757 623 πόλιν·
2782 564 2995 647 ὕστερον
3019 566 3074 627 δὲ
3095 572 3124 626 6
3152 566 3337 628 Κλέων
3374 569 3593 641 ἐποίησεν

405 645 543 705 ἀλλὰ
568 644 699 705 διότι
723 645 883 718 πένης
909 644 980 705 ὢν
1014 644 1198 726 πρώην
1234 644 1364 725 πρὸς
1387 642 1504 712 τοὺς
1542 644 1779 716 συνήθεις
1814 651 1969 704 τοῦτο

351 744 379 782 ¹²
406 737 625 816 ἐχρῆτο,
655 730 741 793 διὰ
763 741 914 793 τοῦτο
943 732 1187 811 ἀτιμάζει
1211 733 1364 807 αὐτὸ,
1393 733 1556 792 θέλων
1580 730 1714 810 μετὰ
1732 738 1823 792 τοῦ
1854 732 1969 812 βίου

402 820 592 880 καὶτὰ
615 819 971 902 προσρήματα
1006 821 1342 899 μεταὸαλεῖν.
1387 819 1619 880 σύναπτε
1663 819 1717 880 δὲ
1757 820 1819 879 τὸ
1860 819 1971 880 ἔστι

401 908 531 990 πρὸς
551 909 614 968 τὸ
637 910 878 990 ἀρχαῖον.
904 912 1042 959 ιῐῦὓῐ·
1068 899 1115 969 ῶ
1141 909 1307 990 ’νδρες
1328 907 1555 988 δημόται
1578 930 1593 970 :
1619 901 1695 971 Ὦ
1715 907 1898 990 ἄνδρες
1922 910 1972 969 οἰ

403 995 511 1056 ἀπὸ
526 1002 622 1057 τοῦ
645 999 802 1057 αὐτοῦ
820 995 1013 1074 δήμου.
1045 996 1141 1078 Ρ]

481 1103 579 1144 333.
624 1085 863 1165 (ἀρχαῖον
892 1083 947 1142 δὲ
976 1084 1090 1144 ἀντὶ
1130 1089 1222 1144 τοῦ
1244 1083 1512 1160 παλαιόν.)
1539 1084 1597 1142 ἐκ
1627 1082 1972 1164 παραλλήλου

326 1185 377 1225 10
402 1171 465 1233 τὸ
478 1176 698 1254 ἀρχαῖον
714 1174 807 1233 καὶ
816 1171 1037 1256 σαπρόν.
1057 1172 1350 1252 (διαὸάλλει
1358 1170 1455 1245 τὴν
1462 1170 1599 1240 λέξιν
1612 1174 1682 1239 ὥς
1695 1171 1971 1252 παλαιάν.)

402 1264 462 1312 R·
478 1265 540 1313 V·
566 1265 786 1343 ἀρχαῖον
818 1281 834 1322 :
862 1262 944 1322 Τὸ
971 1261 1083 1320 ἔστι
1110 1260 1252 1341 λέγει
1276 1265 1515 1322 ἐνταῦθα.
1536 1271 1638 1322 Dv.
1675 1262 1899 1319 ἐνταῦθα
1920 1259 1973 1319 τί

404 1352 516 1410 ἔστι
542 1348 680 1428 λέγε.
709 1353 782 1411 Θ.
823 1352 1045 1408 ἐνταῦθα
1067 1347 1131 1407 τὸ
1170 1348 1282 1408 ἐστὶ
1315 1349 1457 1429 λέγει
1483 1350 1574 1412 καὶ
1608 1355 1875 1428 χαιρετᾶν-
1911 1364 1969 1411 Ρ·

402 1437 604 1519 σαπρόν
627 1456 642 1498 :
668 1434 1072 1514 Σεσηπωμένον.
1091 1449 1155 1518 g.
1179 1435 1429 1513 ἐξίτηλον,
1450 1439 1701 1523 ληρῶδες.
1719 1451 1784 1497 V·

481 1547 578 1587 323.
621 1525 928 1603 ἀσπάζομαι
952 1545 968 1586 t
989 1523 1345 1606 (Ἀσπάζομαί
1363 1551 1518 1610 φησιν
1536 1528 1629 1587 ἅτε
1649 1527 1968 1609 καινότερον.

324 1623 374 1663 ¹⁶
403 1614 552 1698 παρὰ
576 1614 674 1688 τὴν
719 1613 962 1674 ὑπόνοιαν
992 1612 1066 1671 δέ·
1095 1614 1256 1673 εἰπὼν
1299 1615 1404 1698 γὰρ
1451 1615 1526 1695 μὴ
1571 1619 1705 1696 ἐρεῖν
1740 1616 1969 1697 χαίρειν,

403 1702 713 1782 ἀσπάζομαί
731 1706 927 1785 φησιν.)
953 1736 1033 1748 -
1061 1702 1368 1784 ἀσπάζομαι
1398 1724 1413 1765 :
1443 1708 1735 1788 Καταφιλῶ
1754 1704 1847 1765 καὶ
1873 1727 1972 1764 πε-

403 1792 735 1875 ριπλέκομαι.
760 1805 822 1853 Θ.
849 1808 945 1854 Dv.
972 1806 1033 1852 P.

479 1902 580 1943 325.
624 1880 715 1942 καὶ
734 1881 1159 1961 συντεταγμένως
1180 1901 1194 1942 :
1216 1879 1700 1958 (Καθωπλισμένως
1720 1880 1855 1960 μετὰ
1881 1880 1971 1940 τά·

403 1970 527 2041 ξεως
549 1970 640 2030 καὶ
661 1969 957 2038 σπουδαίως
975 1971 1095 2048 καὶ)
1113 1972 1314 2051 γοργῶς
1331 1967 1422 2029 καὶ
1441 1966 1576 2047 μετὰ
1592 1968 1969 2051 συγκροτήμα-

318 2073 374 2112 νο
400 2056 485 2124 τός
505 2080 659 2125 τινος.
688 2056 1187 2136 κατεὸλακευμένως
1211 2058 1268 2115 δὲ
1307 2055 1423 2116 ἀντὶ
1465 2062 1555 2116 τοῦ
1600 2056 1833 2137 βραδέως
1860 2057 1968 2135 (καὶ

397 2146 696 2227 τρυφερῶς)·
712 2144 844 2225 βλὰξ
852 2144 953 2227 γάρ
965 2149 1104 2205 ἐστιν
1118 2149 1147 2203 6
1164 2143 1617 2223 μαλθακευόμενος
1636 2149 1687 2204 ἐν
1698 2144 1969 2228 ὑποκρίσει

396 2235 460 2293 τὸ
481 2239 655 2311 σῶμα·
674 2233 767 2293 καὶ
788 2232 1008 2313 βλακεία
1031 2239 1065 2304 ἡ
1087 2233 1199 2311 μεθ’
1223 2232 1509 2314 ὑπεροψίας
1528 2231 1729 2310 ὁμιλία.
1748 2267 1827 2279 —-
1845 2257 1970 2293 συν-

396 2318 767 2400 τεταγμένωςε
800 2320 1129 2387 Σπουδαίως.
1151 2324 1250 2381 Dv.
1287 2318 1425 2397 μετὰ
1448 2319 1663 2388 τάξεως.
1697 2332 1748 2381 0.
1782 2343 1969 2381 συντε-

398 2409 666 2488 ταμένωςε
684 2407 841 2468 Μετὰ
849 2407 1060 2479 τάξεως.
1073 2420 1134 2467 Ρ.
1156 2407 1469 2480 σπουδαίως,
1486 2412 1705 2488 γοργῶς.
1723 2412 1796 2471 Θ.
1811 2432 1968 2472 σπου·

320 2517 373 2557 25
402 2498 578 2565 δαίως.
603 2510 667 2558 D.
691 2495 1265 2573 καταὸεὸλακευμένως
1290 2516 1306 2557 :
1338 2495 1618 2574 Ῥαθύμως
1644 2500 1715 2564 ὥς
1753 2501 1801 2558 οἱ
1834 2521 1966 2580 τρυ-

400 2591 596 2670 φῶντες
608 2598 670 2646 Θ.
693 2600 791 2650 Dv,
811 2583 1070 2666 ῥαθύμως.
1090 2595 1153 2642 D.
1176 2582 1676 2662 κατεόλακευμένως
1694 2606 1708 2646 :
1729 2586 1966 2646 Βλακεία

399 2681 434 2747 ἠ
457 2673 563 2735 ἀπὸ
579 2678 674 2747 τῇς
690 2678 886 2756 τρυφῆς
912 2673 1115 2752 ἄνεσις,
1137 2671 1175 2745 ἢ
1199 2671 1461 2756 ῥαθύμως.
1488 2675 1550 2723 Ρ·
1586 2673 1702 2732 ἀντὶ
1721 2679 1811 2733 τοῦ
1835 2678 1968 2757 βρα-

401 2762 527 2831 δέως
544 2762 635 2822 καὶ
664 2765 944 2844 τρυφερῶς.
977 2776 1031 2825 C.
1059 2763 1118 2820 οὗ
1142 2785 1194 2822 κ.
1227 2779 1245 2821 :
1269 2759 1406 2821 Ἀντὶ
1426 2764 1517 2819 τοῦ
1539 2761 1598 2819 οὗ
1625 2758 1883 2842 ῥαθύμως.
1902 2780 1965 2828 v.

477 2872 575 2913 326.
619 2849 758 2919 ὅπως
789 2872 805 2911 :
835 2849 1028 2931 Ὁρᾶτε
1054 2849 1145 2910 καὶ
1169 2855 1433 2910 σκοπεῖτε.
1465 2849 1912 2932 συμπαραστάται
1946 2872 1962 2914 :

317 2967 372 3009 80
398 2940 725 3021 Σύμμαχοι,
757 2936 953 3020 βοηθοί.
987 2958 1050 3005 Ρ.

475 3049 573 3090 337.
617 3027 705 3088 διὰ
721 3026 818 3101 τὴν
839 3026 1203 3108 τύφλωσινηι.
1222 3023 1398 3084 ἔσεσθε
1422 3043 1437 3085 :
1462 3024 1773 3097 Γενήσεσθε.
1858 3050 1968 3087 σω·-

394 3122 550 3200 τῇρες
578 3137 594 3178 z
628 3116 893 3182 Φύλακες.
915 3120 1011 3174 τοῦ
1038 3119 1154 3173 θεοῦ
1190 3135 1205 3176 :
1238 3117 1350 3174 Τοῦ
1388 3113 1651 3176 Πλούτου.
1681 3117 1754 3176 Θ.
1776 3127 1841 3177 Ρ.
1873 3120 1964 3175 τοῦ

397 3204 661 3267 Πλούτου.
690 3203 891 3274 παίζων
938 3201 993 3262 δὲ
1027 3201 1188 3282 λέγει·
1225 3200 1350 3261 ὅταν
1381 3200 1485 3283 γὰρ
1522 3201 1679 3283 θέλῃ,
1721 3203 1965 3281 ὀνομάζει

396 3293 552 3353 αὐτὸν
588 3292 722 3365 θεὸν,
763 3291 887 3352 ὅταν
922 3289 1103 3365 πάλιν,
1136 3289 1431 3370 ἄνθρωπον.
1463 3301 1525 3350 V.
1572 3290 1730 3359 ὄντως
1773 3310 1787 3352 :
1827 3293 1963 3353 Κατ’

315 3403 370 3445 33
398 3382 665 3455 ἀλήθειαν.
701 3387 757 3441 C.

475 3489 573 3529 ³28.
616 3466 777 3536 δόξεις
824 3467 878 3546 μ’
900 3464 1032 3547 Ἄρη
1060 3486 1074 3526 :
1106 3464 1201 3533 Ὡς
1229 3463 1386 3524 αὗτὸν
1412 3463 1502 3524 τὸν
1540 3463 1700 3546 Ἄρεα
1737 3464 1826 3524 τὸν
1846 3465 1964 3524 θεὸν

396 3556 522 3626 ἔξεις
550 3579 616 3634 με
651 3554 954 3635 σύμμαχον.
987 3552 1145 3622 δόξεις
1177 3576 1275 3631 με,
1320 3551 1475 3635 φησὶ,
1508 3551 1595 3611 τὸν
1624 3551 1782 3634 Ἄρεα
1818 3557 1963 3635 δρᾶν,

397 3643 513 3704 ἀντὶ
558 3649 652 3703 τοῦ
701 3640 1084 3724 κατορθωτικὺν
1129 3640 1220 3699 καὶ
1271 3638 1578 3720 πρακτικόν.
1636 3640 1829 3722 (ἄκρως
1871 3640 1966 3700 καὶ

395 3735 775 3806 ἄπειλητικῶς,
800 3730 926 3811 φησὶ
942 3775 957 3803 ,
995 3728 1172 3811 βλέψω
1191 3728 1321 3811 πρὸς
1346 3726 1464 3793 τοὺς
1496 3727 1867 3809 βιαζομένους.)
1885 3764 1965 3775 --

314 3854 370 3894 40
393 3819 610 3888 Ἄλλως.
631 3817 893 3899 παροιμία
913 3816 1001 3875 ἐπὶ
1022 3820 1124 3875 τῶν
1154 3816 1582 3896 ὑπισχνουμένων
1610 3817 1768 3876 παντὶ
1798 3821 1964 3881 σθένει

395 3906 752 3990 συμπράττειν
787 3905 879 3965 καὶ
906 3903 1237 3986 συναίρεσθαι
1274 3906 1345 3971 εἰς
1374 3903 1632 3983 βοήθειαν.
1667 3916 1802 3965 Junt.
1831 3908 1964 3990 θάρ-

396 4020 474 4078 ρει
514 3992 688 4075 ιἜχε
728 3993 932 4074 θάρρος.
971 3992 1210 4073 ἄντικρυς
1255 3994 1566 4074 εΦανερῶς.
1599 3993 1756 4063 δόξεις
1790 4016 1804 4056 :
1850 3999 1963 4057 No-

395 4084 566 4163 μίσεις
581 4128 597 4156 ,
613 4088 754 4161 ἡμᾶς
774 4080 862 4140 τὸν
885 4080 1042 4162 χορὸν
1059 4082 1176 4153 ὂηλ.
1196 4081 1251 4159 μ’
1275 4081 1436 4162 Ἄρην
1461 4102 1475 4141 :
1500 4081 1961 4160 Πολεμικώτατον.

306 4218 310 4223 -
392 4175 456 4231 P.
482 4173 714 4252 ἀνδρεῖον
737 4169 841 4242 ἤδη
869 4167 962 4228 καὶ
991 4167 1402 4228 σπουδαιότατον
1429 4168 1520 4227 καὶ
1548 4178 1654 4227 πᾶν
1683 4169 1815 4252 ὑπὲρ
1843 4171 1961 4231 τού·

310 4300 365 4341 ⁴5
393 4283 516 4333 του,
536 4262 581 4318 εἷ
611 4258 717 4318 δέοι
733 4303 749 4331 ,
772 4260 956 4315 παθεῖν
982 4256 1211 4334 ἕτοιμον.
1238 4261 1294 4317 Ρ.
1713 4280 1724 4295 ·

472 4366 568 4407 329.
611 4346 686 4429 [εἰ
707 4344 996 4427 τριωὸόλου
1023 4365 1037 4404 :
1064 4342 1195 4404 ‘'O-rt
1225 4347 1324 4423 οὔχ
1344 4341 1528 4403 ἵστατο
1549 4349 1642 4403 τοῦ
1662 4345 1964 4407 δικαστικοῦ

391 4440 420 4495 6
444 4433 625 4514 μισθὸς
643 4481 660 4508 ,
690 4432 830 4493 ἀλλὰ
852 4432 991 4492 κατὰ
1015 4432 1196 4514 καιρὸν
1230 4431 1569 4511 μετέὸαλλον.
1603 4438 1757 4492 τοῦτο
1785 4432 1840 4493 δὲ
1874 4433 1962 4493 λε’-

390 4547 499 4602 γει,
527 4520 598 4591 ὥς
625 4511 777 4582 τινων
806 4526 866 4581 ἐκ
887 4519 1082 4580 τούτων
1113 4523 1372 4581 δικαστῶν
1397 4518 1611 4601 ὄντων]
1642 4555 1720 4566 -
1748 4521 1911 4582 δεινὸν
1945 4542 1960 4584 :

391 4609 660 4674 Χαλεπόν.
684 4608 971 4692 τριωὸόλου
1003 4630 1017 4670 :
1045 4606 1250 4670 Ἕνεκα
1275 4612 1433 4691 τριῶν
1461 4608 1679 4670 ὀὸολῶν.
1710 4617 1776 4671 Ρ.

312 4741 365 4779 50
470 4718 566 4759 330.
610 4697 975 4776 [ὠστιζόμεσθ’
1014 4717 1029 4757 :
1062 4696 1199 4756 Ἀντὶ
1235 4702 1326 4755 τοῦ
1361 4694 1653 4773 ὠθούμεθα.
1691 4697 1782 4756 καὶ
1818 4697 1964 4759 Ῥω-

392 4786 541 4863 μαῖοι
562 4784 728 4846 ὤστια
755 4782 850 4851 τὰς
871 4783 1028 4866 θύρας
1055 4784 1184 4866 φασὶ
1210 4783 1359 4865 παρὰ
1383 4784 1443 4842 τὸ
1467 4782 1671 4853 ἐξωθεῖν
1692 4785 1780 4843 τὸν
1808 4788 1964 4868 ἐπερ-

389 4873 634 4955 χόμενον,
667 4876 721 4931 ἐν
747 4878 813 4955 τῇ
843 4872 1098 4955 ἐκκλησίᾳ
1115 4872 1173 4931 δὲ
1199 4871 1364 4940 οὐδεὶς
1387 4872 1638 4945 ἐδίκαζεν,
1662 4875 1707 4932 εἰ
1735 4873 1810 4952 μὴ
1840 4874 1963 4934 ἐπέ-

393 4962 540 5025 δαινε
576 4966 680 5022 τῶν
710 4962 751 5031 ξ’
795 4965 1063 5020 ἐνιαυτῶν·
1100 4959 1214 5020 ὅσοι
1241 4960 1298 5020 δὲ
1325 4960 1527 5028 τελείας
1564 4960 1770 5032 ἡλικίας
1803 4955 1962 5036 ἦσαν,

392 5050 700 5132 εἰσήρχοντο
739 5048 834 5127 μὲν
873 5052 946 5117 εἰς
988 5048 1083 5122 τὴν
1123 5048 1429 5124 ἐκκλησίαν,
1472 5050 1567 5109 οὐκ
1606 5050 1841 5120 ἐδίκαζον
1883 5051 1959 5114 δέ.

2059 646 2190 704 αὐτὸ
2211 648 2515 730 τριώὸολον.
2546 651 2737 732 ἀφῆλιξ
2761 653 2816 711 δὲ
2850 656 2921 722 εἰς
2948 653 3044 725 τὴν
3071 655 3353 727 ἐκκλησίαν
3374 659 3467 716 οὐκ
3497 660 3594 718 εἰσ-

2059 733 2297 816 ήρχετο.]
2358 767 2428 776 -
2485 739 2822 817 ὠστιζόμεσθ’
2866 762 2881 802 :
2952 741 3316 821 Εἰσερχόμεθα
3363 745 3596 816 ἀλλήλαις
3615 749 3635 787 ⁸

2059 823 2310 892 ὠθοῦντες
2339 825 2584 887 πάντοτε.
2611 830 2686 889 Θ.
2719 841 2818 889 Dv.
2844 841 2909 891 P.
2941 829 3019 889 ὅτι
3056 834 3104 889 οἱ
3140 830 3403 910 Ῥωμαῖοι
3428 835 3599 901 ὠστίας

2057 909 2153 978 τὰς
2175 910 2334 993 θύρας
2356 914 2485 987 φασὶ
2503 915 2593 974 καὶ
2618 915 2707 975 τὸν
2730 917 2960 999 θυρωρὸν
2977 918 3275 1002 ὧστιάριον.
3309 920 3416 980 ἀπὸ
3440 922 3600 982 τούτου

2059 989 2148 1057 οιῖν
2176 1000 2380 1070 ὠστίζω
2407 1002 2468 1061 τὸ
2489 1002 2793 1085 εἰσέρχομαι
2815 1005 3031 1083 γίνεται.
3063 1006 3203 1066 ἔστιν
3224 1005 3281 1066 δὲ
3305 1008 3533 1077 ὧστίζειν
3551 1010 3601 1069 τὸ

2060 1086 2388 1168 εἷσέρχεσθαι
2409 1089 2552 1158 τινας
2574 1092 2835 1165 ἀλλήλους
2851 1095 3110 1162 ὠθοῦντας
3134 1094 3224 1153 ἐπὶ
3251 1099 3344 1167 τῆς
3367 1095 3532 1178 θύρας.
3553 1112 3601 1159 Ρ.

2060 1176 2316 1259 ἐκκλησίᾳ
2348 1199 2363 1239 :
2395 1181 2479 1258 Τῇ
2503 1186 2802 1260 συναγωγῇ.
2834 1193 2895 1240 Ρ.
3626 1180 3639 1217 ¹

2139 1282 2238 1325 3³1.
2279 1265 2504 1346 παρείην
2533 1288 2548 1327 :
2582 1268 3008 1349 Καταλείψαιμι,
3031 1268 3485 1351 παραχωρήσαιμί
3501 1294 3602 1330 τινι.
3727 1281 3728 1340 J

2059 1354 2131 1413 Θ.
2155 1363 2223 1411 Ρ.
2253 1353 2370 1413 καθ’
2400 1355 2585 1414 ἑαυτὸν
2612 1359 2641 1414 6
2663 1356 2999 1437 Βλεψίδημος
3026 1356 3326 1416 σκέπτεται.
3350 1375 3416 1421 v.

2139 1457 2238 1499 ³82.
2286 1441 2619 1522 Βλεψίδημον
2664 1464 2679 1504 :
2722 1443 3053 1525 Βλεψίδημος
3089 1450 3118 1503 6
3146 1443 3277 1525 πρὸς
3319 1444 3408 1504 τὸν
3435 1448 3605 1524 δῆμον
3727 1499 3728 1512 ,

2063 1525 2287 1607 βλέπων,
2317 1531 2421 1588 κάκ
2447 1528 2632 1589 τούτου
2679 1529 2748 1589 τὰ
2776 1532 2903 1612 πρὸς
2939 1532 3074 1604 ζωὴν
3100 1533 3453 1613 ποριζόμενος.
3484 1539 3607 1606 ὑπη-

2061 1613 2211 1695 ρέτης
2231 1613 2335 1697 γὰρ
2373 1610 2441 1690 ἦν
2467 1621 2572 1676 τῶν
2598 1616 2668 1677 τὰ
2689 1618 2920 1696 δημόσια
2960 1619 3320 1701 ἐνεργούντων.
3343 1630 3504 1691 suun,
3524 1634 3605 1680 Dr.
3630 1622 3665 1660 ¹⁵

2138 1720 2237 1764 333.
2279 1704 2564 1783 προσιόντα
2597 1726 2612 1766 z
2644 1706 3096 1788 Προσερχόμενον.
3152 1712 3215 1768 Ρ.

2135 1808 2235 1851 334.
2282 1790 2488 1871 βαδίσει
2515 1812 2531 1851 :
2564 1793 2946 1874 Περιπατήσει.
2973 1795 3162 1875 τάχειε
3193 1796 3482 1876 Συντομίᾳ.
3509 1800 3566 1847 Ρ·

2136 1897 2232 1938 333.
2276 1878 2429 1939 πόθεν
2464 1900 2479 1941 :
2504 1879 2631 1940 Ἀπὸ
2658 1880 2812 1947 ποίας
2836 1880 3024 1950 αἰτίας.
3053 1882 3236 1964 τρόπῳ
3266 1903 3280 1943 2
3314 1887 3530 1966 Σκοπῶ.
3555 1907 3609 1954 Ρ,

2136 1983 2234 2026 333.
2278 1964 2523 2039 ἐξαπίνης
2547 1986 2562 2028 :
2588 1968 2699 2029 Καὶ
2723 1966 2960 2037 ἐξάπινα.
2988 1969 3184 2046 γίνεται
3218 1971 3365 2054 παρὰ
3400 1973 3464 2032 τὸ
3485 1977 3610 2055 ἁφα-

3409 2061 3492 2122 Οὐ
3536 2063 3673 2126 ττι-,Ὦ

3642 1181 3663 1220 0

2056 2051 2176 2127 νὴς,
2205 2052 2393 2132 ἅφινα,
2439 2055 2530 2116 καὶ
2576 2055 2757 2117 ἄπινα.
2784 2067 2923 2115 sunt.
2961 2059 3021 2117 οὗ
3060 2057 3307 2136 πείθομαι
3342 2079 3358 2119 :

2057 2140 2245 2202 στεύω.
2272 2145 2335 2192 Ρ·
3727 2175 3728 2214 3

2134 2249 2233 2291 337.
2276 2229 2428 2309 λόγος
2448 2250 2463 2292 :
2486 2231 2681 2312 Φήμη.
2702 2232 3010 2316 Ἡρακλέατ
3033 2233 3134 2301 ‘sse
3147 2233 3501 2315 ἀποτρόπαιον
3518 2239 3611 2295 τῶν

2056 2320 2254 2378 κακῶν.
2280 2319 2354 2378 Θ.
2379 2333 2444 2381 Ρ.
3727 2331 3728 2400 ξ

2134 2424 2232 2464 333.
2272 2404 2362 2464 ἐπὶ
2378 2414 2514 2466 τοῖσι
2527 2407 2843 2489 κουρείοισιε
2869 2408 3162 2471 Διαὸάλλει
3184 2407 3303 2477 τοὺς
3327 2409 3613 2482 Ἀθηναίους
3727 2409 3728 2432 ³

2055 2493 2127 2558 ὡς
2153 2492 2555 2574 διημερεύοντας
2581 2493 2670 2553 ἐπὶ
2697 2499 2800 2555 τῶν
2830 2494 3079 2578 κουρείων
3105 2497 3277 2576 ἀργῶς
3305 2497 3419 2574 (καὶ
3441 2499 3497 2555 ἐν
3519 2500 3615 2565 τοῖς
3633 2504 3675 2545 ²5

2057 2578 2299 2660 ἰατρείοις
2337 2579 2677 2659 ποιουμένους
2711 2580 2805 2651 τὰς
2849 2582 3166 2662 συντυχίας).
3207 2615 3280 2627 -
3321 2594 3534 2665 κουρεῖα
3565 2585 3614 2643 δὲ

2053 2657 2190 2739 ἦσαν
2219 2667 2568 2748 ἐργαστήρια,
2609 2672 2662 2729 ἐν
2699 2659 2773 2737 οἷς
2809 2673 2856 2729 οἱ
2893 2668 3196 2749 βουλόμενοι
3225 2669 3442 2752 [κείρειν
3466 2679 3614 2744 sunt]
3727 2711 3728 2744 3

2052 2753 2145 2822 τὰς
2156 2755 2342 2837 τρίχας
2352 2760 2446 2829 τῆς
2460 2757 2789 2838 κεφαλῇςκαὶ
2803 2765 2893 2818 τοῦ
2911 2756 3160 2836 πώγωνος
3188 2758 3612 2836 [ἀπιόντεςιυῃι]
3727 2781 3728 2838 ξ

2053 2842 2339 2925 ἐκείροντο,
2360 2843 2517 2904 ὁπότε
2546 2844 2755 2906 ἐκὸαἴεν
2781 2852 2871 2908 τοῦ
2898 2846 3109 2930 μέτρου.
3129 2856 3292 2926 sunt,
3316 2864 3379 2912 Ρ.
3415 2855 3615 2930 κουρεῖα
3727 2855 3728 2927 Ῑ

2052 2929 2120 2990 τὰ
2135 2936 2316 3000 κοινῶς
2335 2938 2733 3015 μπαρμπερεῖα.
2757 2938 2821 2996 Ρ.
2847 2936 3071 3019 κουρίοις
3096 2958 3110 2998 :
3133 2939 3301 3009 Νέοις.
3325 2963 3426 3009 m.
3628 2941 3670 2980 ω

2132 3040 2230 3081 333.
2273 3018 2355 3079 ὅτι
2390 3020 2630 3104 ἐξαίφνης
2656 3027 2685 3082 6
2708 3021 2839 3106 ἀνὴρ
2870 3026 3091 3104 ἐγένετο,
3119 3032 3185 3090 Ρ,
3335 3067 3376 3085 μ
3727 3058 3728 3121 γ

2134 3128 2229 3170 343.
2271 3112 2577 3188 ’θαυμαστὸν
2604 3131 2619 3171 :
2643 3111 3055 3187 Ἐκπληκτικόν.
3081 3123 3146 3181 Ρ.
3169 3112 3315 3189 ἄξιον
3335 3107 3612 3200 θαύματος.
3727 3156 3728 3191 1

2055 3207 2275 3258 Dorum.

2133 3306 2231 3347 34ῐ.
2273 3285 2467 3364 ἀγαθόν
2493 3311 2545 3346 τι
2567 3290 2732 3347 ποιῶν
2843 3295 3240 3368 μετακαλεῖται.
3267 3302 3332 3356 Ρ.

2132 3394 2230 3435 343.
2274 3374 2459 3434 οὔκουν
2500 3374 2782 3456 ἐπιχώριόν
2829 3401 2882 3437 τι
2932 3400 2948 3439 :
2988 3381 3257 3458 (Σκώπτει
3296 3382 3464 3444 πάλιν
3507 3382 3671 3450 τοῖιςὸ
3727 3386 3728 3455 ξ

2054 3461 2350 3534 Ἀθηναίους
2395 3465 2467 3530 ὡς
2515 3463 2860 3544 ἐπιφθόνους.)
2890 3469 2985 3527 οὐκ
3012 3471 3310 3543 ἀκολουθεῖ,
3354 3472 3515 3553 φησὶ,
3556 3474 3615 3549 τῇ
3727 3458 3728 3545 )

2053 3550 2336 3624 Ἀθηναίων
2364 3552 2617 3630 διαγωγῇ.
2642 3552 2734 3610 καὶ
2758 3555 2996 3634 ἀλλαχοῦ
3024 3563 3169 3628 [Nub.
3203 3566 3324 3631 1173]
3363 3586 3386 3611 α
3417 3559 3510 3619 ἐπὶ
3532 3562 3616 3617 τοῦ
3727 3548 3728 3627 Ῑ

2051 3637 2334 3719 προσώπου
2348 3638 2450 3719 γάρ
2474 3641 2615 3698 ἐστιν
2649 3640 2877 3699 Ἀττικὸν
2907 3643 3117 3721 βλέπος.
3155 3675 3178 3698 υ
3201 3676 3270 3686 -
3297 3646 3614 3729 ἐπιχώριονε
3727 3642 3728 3715 J

2054 3724 2347 3798 Ἐντόπιον,
2374 3725 2605 3797 σύνηθες.
2636 3741 2731 3789 Βυ.
2765 3728 2979 3802 σύνηθες
3006 3737 3071 3811 τῇ
3088 3734 3260 3815 χώρᾳ.
3286 3737 3359 3795 Θ.
3381 3736 3616 3813 οὐδαμῶς
3727 3752 3728 3805 ᾗ

2053 3812 2266 3886 σύνηθες
2287 3818 2353 3893 τῇ
2377 3813 2529 3895 χώρᾳ
2551 3838 2602 3873 τι
2625 3825 2848 3897 πρᾶγμα
2870 3827 3029 3880 ποιεῖ.
3061 3841 3125 3888 Ρ.
3150 3822 3427 3883 διαθάλλει
3445 3826 3614 3882 ἐντεῦ-
3635 3828 3676 3867 ⁴⁰

2052 3907 2136 3961 θεν
2162 3900 2457 3973 Ἀθηναίους
2482 3905 2551 3970 ὡς
2573 3904 2845 3986 φθονεροὺς
2862 3906 2955 3966 καὶ
2980 3909 3387 3989 κακογνώμονας
3419 3911 3516 3972 καὶ
3544 3908 3612 3990 μὴ

2053 3987 2425 4066 μεταδιδόντας
2451 3993 2558 4056 τοῖς
2585 3990 2751 4073 φίλοις
2775 4001 3010 4075 χρηστοῦ
3031 4018 3186 4063 τινος.
3212 4007 3272 4058 P.
3727 3986 3728 3993 ί

2130 4095 2251 4138 343..
2278 4076 2394 4135 ἀλλ’
2418 4076 2566 4136 οὐδέν
2595 4100 2656 4136 σε
2678 4080 2983 4163 ἐγκαλύψας
3004 4081 3157 4151 λέξω.
3188 4087 3254 4145 Ρ.
3583 4136 3612 4168 α

2131 4183 2227 4223 344.
2254 4161 2466 4240 ἄμεινον
2491 4183 2505 4222 :
2529 4166 2779 4245 Κρεῒττον
2802 4174 3071 4248 ποιοῦμεν.
3098 4176 3195 4232 Do.
3212 4171 3503 4252 κρεῖττονῆ
3522 4172 3617 4253 πρὸ

2047 4255 2302 4330 ποιῶμεν,
2332 4250 2615 4327 διάγωμεν.
2647 4256 2708 4312 Ρ.
3633 4270 3674 4308 ⁴⁸

2127 4359 2223 4399 343.
2266 4335 2362 4410 τὴν
2385 4337 2674 4418 εὐπραγίαν
2702 4363 2800 4401 σοι.
2825 4333 2875 4401 εἶ
2898 4342 2999 4426 γὰρ
3034 4348 3142 4405 τῶν
3170 4345 3333 4427 φίλων
3359 4367 3376 4408 :
3403 4346 3614 4429 Ὑπείρ-

2045 4451 2159 4509 χεις
2179 4426 2283 4509 γὰρ
2311 4423 2417 4484 ἀπὸ
2435 4429 2537 4484 τῶν
2562 4426 2746 4508 φίλων.
2777 4433 2839 4489 Ρ.
2871 4433 2987 4490 ἀντὶ
3014 4439 3106 4493 τοῦ
3131 4434 3400 4516 ὑπάρχεις.
3427 4454 3496 4502 v.

2125 4536 2224 4576 343.
2259 4517 2464 4584 ἀληθῶς
2492 4533 2507 4572 :
2543 4512 3030 4598 Ὁμολογουμένως,
3063 4524 3126 4581 Ρ,

2125 4625 2221 4667 347.
2262 4603 2452 4680 ἔσομαι
2484 4622 2499 4661 :
2529 4603 2847 4684 Γενήσομαι.
2871 4608 3059 4669 αὐτίκα
3092 4609 3350 4690 ζΤαχέως
3362 4610 3527 4670 πάνυ.
3552 4612 3612 4669 Ρ.

2047 4697 2093 4755 εἰ
2118 4694 2194 4774 μή
2219 4717 2272 4752 τι
2294 4688 2437 4752 δεινὰ
2475 4688 2648 4751 πάθω.
2678 4693 2791 4754 θεὸν
2815 4695 2873 4755 δὲ
2898 4696 2934 4770 ἢ
2973 4697 3062 4757 τὸν
3096 4700 3334 4758 Πλοῦτον
3374 4698 3411 4771 ἢ
3458 4700 3613 4759 ἄλλον
3636 4704 3678 4744 ²⁸

2045 4783 2183 4846 τινά.
2213 4787 2278 4843 V.

2124 4893 2225 4933 343.
2270 4870 2347 4931 ἔνι
2376 4889 2391 4931 t
2416 4867 2651 4931 Ἔνεστι.
2682 4870 2950 4942 κίνδυνοςε
2980 4873 3177 4942 Φόὸος.
3204 4894 3268 4942 Ρ.
3292 4874 3381 4933 ἐὰν
3407 4873 3616 4934 ἀποτύ-

2045 4968 2228 5043 χωμεν
2257 4959 2511 5034 δηλονότι.
2537 4971 2596 5019 R.
2617 4972 2679 5020 V.

2127 5070 2222 5112 349.
2266 5050 2377 5128 λέγ’
2394 5049 2587 5118 ἀνύσας
2616 5070 2632 5111 2
2663 5054 2735 5112 oi
2765 5050 3004 5131 λέγοντες
3043 5049 3105 5110 τὸ
3137 5047 3334 5119 ἀνύσας
3361 5050 3486 5118 ἀντὶ
3527 5057 3615 5110 τῶ
