<?xml version="1.0" encoding="UTF-8"?>
<!DOCTYPE html PUBLIC "-//W3C//DTD XHTML 1.0 Transitional//EN"
    "http://www.w3.org/TR/xhtml1/DTD/xhtml1-transitional.dtd">
<html xmlns="http://www.w3.org/1999/xhtml" xml:lang="en" lang="en">
 <head>
  <title>
</title>
<meta http-equiv="Content-Type" content="text/html;charset=utf-8" />
  <meta name='ocr-system' content='tesseract 3.04.00' />
  <meta name='ocr-capabilities' content='ocr_page ocr_carea ocr_par ocr_line ocrx_word'/>
</head>
<body>
  <div class='ocr_page' id='page_1' title='image "./scholiagraecain02dbgoog_0475.png"; bbox 0 0 3859 5725; ppageno 0'>
   <div class='ocr_carea' id='block_1_1' title="bbox 1593 254 1911 318">
    <p class='ocr_par' dir='ltr' id='par_1_1' title="bbox 1593 254 1911 318">
     <span class='ocr_line' id='line_1_1' title="bbox 1593 254 1911 318; baseline -0.019 0"><span class='ocrx_word' id='word_1_1' title='bbox 1593 254 1911 318; x_wconf 85' lang='lat' dir='ltr'><strong>NUBIUM.</strong></span> 
     </span>
    </p>
   </div>
   <div class='ocr_carea' id='block_1_2' title="bbox 190 384 1786 1346">
    <p class='ocr_par' dir='ltr' id='par_1_2' title="bbox 190 384 1786 1346">
     <span class='ocr_line' id='line_1_2' title="bbox 334 384 1781 473; baseline -0.01 -18"><span class='ocrx_word' id='word_1_2' title='bbox 334 406 471 473; x_wconf 85' lang='grc'><strong>449,</strong></span> <span class='ocrx_word' id='word_1_3' title='bbox 510 394 615 454; x_wconf 79' lang='grc'>15-</span> <span class='ocrx_word' id='word_1_4' title='bbox 632 414 704 470; x_wconf 87' lang='lat'>19</span> <span class='ocrx_word' id='word_1_5' title='bbox 738 392 860 450; x_wconf 76' lang='lat' dir='ltr'><strong>Ald.</strong></span> <span class='ocrx_word' id='word_1_6' title='bbox 888 389 1125 470; x_wconf 82' lang='grc' dir='ltr'>μάσθλης</span> <span class='ocrx_word' id='word_1_7' title='bbox 1147 411 1161 446; x_wconf 86' lang='lat'>:</span> <span class='ocrx_word' id='word_1_8' title='bbox 1186 386 1327 454; x_wconf 78' lang='grc' dir='ltr'>ἰδίως</span> <span class='ocrx_word' id='word_1_9' title='bbox 1353 388 1590 446; x_wconf 86' lang='grc' dir='ltr'>καλεῖται</span> <span class='ocrx_word' id='word_1_10' title='bbox 1617 387 1646 443; x_wconf 92' lang='lat'>6</span> <span class='ocrx_word' id='word_1_11' title='bbox 1674 384 1781 441; x_wconf 78' lang='grc' dir='ltr'>ἰτα-</span> 
     </span>
     <span class='ocr_line' id='line_1_3' title="bbox 251 463 1781 564; baseline -0.01 -21"><span class='ocrx_word' id='word_1_12' title='bbox 251 485 378 564; x_wconf 74' lang='grc' dir='ltr'>μὸς,</span> <span class='ocrx_word' id='word_1_13' title='bbox 405 489 433 542; x_wconf 90' lang='lat'>6</span> <span class='ocrx_word' id='word_1_14' title='bbox 467 479 908 562; x_wconf 72' lang='grc' dir='ltr'>κατειργασμένος</span> <span class='ocrx_word' id='word_1_15' title='bbox 945 478 1033 535; x_wconf 75' lang='grc' dir='ltr'>καὶ</span> <span class='ocrx_word' id='word_1_16' title='bbox 1059 475 1286 541; x_wconf 80' lang='grc' dir='ltr'><strong>ἔκλυτος.</strong></span> <span class='ocrx_word' id='word_1_17' title='bbox 1318 473 1555 552; x_wconf 77' lang='grc' dir='ltr'>μάσθλης</span> <span class='ocrx_word' id='word_1_18' title='bbox 1590 463 1712 541; x_wconf 72' lang='grc' dir='ltr'>οὗν,</span> <span class='ocrx_word' id='word_1_19' title='bbox 1753 472 1781 527; x_wconf 89' lang='lat'>6</span> 
     </span>
     <span class='ocr_line' id='line_1_4' title="bbox 250 558 1783 650; baseline -0.011 -19"><span class='ocrx_word' id='word_1_20' title='bbox 250 569 641 650; x_wconf 81' lang='grc' dir='ltr'>πολυγνώμων,</span> <span class='ocrx_word' id='word_1_21' title='bbox 669 567 757 626; x_wconf 77' lang='grc' dir='ltr'>καὶ</span> <span class='ocrx_word' id='word_1_22' title='bbox 794 565 954 645; x_wconf 80' lang='grc' dir='ltr'>μηδὲν</span> <span class='ocrx_word' id='word_1_23' title='bbox 985 562 1222 644; x_wconf 76' lang='grc' dir='ltr'>βέὸαιον,</span> <span class='ocrx_word' id='word_1_24' title='bbox 1253 561 1389 640; x_wconf 79' lang='grc' dir='ltr'>μηδὲ</span> <span class='ocrx_word' id='word_1_25' title='bbox 1428 558 1674 640; x_wconf 80' lang='grc' dir='ltr'>σταθερὸν</span> <span class='ocrx_word' id='word_1_26' title='bbox 1698 579 1783 634; x_wconf 89' lang='grc' dir='ltr'>γι-</span> 
     </span>
     <span class='ocr_line' id='line_1_5' title="bbox 253 643 1781 730; baseline -0.008 -16"><span class='ocrx_word' id='word_1_27' title='bbox 253 657 501 730; x_wconf 83' lang='grc' dir='ltr'>νώσκων,</span> <span class='ocrx_word' id='word_1_28' title='bbox 534 654 651 713; x_wconf 82' lang='grc' dir='ltr'>ἀλλ’</span> <span class='ocrx_word' id='word_1_29' title='bbox 680 653 809 713; x_wconf 80' lang='grc' dir='ltr'>ἄλλο</span> <span class='ocrx_word' id='word_1_30' title='bbox 838 652 934 730; x_wconf 78' lang='grc' dir='ltr'>μὲν</span> <span class='ocrx_word' id='word_1_31' title='bbox 962 654 1122 723; x_wconf 83' lang='grc' dir='ltr'>νοῶν,</span> <span class='ocrx_word' id='word_1_32' title='bbox 1151 648 1280 708; x_wconf 75' lang='grc' dir='ltr'>ἄλλο</span> <span class='ocrx_word' id='word_1_33' title='bbox 1320 647 1375 707; x_wconf 77' lang='grc' dir='ltr'>δὲ</span> <span class='ocrx_word' id='word_1_34' title='bbox 1403 649 1597 720; x_wconf 87' lang='grc' dir='ltr'>ποιῶν,</span> <span class='ocrx_word' id='word_1_35' title='bbox 1628 643 1781 704; x_wconf 75' lang='grc' dir='ltr'>οἱονεὶ</span> 
     </span>
     <span class='ocr_line' id='line_1_6' title="bbox 251 728 1783 826; baseline -0.01 -20"><span class='ocrx_word' id='word_1_36' title='bbox 251 744 373 812; x_wconf 62' lang='grc' dir='ltr'>τοὺς</span> <span class='ocrx_word' id='word_1_37' title='bbox 396 744 619 826; x_wconf 79' lang='grc' dir='ltr'>τρόπους</span> <span class='ocrx_word' id='word_1_38' title='bbox 649 741 875 807; x_wconf 77' lang='grc' dir='ltr'>ἔκλυτος.</span> <span class='ocrx_word' id='word_1_39' title='bbox 912 739 1147 817; x_wconf 78' lang='grc' dir='ltr'>μάσθλης</span> <span class='ocrx_word' id='word_1_40' title='bbox 1182 728 1300 810; x_wconf 63' lang='grc' dir='ltr'>οὖν,</span> <span class='ocrx_word' id='word_1_41' title='bbox 1328 739 1356 795; x_wconf 98' lang='lat'>6</span> <span class='ocrx_word' id='word_1_42' title='bbox 1381 731 1783 814; x_wconf 80' lang='grc' dir='ltr'>μεμαλαγμένος</span> 
     </span>
     <span class='ocr_line' id='line_1_7' title="bbox 252 821 1782 914; baseline -0.009 -23"><span class='ocrx_word' id='word_1_43' title='bbox 252 834 438 914; x_wconf 85' lang='grc' dir='ltr'>λῶρος.</span> <span class='ocrx_word' id='word_1_44' title='bbox 457 868 520 881; x_wconf 89' lang='grc'>--</span> <span class='ocrx_word' id='word_1_45' title='bbox 548 834 614 888; x_wconf 86' lang='lat'>15</span> <span class='ocrx_word' id='word_1_46' title='bbox 642 829 831 909; x_wconf 80' lang='grc' dir='ltr'>κυρίως</span> <span class='ocrx_word' id='word_1_47' title='bbox 856 832 884 887; x_wconf 92' lang='lat'>6</span> <span class='ocrx_word' id='word_1_48' title='bbox 908 834 1055 885; x_wconf 90' lang='grc'>6.-</span> <span class='ocrx_word' id='word_1_49' title='bbox 1074 846 1141 883; x_wconf 79' lang='lat'>21</span> <span class='ocrx_word' id='word_1_50' title='bbox 1175 824 1237 884; x_wconf 80' lang='grc' dir='ltr'>τὸ</span> <span class='ocrx_word' id='word_1_51' title='bbox 1269 823 1323 883; x_wconf 76' lang='grc' dir='ltr'>δὲ</span> <span class='ocrx_word' id='word_1_52' title='bbox 1364 822 1517 904; x_wconf 84' lang='grc' dir='ltr'>εἴρων</span> <span class='ocrx_word' id='word_1_53' title='bbox 1553 826 1583 880; x_wconf 85' lang='lat'>6</span> <span class='ocrx_word' id='word_1_54' title='bbox 1611 821 1782 878; x_wconf 84' lang='grc' dir='ltr'>πάντα</span> 
     </span>
     <span class='ocr_line' id='line_1_8' title="bbox 190 909 1782 999; baseline -0.011 -18"><span class='ocrx_word' id='word_1_55' title='bbox 190 977 195 981; x_wconf 77' lang='lat'><strong>.</strong></span> <span class='ocrx_word' id='word_1_56' title='bbox 255 932 317 977; x_wconf 88' lang='lat' dir='ltr'>et</span> <span class='ocrx_word' id='word_1_57' title='bbox 337 919 427 977; x_wconf 74' lang='grc' dir='ltr'>καὶ</span> <span class='ocrx_word' id='word_1_58' title='bbox 455 922 624 999; x_wconf 72' lang='grc' dir='ltr'>εἴρων.</span> <span class='ocrx_word' id='word_1_59' title='bbox 652 922 785 978; x_wconf 86' lang='lat' dir='ltr'><strong>V.--</strong></span> <span class='ocrx_word' id='word_1_60' title='bbox 805 935 878 973; x_wconf 79' lang='lat'>22</span> <span class='ocrx_word' id='word_1_61' title='bbox 905 917 1118 973; x_wconf 78' lang='grc' dir='ltr'>ἀπατῶν</span> <span class='ocrx_word' id='word_1_62' title='bbox 1139 912 1227 972; x_wconf 79' lang='grc' dir='ltr'>καὶ</span> <span class='ocrx_word' id='word_1_63' title='bbox 1252 909 1532 991; x_wconf 79' lang='grc' dir='ltr'>ὑποκριτής</span> <span class='ocrx_word' id='word_1_64' title='bbox 1554 910 1782 968; x_wconf 79' lang='lat' dir='ltr'><strong>R.-23</strong></span> 
     </span>
     <span class='ocr_line' id='line_1_9' title="bbox 255 999 1784 1086; baseline -0.009 -18"><span class='ocrx_word' id='word_1_65' title='bbox 255 1009 319 1067; x_wconf 84' lang='grc' dir='ltr'>τὸ</span> <span class='ocrx_word' id='word_1_66' title='bbox 347 1007 403 1067; x_wconf 77' lang='grc' dir='ltr'>δὲ</span> <span class='ocrx_word' id='word_1_67' title='bbox 443 1007 613 1086; x_wconf 79' lang='grc' dir='ltr'>γλοιὸς</span> <span class='ocrx_word' id='word_1_68' title='bbox 646 1005 706 1065; x_wconf 75' lang='grc' dir='ltr'>τὸ</span> <span class='ocrx_word' id='word_1_69' title='bbox 751 1011 888 1063; x_wconf 84' lang='lat' dir='ltr'>V.—</span> <span class='ocrx_word' id='word_1_70' title='bbox 921 1024 994 1076; x_wconf 79' lang='lat'>27</span> <span class='ocrx_word' id='word_1_71' title='bbox 1024 1003 1360 1062; x_wconf 74' lang='grc' dir='ltr'>διολισθάνειν</span> <span class='ocrx_word' id='word_1_72' title='bbox 1408 1002 1501 1059; x_wconf 87' lang='lat' dir='ltr'>hic</span> <span class='ocrx_word' id='word_1_73' title='bbox 1537 1012 1595 1057; x_wconf 78' lang='lat' dir='ltr'>et</span> <span class='ocrx_word' id='word_1_74' title='bbox 1636 999 1784 1056; x_wconf 82' lang='lat' dir='ltr'><strong>infra</strong></span> 
     </span>
     <span class='ocr_line' id='line_1_10' title="bbox 258 1086 1782 1155; baseline -0.009 0"><span class='ocrx_word' id='word_1_75' title='bbox 258 1097 449 1155; x_wconf 77' lang='lat' dir='ltr'><strong>Suidae</strong></span> <span class='ocrx_word' id='word_1_76' title='bbox 473 1095 657 1154; x_wconf 76' lang='lat' dir='ltr'><strong>codex</strong></span> <span class='ocrx_word' id='word_1_77' title='bbox 685 1094 853 1153; x_wconf 77' lang='lat' dir='ltr'><strong>Paris.</strong></span> <span class='ocrx_word' id='word_1_78' title='bbox 882 1100 929 1150; x_wconf 77' lang='lat' dir='ltr'><strong>A</strong></span> <span class='ocrx_word' id='word_1_79' title='bbox 956 1111 999 1149; x_wconf 89' lang='lat' dir='ltr'><strong>s.</strong></span> <span class='ocrx_word' id='word_1_80' title='bbox 1034 1087 1229 1155; x_wconf 83' lang='grc' dir='ltr'>Γλοιός.</span> <span class='ocrx_word' id='word_1_81' title='bbox 1268 1087 1637 1149; x_wconf 78' lang='lat' dir='ltr'>scribebatur</span> <span class='ocrx_word' id='word_1_82' title='bbox 1668 1086 1782 1142; x_wconf 86' lang='grc' dir='ltr'>διο-</span> 
     </span>
     <span class='ocr_line' id='line_1_11' title="bbox 255 1174 1784 1257; baseline -0.008 -15"><span class='ocrx_word' id='word_1_83' title='bbox 255 1183 557 1243; x_wconf 83' lang='grc' dir='ltr'>λισθαίνειν.</span> <span class='ocrx_word' id='word_1_84' title='bbox 579 1220 642 1230; x_wconf 94' lang='grc'><strong>-</strong></span> <span class='ocrx_word' id='word_1_85' title='bbox 662 1202 737 1257; x_wconf 78' lang='lat'>29</span> <span class='ocrx_word' id='word_1_86' title='bbox 763 1177 854 1239; x_wconf 73' lang='lat' dir='ltr'>ital</span> <span class='ocrx_word' id='word_1_87' title='bbox 877 1180 1034 1251; x_wconf 82' lang='grc' dir='ltr'>ἄλλα,</span> <span class='ocrx_word' id='word_1_88' title='bbox 1065 1180 1138 1237; x_wconf 85' lang='grc'>30</span> <span class='ocrx_word' id='word_1_89' title='bbox 1169 1176 1304 1236; x_wconf 85' lang='grc' dir='ltr'>ἄλλα</span> <span class='ocrx_word' id='word_1_90' title='bbox 1339 1174 1395 1235; x_wconf 82' lang='grc' dir='ltr'>δὲ</span> <span class='ocrx_word' id='word_1_91' title='bbox 1426 1176 1551 1234; x_wconf 74' lang='lat' dir='ltr'><strong>Ald.</strong></span> <span class='ocrx_word' id='word_1_92' title='bbox 1582 1187 1641 1232; x_wconf 90' lang='lat' dir='ltr'>et</span> <span class='ocrx_word' id='word_1_93' title='bbox 1659 1174 1784 1233; x_wconf 87' lang='lat' dir='ltr'><strong>Sui-</strong></span> 
     </span>
     <span class='ocr_line' id='line_1_12' title="bbox 258 1260 1786 1346; baseline -0.007 -17"><span class='ocrx_word' id='word_1_94' title='bbox 258 1272 447 1329; x_wconf 72' lang='lat' dir='ltr'><strong>daS.--</strong></span> <span class='ocrx_word' id='word_1_95' title='bbox 469 1274 534 1329; x_wconf 82' lang='lat'>31</span> <span class='ocrx_word' id='word_1_96' title='bbox 565 1269 775 1336; x_wconf 75' lang='grc' dir='ltr'>τούτους</span> <span class='ocrx_word' id='word_1_97' title='bbox 801 1264 1001 1346; x_wconf 76' lang='grc' dir='ltr'>γλοιοὺς</span> <span class='ocrx_word' id='word_1_98' title='bbox 1028 1270 1161 1326; x_wconf 85' lang='grc'>6.-</span> <span class='ocrx_word' id='word_1_99' title='bbox 1180 1268 1250 1323; x_wconf 72' lang='lat'>32</span> <span class='ocrx_word' id='word_1_100' title='bbox 1275 1264 1310 1336; x_wconf 86' lang='grc' dir='ltr'>ἢ</span> <span class='ocrx_word' id='word_1_101' title='bbox 1336 1260 1786 1342; x_wconf 75' lang='grc' dir='ltr'>γλοιὸς-τρόπους</span> 
     </span>
    </p>
   </div>
   <div class='ocr_carea' id='block_1_3' title="bbox 256 1350 1835 5115">
    <p class='ocr_par' dir='ltr' id='par_1_3' title="bbox 260 1350 1786 1610">
     <span class='ocr_line' id='line_1_13' title="bbox 260 1350 1785 1435; baseline -0.009 -18"><span class='ocrx_word' id='word_1_102' title='bbox 260 1380 377 1417; x_wconf 89' lang='lat' dir='ltr'>om.</span> <span class='ocrx_word' id='word_1_103' title='bbox 409 1359 631 1428; x_wconf 79' lang='lat' dir='ltr'><strong>Suida5‚</strong></span> <span class='ocrx_word' id='word_1_104' title='bbox 658 1358 757 1434; x_wconf 87' lang='lat' dir='ltr'>qui</span> <span class='ocrx_word' id='word_1_105' title='bbox 789 1359 858 1424; x_wconf 77' lang='lat'>34</span> <span class='ocrx_word' id='word_1_106' title='bbox 894 1359 1082 1435; x_wconf 80' lang='grc' dir='ltr'>μιαροῦ</span> <span class='ocrx_word' id='word_1_107' title='bbox 1110 1351 1198 1412; x_wconf 82' lang='grc' dir='ltr'>καὶ</span> <span class='ocrx_word' id='word_1_108' title='bbox 1229 1357 1477 1433; x_wconf 74' lang='grc' dir='ltr'>ῥυπαροῦ.</span> <span class='ocrx_word' id='word_1_109' title='bbox 1521 1350 1646 1409; x_wconf 79' lang='lat' dir='ltr'><strong>Ald.</strong></span> <span class='ocrx_word' id='word_1_110' title='bbox 1693 1371 1785 1426; x_wconf 88' lang='grc' dir='ltr'>μι-</span> 
     </span>
     <span class='ocr_line' id='line_1_14' title="bbox 262 1431 1786 1524; baseline -0.007 -22"><span class='ocrx_word' id='word_1_111' title='bbox 262 1449 484 1524; x_wconf 79' lang='grc' dir='ltr'>κροῦ.-</span> <span class='ocrx_word' id='word_1_112' title='bbox 516 1445 589 1502; x_wconf 82' lang='grc'>35</span> <span class='ocrx_word' id='word_1_113' title='bbox 630 1441 742 1508; x_wconf 81' lang='grc' dir='ltr'>πώς</span> <span class='ocrx_word' id='word_1_114' title='bbox 781 1443 893 1499; x_wconf 77' lang='grc' dir='ltr'>ἐστι</span> <span class='ocrx_word' id='word_1_115' title='bbox 933 1440 1188 1498; x_wconf 83' lang='lat' dir='ltr'><strong>additum</strong></span> <span class='ocrx_word' id='word_1_116' title='bbox 1231 1459 1302 1498; x_wconf 86' lang='lat' dir='ltr'>ex</span> <span class='ocrx_word' id='word_1_117' title='bbox 1342 1437 1603 1498; x_wconf 85' lang='lat' dir='ltr'><strong>Suida.-</strong></span> <span class='ocrx_word' id='word_1_118' title='bbox 1627 1437 1699 1494; x_wconf 82' lang='lat'>36</span> <span class='ocrx_word' id='word_1_119' title='bbox 1725 1431 1786 1492; x_wconf 81' lang='grc' dir='ltr'>τὸ</span> 
     </span>
     <span class='ocr_line' id='line_1_15' title="bbox 261 1529 1051 1610; baseline -0.005 -22"><span class='ocrx_word' id='word_1_120' title='bbox 261 1539 419 1610; x_wconf 81' lang='grc' dir='ltr'>μοχθ.</span> <span class='ocrx_word' id='word_1_121' title='bbox 444 1531 631 1589; x_wconf 87' lang='lat' dir='ltr'><strong>Suidae</strong></span> <span class='ocrx_word' id='word_1_122' title='bbox 659 1529 843 1587; x_wconf 81' lang='lat' dir='ltr'>codex</span> <span class='ocrx_word' id='word_1_123' title='bbox 869 1530 1051 1590; x_wconf 80' lang='lat' dir='ltr'><strong>Paris.</strong></span> 
     </span>
    </p>

    <p class='ocr_par' dir='ltr' id='par_1_4' title="bbox 259 1611 1790 2747">
     <span class='ocr_line' id='line_1_16' title="bbox 346 1611 1788 1699; baseline -0.006 -23"><span class='ocrx_word' id='word_1_124' title='bbox 346 1619 477 1690; x_wconf 95' lang='grc'><strong>450,</strong></span> <span class='ocrx_word' id='word_1_125' title='bbox 508 1621 581 1694; x_wconf 82' lang='grc'>39</span> <span class='ocrx_word' id='word_1_126' title='bbox 605 1615 820 1699; x_wconf 81' lang='grc' dir='ltr'>φανερὸς</span> <span class='ocrx_word' id='word_1_127' title='bbox 842 1613 1090 1685; x_wconf 83' lang='grc' dir='ltr'>κλέπτης.</span> <span class='ocrx_word' id='word_1_128' title='bbox 1124 1611 1205 1673; x_wconf 77' lang='grc' dir='ltr'>ὅτι</span> <span class='ocrx_word' id='word_1_129' title='bbox 1232 1611 1652 1692; x_wconf 78' lang='grc' dir='ltr'>βασανιζομένοις</span> <span class='ocrx_word' id='word_1_130' title='bbox 1693 1611 1788 1668; x_wconf 81' lang='grc' dir='ltr'>αὖ-</span> 
     </span>
     <span class='ocr_line' id='line_1_17' title="bbox 259 1698 1787 1785; baseline -0.006 -22"><span class='ocrx_word' id='word_1_131' title='bbox 259 1713 368 1773; x_wconf 85' lang='grc' dir='ltr'>τοῖς</span> <span class='ocrx_word' id='word_1_132' title='bbox 392 1706 580 1785; x_wconf 79' lang='grc' dir='ltr'>κέντρα</span> <span class='ocrx_word' id='word_1_133' title='bbox 593 1704 988 1784; x_wconf 77' lang='grc' dir='ltr'>προσφέρουσιν.</span> <span class='ocrx_word' id='word_1_134' title='bbox 1011 1700 1046 1773; x_wconf 78' lang='grc' dir='ltr'>ἢ</span> <span class='ocrx_word' id='word_1_135' title='bbox 1074 1700 1299 1781; x_wconf 80' lang='grc' dir='ltr'>κέντρων</span> <span class='ocrx_word' id='word_1_136' title='bbox 1318 1700 1553 1759; x_wconf 79' lang='grc' dir='ltr'>τουτέστι</span> <span class='ocrx_word' id='word_1_137' title='bbox 1577 1698 1787 1756; x_wconf 74' lang='lat' dir='ltr'><strong>Alci.—</strong></span> 
     </span>
     <span class='ocr_line' id='line_1_18' title="bbox 265 1783 1787 1869; baseline -0.007 -19"><span class='ocrx_word' id='word_1_138' title='bbox 265 1795 457 1861; x_wconf 79' lang='grc'><strong>43·-48</strong></span> <span class='ocrx_word' id='word_1_139' title='bbox 483 1791 636 1869; x_wconf 81' lang='lat' dir='ltr'><strong>apud</strong></span> <span class='ocrx_word' id='word_1_140' title='bbox 658 1791 887 1850; x_wconf 79' lang='lat' dir='ltr'><strong>suidam</strong></span> <span class='ocrx_word' id='word_1_141' title='bbox 917 1790 997 1847; x_wconf 88' lang='lat' dir='ltr'><strong>sic</strong></span> <span class='ocrx_word' id='word_1_142' title='bbox 1027 1788 1386 1858; x_wconf 80' lang='lat' dir='ltr'><strong>scribuntur,</strong></span> <span class='ocrx_word' id='word_1_143' title='bbox 1423 1785 1456 1857; x_wconf 83' lang='grc' dir='ltr'>ἢ</span> <span class='ocrx_word' id='word_1_144' title='bbox 1499 1783 1727 1864; x_wconf 77' lang='grc' dir='ltr'>κέντρων</span> <span class='ocrx_word' id='word_1_145' title='bbox 1758 1784 1787 1840; x_wconf 92' lang='lat'>6</span> 
     </span>
     <span class='ocr_line' id='line_1_19' title="bbox 263 1874 1785 1959; baseline -0.005 -23"><span class='ocrx_word' id='word_1_146' title='bbox 263 1880 327 1936; x_wconf 74' lang='grc' dir='ltr'>ἐκ</span> <span class='ocrx_word' id='word_1_147' title='bbox 364 1882 572 1938; x_wconf 82' lang='grc' dir='ltr'>πολλῶν</span> <span class='ocrx_word' id='word_1_148' title='bbox 602 1876 1039 1959; x_wconf 86' lang='grc' dir='ltr'>συνερραμμένος.</span> <span class='ocrx_word' id='word_1_149' title='bbox 1068 1875 1180 1935; x_wconf 80' lang='grc' dir='ltr'>ἐπεὶ</span> <span class='ocrx_word' id='word_1_150' title='bbox 1207 1880 1425 1934; x_wconf 77' lang='grc' dir='ltr'>τοιαῦτα</span> <span class='ocrx_word' id='word_1_151' title='bbox 1461 1880 1566 1938; x_wconf 86' lang='grc' dir='ltr'>τοῖς</span> <span class='ocrx_word' id='word_1_152' title='bbox 1590 1874 1785 1940; x_wconf 78' lang='grc' dir='ltr'>ὓποζυ·</span> 
     </span>
     <span class='ocr_line' id='line_1_20' title="bbox 262 1957 1786 2048; baseline -0.005 -23"><span class='ocrx_word' id='word_1_153' title='bbox 262 1965 393 2043; x_wconf 80' lang='grc' dir='ltr'>γίοις</span> <span class='ocrx_word' id='word_1_154' title='bbox 422 1967 801 2048; x_wconf 80' lang='grc' dir='ltr'>συρράπτοντες</span> <span class='ocrx_word' id='word_1_155' title='bbox 828 1967 1047 2024; x_wconf 78' lang='grc' dir='ltr'>καλοῦσι</span> <span class='ocrx_word' id='word_1_156' title='bbox 1073 1963 1381 2045; x_wconf 84' lang='grc' dir='ltr'>κέντρωνας.</span> <span class='ocrx_word' id='word_1_157' title='bbox 1419 1960 1669 2026; x_wconf 81' lang='grc' dir='ltr'>ὡσαύτως</span> <span class='ocrx_word' id='word_1_158' title='bbox 1697 1957 1786 2017; x_wconf 79' lang='grc' dir='ltr'>καὶ</span> 
     </span>
     <span class='ocr_line' id='line_1_21' title="bbox 264 2047 1786 2135; baseline -0.004 -23"><span class='ocrx_word' id='word_1_159' title='bbox 264 2053 448 2131; x_wconf 82' lang='grc' dir='ltr'>λόγους</span> <span class='ocrx_word' id='word_1_160' title='bbox 477 2056 538 2111; x_wconf 75' lang='grc' dir='ltr'>ἐκ</span> <span class='ocrx_word' id='word_1_161' title='bbox 574 2052 829 2135; x_wconf 80' lang='grc' dir='ltr'>διαφόρων</span> <span class='ocrx_word' id='word_1_162' title='bbox 874 2050 1295 2130; x_wconf 82' lang='grc' dir='ltr'>συνειλεγμένους</span> <span class='ocrx_word' id='word_1_163' title='bbox 1331 2050 1422 2108; x_wconf 78' lang='grc' dir='ltr'>καὶ</span> <span class='ocrx_word' id='word_1_164' title='bbox 1459 2047 1549 2107; x_wconf 79' lang='grc' dir='ltr'>ἕνα</span> <span class='ocrx_word' id='word_1_165' title='bbox 1591 2047 1786 2107; x_wconf 83' lang='grc' dir='ltr'>σκοπὸν</span> 
     </span>
     <span class='ocr_line' id='line_1_22' title="bbox 264 2135 1787 2224; baseline -0.002 -25"><span class='ocrx_word' id='word_1_166' title='bbox 264 2142 666 2224; x_wconf 83' lang='grc' dir='ltr'>ἄπαρτίζοντας,</span> <span class='ocrx_word' id='word_1_167' title='bbox 694 2135 782 2200; x_wconf 79' lang='grc' dir='ltr'>οἶά</span> <span class='ocrx_word' id='word_1_168' title='bbox 818 2142 918 2200; x_wconf 85' lang='grc' dir='ltr'>εἶσι</span> <span class='ocrx_word' id='word_1_169' title='bbox 950 2137 1018 2199; x_wconf 73' lang='grc' dir='ltr'>τὰ</span> <span class='ocrx_word' id='word_1_170' title='bbox 1062 2139 1477 2220; x_wconf 82' lang='grc' dir='ltr'>Ὁμηρόκεντρα.</span> <span class='ocrx_word' id='word_1_171' title='bbox 1519 2140 1568 2196; x_wconf 79' lang='grc' dir='ltr'>οἱ</span> <span class='ocrx_word' id='word_1_172' title='bbox 1609 2136 1664 2196; x_wconf 75' lang='grc' dir='ltr'>δὲ</span> <span class='ocrx_word' id='word_1_173' title='bbox 1700 2135 1787 2196; x_wconf 74' lang='grc' dir='ltr'>τὸν</span> 
     </span>
     <span class='ocr_line' id='line_1_23' title="bbox 263 2220 1788 2310; baseline -0.003 -22"><span class='ocrx_word' id='word_1_174' title='bbox 263 2229 495 2310; x_wconf 85' lang='grc' dir='ltr'>λοίδορον</span> <span class='ocrx_word' id='word_1_175' title='bbox 516 2229 790 2288; x_wconf 77' lang='grc' dir='ltr'>ἀκούουσιν</span> <span class='ocrx_word' id='word_1_176' title='bbox 804 2274 821 2302; x_wconf 95' lang='grc'>,</span> <span class='ocrx_word' id='word_1_177' title='bbox 846 2220 953 2288; x_wconf 80' lang='grc' dir='ltr'>οἶον</span> <span class='ocrx_word' id='word_1_178' title='bbox 978 2229 1406 2309; x_wconf 83' lang='grc' dir='ltr'>κεντροτύπον.-</span> <span class='ocrx_word' id='word_1_179' title='bbox 1426 2227 1499 2296; x_wconf 89' lang='grc'>45</span> <span class='ocrx_word' id='word_1_180' title='bbox 1523 2229 1572 2284; x_wconf 81' lang='grc' dir='ltr'>οἱ</span> <span class='ocrx_word' id='word_1_181' title='bbox 1599 2228 1659 2284; x_wconf 77' lang='grc' dir='ltr'>ἐκ</span> <span class='ocrx_word' id='word_1_182' title='bbox 1683 2229 1788 2284; x_wconf 84' lang='grc' dir='ltr'>τῶν</span> 
     </span>
     <span class='ocr_line' id='line_1_24' title="bbox 264 2312 1789 2396; baseline -0.003 -21"><span class='ocrx_word' id='word_1_183' title='bbox 264 2316 438 2375; x_wconf 73' lang='grc' dir='ltr'>ἄλλων</span> <span class='ocrx_word' id='word_1_184' title='bbox 463 2319 588 2377; x_wconf 78' lang='lat' dir='ltr'><strong>Ald.</strong></span> <span class='ocrx_word' id='word_1_185' title='bbox 619 2322 950 2376; x_wconf 78' lang='lat' dir='ltr'><strong>Con-ectum</strong></span> <span class='ocrx_word' id='word_1_186' title='bbox 977 2338 1050 2375; x_wconf 86' lang='lat' dir='ltr'>ex</span> <span class='ocrx_word' id='word_1_187' title='bbox 1076 2316 1347 2376; x_wconf 86' lang='lat' dir='ltr'><strong>Suida..-</strong></span> <span class='ocrx_word' id='word_1_188' title='bbox 1368 2317 1441 2374; x_wconf 86' lang='lat'>50</span> <span class='ocrx_word' id='word_1_189' title='bbox 1464 2318 1555 2374; x_wconf 79' lang='grc' dir='ltr'>τοῦ</span> <span class='ocrx_word' id='word_1_190' title='bbox 1582 2312 1789 2396; x_wconf 80' lang='grc' dir='ltr'>στρέφω</span> 
     </span>
     <span class='ocr_line' id='line_1_25' title="bbox 264 2395 1790 2484; baseline -0.003 -21"><span class='ocrx_word' id='word_1_191' title='bbox 264 2410 339 2463; x_wconf 79' lang='lat' dir='ltr'>R.</span> <span class='ocrx_word' id='word_1_192' title='bbox 383 2409 475 2463; x_wconf 78' lang='grc' dir='ltr'>τοῦ</span> <span class='ocrx_word' id='word_1_193' title='bbox 517 2403 821 2484; x_wconf 83' lang='grc' dir='ltr'>στρόφιγγος</span> <span class='ocrx_word' id='word_1_194' title='bbox 866 2405 992 2464; x_wconf 81' lang='lat' dir='ltr'><strong>Ald.</strong></span> <span class='ocrx_word' id='word_1_195' title='bbox 1036 2395 1141 2463; x_wconf 72' lang='grc' dir='ltr'>οἷον</span> <span class='ocrx_word' id='word_1_196' title='bbox 1190 2424 1304 2462; x_wconf 87' lang='lat' dir='ltr'>om.</span> <span class='ocrx_word' id='word_1_197' title='bbox 1344 2408 1494 2464; x_wconf 78' lang='lat' dir='ltr'>V.-</span> <span class='ocrx_word' id='word_1_198' title='bbox 1538 2404 1602 2460; x_wconf 84' lang='lat'>51</span> <span class='ocrx_word' id='word_1_199' title='bbox 1658 2415 1790 2480; x_wconf 88' lang='lat' dir='ltr'><strong>post</strong></span> 
     </span>
     <span class='ocr_line' id='line_1_26' title="bbox 264 2488 1789 2573; baseline -0.001 -22"><span class='ocrx_word' id='word_1_200' title='bbox 264 2491 543 2572; x_wconf 76' lang='grc' dir='ltr'>πράγμασι</span> <span class='ocrx_word' id='word_1_201' title='bbox 581 2493 744 2551; x_wconf 75' lang='lat' dir='ltr'><strong>addit</strong></span> <span class='ocrx_word' id='word_1_202' title='bbox 783 2493 912 2551; x_wconf 78' lang='lat' dir='ltr'><strong>Ald.</strong></span> <span class='ocrx_word' id='word_1_203' title='bbox 959 2490 1168 2571; x_wconf 81' lang='grc' dir='ltr'>λέγεται</span> <span class='ocrx_word' id='word_1_204' title='bbox 1203 2490 1259 2549; x_wconf 72' lang='grc' dir='ltr'>δὲ</span> <span class='ocrx_word' id='word_1_205' title='bbox 1295 2488 1538 2573; x_wconf 73' lang='grc' dir='ltr'>στρόφιγξ</span> <span class='ocrx_word' id='word_1_206' title='bbox 1582 2489 1643 2550; x_wconf 80' lang='grc' dir='ltr'>τὸ</span> <span class='ocrx_word' id='word_1_207' title='bbox 1682 2498 1789 2558; x_wconf 83' lang='grc' dir='ltr'>τοῖς</span> 
     </span>
     <span class='ocr_line' id='line_1_27' title="bbox 266 2576 1785 2659; baseline -0.001 -22"><span class='ocrx_word' id='word_1_208' title='bbox 266 2580 498 2650; x_wconf 88' lang='grc' dir='ltr'>σωλῆσιν</span> <span class='ocrx_word' id='word_1_209' title='bbox 527 2578 917 2658; x_wconf 76' lang='grc' dir='ltr'>έμὸαλλόμενον</span> <span class='ocrx_word' id='word_1_210' title='bbox 940 2579 1078 2638; x_wconf 85' lang='grc' dir='ltr'>ὥστε</span> <span class='ocrx_word' id='word_1_211' title='bbox 1098 2577 1193 2651; x_wconf 77' lang='grc' dir='ltr'>τὴν</span> <span class='ocrx_word' id='word_1_212' title='bbox 1217 2583 1309 2637; x_wconf 77' lang='grc' dir='ltr'>τοῦ</span> <span class='ocrx_word' id='word_1_213' title='bbox 1333 2577 1518 2644; x_wconf 73' lang='grc' dir='ltr'>ὕδατος</span> <span class='ocrx_word' id='word_1_214' title='bbox 1546 2576 1785 2659; x_wconf 74' lang='grc' dir='ltr'>ἐπέχειν,</span> 
     </span>
     <span class='ocr_line' id='line_1_28' title="bbox 265 2657 1531 2747; baseline 0 -23"><span class='ocrx_word' id='word_1_215' title='bbox 265 2664 353 2724; x_wconf 76' lang='grc' dir='ltr'>ὅτε</span> <span class='ocrx_word' id='word_1_216' title='bbox 375 2691 451 2734; x_wconf 86' lang='grc' dir='ltr'>τις</span> <span class='ocrx_word' id='word_1_217' title='bbox 478 2665 714 2740; x_wconf 81' lang='grc' dir='ltr'>θελήσει,</span> <span class='ocrx_word' id='word_1_218' title='bbox 742 2666 833 2725; x_wconf 75' lang='grc' dir='ltr'>καὶ</span> <span class='ocrx_word' id='word_1_219' title='bbox 856 2657 922 2726; x_wconf 67' lang='grc' dir='ltr'>αὗ</span> <span class='ocrx_word' id='word_1_220' title='bbox 947 2668 1104 2726; x_wconf 83' lang='grc' dir='ltr'>πάλιν</span> <span class='ocrx_word' id='word_1_221' title='bbox 1134 2664 1331 2724; x_wconf 80' lang='grc' dir='ltr'>ἀνιέναι</span> <span class='ocrx_word' id='word_1_222' title='bbox 1355 2665 1531 2747; x_wconf 83' lang='grc' dir='ltr'>φοράν.</span> 
     </span>
    </p>

    <p class='ocr_par' dir='ltr' id='par_1_5' title="bbox 264 2752 1831 3361">
     <span class='ocr_line' id='line_1_29' title="bbox 352 2752 1784 2834; baseline 0.001 -22"><span class='ocrx_word' id='word_1_223' title='bbox 352 2755 485 2826; x_wconf 75' lang='grc'><strong>451,</strong></span> <span class='ocrx_word' id='word_1_224' title='bbox 518 2756 588 2822; x_wconf 92' lang='grc'>54</span> <span class='ocrx_word' id='word_1_225' title='bbox 622 2753 955 2833; x_wconf 80' lang='grc' dir='ltr'>ματιολοιχὸς</span> <span class='ocrx_word' id='word_1_226' title='bbox 992 2752 1048 2813; x_wconf 78' lang='grc' dir='ltr'>δὲ</span> <span class='ocrx_word' id='word_1_227' title='bbox 1088 2758 1155 2812; x_wconf 86' lang='lat' dir='ltr'>V.</span> <span class='ocrx_word' id='word_1_228' title='bbox 1203 2753 1571 2834; x_wconf 80' lang='grc' dir='ltr'>ματαιολοιχὸς</span> <span class='ocrx_word' id='word_1_229' title='bbox 1616 2753 1671 2812; x_wconf 75' lang='grc' dir='ltr'>δὲ</span> <span class='ocrx_word' id='word_1_230' title='bbox 1714 2759 1784 2813; x_wconf 90' lang='lat' dir='ltr'>G.</span> 
     </span>
     <span class='ocr_line' id='line_1_30' title="bbox 268 2832 1790 2924; baseline -0.002 -21"><span class='ocrx_word' id='word_1_231' title='bbox 268 2842 364 2903; x_wconf 88' lang='lat' dir='ltr'>Sic</span> <span class='ocrx_word' id='word_1_232' title='bbox 391 2840 539 2915; x_wconf 63' lang='grc' dir='ltr'>ΑΜ,</span> <span class='ocrx_word' id='word_1_233' title='bbox 566 2842 683 2914; x_wconf 83' lang='grc' dir='ltr'>ἤτοι</span> <span class='ocrx_word' id='word_1_234' title='bbox 707 2845 735 2901; x_wconf 89' lang='lat'>6</span> <span class='ocrx_word' id='word_1_235' title='bbox 760 2839 1154 2924; x_wconf 83' lang='grc' dir='ltr'>κρουσιμέτρης.</span> <span class='ocrx_word' id='word_1_236' title='bbox 1184 2842 1368 2918; x_wconf 84' lang='grc' dir='ltr'>μάτιον</span> <span class='ocrx_word' id='word_1_237' title='bbox 1393 2832 1662 2921; x_wconf 70' lang='grc' dir='ltr'>γὰρ,εἶδος</span> <span class='ocrx_word' id='word_1_238' title='bbox 1688 2840 1790 2919; x_wconf 87' lang='grc' dir='ltr'>μέ-</span> 
     </span>
     <span class='ocr_line' id='line_1_31' title="bbox 264 2928 1787 3012; baseline 0 -23"><span class='ocrx_word' id='word_1_239' title='bbox 264 2953 405 3011; x_wconf 88' lang='grc' dir='ltr'>τρου.</span> <span class='ocrx_word' id='word_1_240' title='bbox 429 2929 465 3001; x_wconf 78' lang='grc' dir='ltr'>ἢ</span> <span class='ocrx_word' id='word_1_241' title='bbox 489 2935 518 2990; x_wconf 85' lang='lat'>6</span> <span class='ocrx_word' id='word_1_242' title='bbox 539 2928 786 3011; x_wconf 80' lang='grc' dir='ltr'>φειδωλὸς</span> <span class='ocrx_word' id='word_1_243' title='bbox 807 2929 897 2988; x_wconf 82' lang='grc' dir='ltr'>καὶ</span> <span class='ocrx_word' id='word_1_244' title='bbox 922 2928 1279 3012; x_wconf 80' lang='grc' dir='ltr'>σμικρολόγος,</span> <span class='ocrx_word' id='word_1_245' title='bbox 1302 2928 1337 3001; x_wconf 78' lang='grc' dir='ltr'>ἢ</span> <span class='ocrx_word' id='word_1_246' title='bbox 1362 2934 1390 2989; x_wconf 92' lang='lat'>6</span> <span class='ocrx_word' id='word_1_247' title='bbox 1417 2932 1787 3009; x_wconf 76' lang='grc' dir='ltr'>μυκτηριστῆς.</span> 
     </span>
     <span class='ocr_line' id='line_1_32' title="bbox 265 3016 1789 3099; baseline -0.001 -21"><span class='ocrx_word' id='word_1_248' title='bbox 265 3017 432 3086; x_wconf 82' lang='grc' dir='ltr'>ὄξῦνει</span> <span class='ocrx_word' id='word_1_249' title='bbox 464 3017 519 3077; x_wconf 78' lang='grc' dir='ltr'>δὲ</span> <span class='ocrx_word' id='word_1_250' title='bbox 541 3016 877 3099; x_wconf 79' lang='grc' dir='ltr'>Ἢρωδιανός.</span> <span class='ocrx_word' id='word_1_251' title='bbox 906 3016 940 3089; x_wconf 79' lang='grc' dir='ltr'>ἢ</span> <span class='ocrx_word' id='word_1_252' title='bbox 966 3018 1207 3096; x_wconf 79' lang='grc' dir='ltr'>μάταιον,</span> <span class='ocrx_word' id='word_1_253' title='bbox 1244 3016 1305 3076; x_wconf 82' lang='grc' dir='ltr'>τὸ</span> <span class='ocrx_word' id='word_1_254' title='bbox 1343 3019 1639 3098; x_wconf 79' lang='grc' dir='ltr'>ἐλάχιστον.</span> <span class='ocrx_word' id='word_1_255' title='bbox 1670 3019 1789 3091; x_wconf 75' lang='grc' dir='ltr'>ἤτοι</span> 
     </span>
     <span class='ocr_line' id='line_1_33' title="bbox 264 3102 1786 3184; baseline 0 -18"><span class='ocrx_word' id='word_1_256' title='bbox 264 3105 355 3165; x_wconf 81' lang='grc' dir='ltr'>τὸν</span> <span class='ocrx_word' id='word_1_257' title='bbox 384 3106 583 3181; x_wconf 84' lang='grc' dir='ltr'>μάταια</span> <span class='ocrx_word' id='word_1_258' title='bbox 606 3102 977 3183; x_wconf 83' lang='grc' dir='ltr'>βουλευόμενον</span> <span class='ocrx_word' id='word_1_259' title='bbox 1002 3144 1011 3149; x_wconf 89' lang='grc'>-</span> <span class='ocrx_word' id='word_1_260' title='bbox 1034 3105 1124 3165; x_wconf 77' lang='grc' dir='ltr'>καὶ</span> <span class='ocrx_word' id='word_1_261' title='bbox 1179 3107 1435 3184; x_wconf 86' lang='grc' dir='ltr'>λοχῶντα.</span> <span class='ocrx_word' id='word_1_262' title='bbox 1465 3112 1610 3166; x_wconf 87' lang='lat' dir='ltr'>Cum</span> <span class='ocrx_word' id='word_1_263' title='bbox 1641 3113 1786 3166; x_wconf 87' lang='lat' dir='ltr'><strong>Ven.</strong></span> 
     </span>
     <span class='ocr_line' id='line_1_34' title="bbox 267 3193 1786 3276; baseline 0 -23"><span class='ocrx_word' id='word_1_264' title='bbox 267 3197 385 3253; x_wconf 77' lang='lat' dir='ltr'>sere</span> <span class='ocrx_word' id='word_1_265' title='bbox 423 3193 704 3251; x_wconf 76' lang='lat' dir='ltr'>consentit</span> <span class='ocrx_word' id='word_1_266' title='bbox 739 3193 943 3252; x_wconf 86' lang='lat' dir='ltr'><strong>Suidas</strong></span> <span class='ocrx_word' id='word_1_267' title='bbox 975 3214 1021 3253; x_wconf 78' lang='lat' dir='ltr'><strong>s,</strong></span> <span class='ocrx_word' id='word_1_268' title='bbox 1050 3194 1109 3253; x_wconf 88' lang='lat' dir='ltr'>h.</span> <span class='ocrx_word' id='word_1_269' title='bbox 1139 3215 1268 3254; x_wconf 77' lang='lat' dir='ltr'>v.—</span> <span class='ocrx_word' id='word_1_270' title='bbox 1293 3215 1315 3252; x_wconf 88' lang='grc' dir='ltr'>ι</span> <span class='ocrx_word' id='word_1_271' title='bbox 1356 3193 1676 3276; x_wconf 82' lang='grc' dir='ltr'>μικροφᾶγον</span> <span class='ocrx_word' id='word_1_272' title='bbox 1714 3201 1786 3255; x_wconf 78' lang='lat' dir='ltr'>R.</span> 
     </span>
     <span class='ocr_line' id='line_1_35' title="bbox 266 3280 1831 3361; baseline -0.001 -22"><span class='ocrx_word' id='word_1_273' title='bbox 266 3280 452 3361; x_wconf 75' lang='grc' dir='ltr'>μάτιον</span> <span class='ocrx_word' id='word_1_274' title='bbox 474 3286 545 3339; x_wconf 94' lang='grc'>6.</span> <span class='ocrx_word' id='word_1_275' title='bbox 575 3282 797 3358; x_wconf 79' lang='grc' dir='ltr'>μάταιον</span> <span class='ocrx_word' id='word_1_276' title='bbox 828 3286 899 3339; x_wconf 84' lang='lat' dir='ltr'>R.</span> <span class='ocrx_word' id='word_1_277' title='bbox 928 3286 999 3341; x_wconf 85' lang='lat' dir='ltr'>V.</span> <span class='ocrx_word' id='word_1_278' title='bbox 1824 3330 1831 3337; x_wconf 86' lang='grc'>.</span> 
     </span>
    </p>

    <p class='ocr_par' dir='ltr' id='par_1_6' title="bbox 264 3366 1789 3515">
     <span class='ocr_line' id='line_1_36' title="bbox 349 3366 1789 3451; baseline 0.002 -24"><span class='ocrx_word' id='word_1_279' title='bbox 349 3369 492 3443; x_wconf 80' lang='grc'><strong>455,</strong></span> <span class='ocrx_word' id='word_1_280' title='bbox 522 3390 558 3445; x_wconf 88' lang='grc'>9</span> <span class='ocrx_word' id='word_1_281' title='bbox 582 3366 1013 3451; x_wconf 67' lang='grc' dir='ltr'>χορδὴ-ἕντερον</span> <span class='ocrx_word' id='word_1_282' title='bbox 1043 3389 1156 3428; x_wconf 88' lang='lat' dir='ltr'>om.</span> <span class='ocrx_word' id='word_1_283' title='bbox 1187 3376 1257 3429; x_wconf 95' lang='grc'>6.</span> <span class='ocrx_word' id='word_1_284' title='bbox 1286 3366 1789 3450; x_wconf 73' lang='grc' dir='ltr'>ὓπερὸολὴ-τοιοῦ-</span> 
     </span>
     <span class='ocr_line' id='line_1_37' title="bbox 264 3461 588 3515; baseline 0.003 -1"><span class='ocrx_word' id='word_1_285' title='bbox 264 3479 353 3515; x_wconf 89' lang='grc' dir='ltr'>τον</span> <span class='ocrx_word' id='word_1_286' title='bbox 381 3478 492 3515; x_wconf 87' lang='lat' dir='ltr'>om.</span> <span class='ocrx_word' id='word_1_287' title='bbox 519 3461 588 3515; x_wconf 86' lang='lat' dir='ltr'>R.</span> 
     </span>
    </p>

    <p class='ocr_par' dir='ltr' id='par_1_7' title="bbox 256 3543 1835 5115">
     <span class='ocr_line' id='line_1_38' title="bbox 349 3543 1788 3625; baseline 0.001 -22"><span class='ocrx_word' id='word_1_288' title='bbox 349 3546 460 3614; x_wconf 84' lang='grc'>456</span> <span class='ocrx_word' id='word_1_289' title='bbox 489 3547 548 3604; x_wconf 85' lang='lat' dir='ltr'>in</span> <span class='ocrx_word' id='word_1_290' title='bbox 591 3551 654 3604; x_wconf 87' lang='lat' dir='ltr'>V.</span> <span class='ocrx_word' id='word_1_291' title='bbox 685 3545 764 3605; x_wconf 84' lang='lat' dir='ltr'><strong>sic</strong></span> <span class='ocrx_word' id='word_1_292' title='bbox 793 3546 1088 3623; x_wconf 77' lang='lat' dir='ltr'><strong>scriptum,</strong></span> <span class='ocrx_word' id='word_1_293' title='bbox 1124 3549 1159 3617; x_wconf 80' lang='grc' dir='ltr'>ἡ</span> <span class='ocrx_word' id='word_1_294' title='bbox 1183 3543 1414 3625; x_wconf 84' lang='grc' dir='ltr'>περίοδος</span> <span class='ocrx_word' id='word_1_295' title='bbox 1449 3544 1788 3622; x_wconf 69' lang='grc' dir='ltr'>ἐννεάκωλος,</span> 
     </span>
     <span class='ocr_line' id='line_1_39' title="bbox 264 3624 1789 3714; baseline 0 -22"><span class='ocrx_word' id='word_1_296' title='bbox 264 3624 339 3692; x_wconf 70' lang='grc' dir='ltr'>ῶν</span> <span class='ocrx_word' id='word_1_297' title='bbox 366 3632 425 3691; x_wconf 82' lang='grc' dir='ltr'>τὸ</span> <span class='ocrx_word' id='word_1_298' title='bbox 450 3635 655 3714; x_wconf 86' lang='grc' dir='ltr'>πρῶτον</span> <span class='ocrx_word' id='word_1_299' title='bbox 679 3631 1024 3714; x_wconf 63' lang='grc' dir='ltr'>χοριαμᾷικὸν</span> <span class='ocrx_word' id='word_1_300' title='bbox 1052 3640 1191 3691; x_wconf 84' lang='grc' dir='ltr'>ποιεῖ</span> <span class='ocrx_word' id='word_1_301' title='bbox 1212 3631 1482 3708; x_wconf 79' lang='grc' dir='ltr'>συζυγίαν,</span> <span class='ocrx_word' id='word_1_302' title='bbox 1506 3629 1567 3690; x_wconf 78' lang='grc' dir='ltr'>τὸ</span> <span class='ocrx_word' id='word_1_303' title='bbox 1604 3636 1636 3711; x_wconf 89' lang='grc' dir='ltr'><strong>β</strong></span> <span class='ocrx_word' id='word_1_304' title='bbox 1659 3633 1789 3693; x_wconf 80' lang='grc' dir='ltr'>ἄνᾶ-</span> 
     </span>
     <span class='ocr_line' id='line_1_40' title="bbox 269 3718 1792 3802; baseline 0 -24"><span class='ocrx_word' id='word_1_305' title='bbox 269 3742 491 3797; x_wconf 65' lang='grc' dir='ltr'>παιστον</span> <span class='ocrx_word' id='word_1_306' title='bbox 519 3720 880 3802; x_wconf 80' lang='grc' dir='ltr'>προσῳδιακὸν</span> <span class='ocrx_word' id='word_1_307' title='bbox 911 3720 1043 3799; x_wconf 85' lang='lat' dir='ltr'><strong>(scr.</strong></span> <span class='ocrx_word' id='word_1_308' title='bbox 1082 3718 1451 3801; x_wconf 85' lang='grc' dir='ltr'>προσοδιακὸν)</span> <span class='ocrx_word' id='word_1_309' title='bbox 1492 3720 1792 3794; x_wconf 80' lang='grc' dir='ltr'>δωδεκάση-</span> 
     </span>
     <span class='ocr_line' id='line_1_41' title="bbox 268 3804 1791 3887; baseline 0 -20"><span class='ocrx_word' id='word_1_310' title='bbox 268 3830 384 3886; x_wconf 93' lang='grc' dir='ltr'>μον.</span> <span class='ocrx_word' id='word_1_311' title='bbox 417 3807 478 3866; x_wconf 81' lang='grc' dir='ltr'>τὸ</span> <span class='ocrx_word' id='word_1_312' title='bbox 504 3829 537 3885; x_wconf 90' lang='grc' dir='ltr'>γ</span> <span class='ocrx_word' id='word_1_313' title='bbox 566 3807 812 3885; x_wconf 78' lang='grc' dir='ltr'>ἷαμὸικὸν</span> <span class='ocrx_word' id='word_1_314' title='bbox 850 3804 1252 3887; x_wconf 80' lang='grc' dir='ltr'>πενθημιμερές.</span> <span class='ocrx_word' id='word_1_315' title='bbox 1296 3810 1558 3878; x_wconf 77' lang='grc' dir='ltr'>συνῆπται</span> <span class='ocrx_word' id='word_1_316' title='bbox 1597 3807 1653 3865; x_wconf 80' lang='grc' dir='ltr'>δὲ</span> <span class='ocrx_word' id='word_1_317' title='bbox 1699 3810 1791 3868; x_wconf 79' lang='grc' dir='ltr'>καὶ</span> 
     </span>
     <span class='ocr_line' id='line_1_42' title="bbox 266 3893 1791 3976; baseline 0.001 -22"><span class='ocrx_word' id='word_1_318' title='bbox 266 3895 329 3954; x_wconf 81' lang='grc' dir='ltr'>τὸ</span> <span class='ocrx_word' id='word_1_319' title='bbox 370 3894 487 3967; x_wconf 80' lang='grc' dir='ltr'>ἑξῆς</span> <span class='ocrx_word' id='word_1_320' title='bbox 537 3894 913 3955; x_wconf 81' lang='grc' dir='ltr'>ἀναπαιστικὸν</span> <span class='ocrx_word' id='word_1_321' title='bbox 963 3894 1328 3976; x_wconf 74' lang='grc' dir='ltr'>ἑφθημιμερές.</span> <span class='ocrx_word' id='word_1_322' title='bbox 1371 3893 1462 3955; x_wconf 74' lang='grc' dir='ltr'>καὶ</span> <span class='ocrx_word' id='word_1_323' title='bbox 1514 3893 1614 3976; x_wconf 78' lang='grc' dir='ltr'>γὰρ</span> <span class='ocrx_word' id='word_1_324' title='bbox 1654 3895 1714 3955; x_wconf 85' lang='grc' dir='ltr'>τὸ</span> <span class='ocrx_word' id='word_1_325' title='bbox 1759 3900 1791 3975; x_wconf 89' lang='grc' dir='ltr'><strong>β</strong></span> 
     </span>
     <span class='ocr_line' id='line_1_43' title="bbox 267 3980 1801 4063; baseline -0.001 -21"><span class='ocrx_word' id='word_1_326' title='bbox 267 3984 464 4062; x_wconf 78' lang='lat' dir='ltr'><strong>(scrib.</strong></span> <span class='ocrx_word' id='word_1_327' title='bbox 492 3984 542 4060; x_wconf 87' lang='grc' dir='ltr'>δ)</span> <span class='ocrx_word' id='word_1_328' title='bbox 567 3981 707 4057; x_wconf 81' lang='grc' dir='ltr'>ἔπος,</span> <span class='ocrx_word' id='word_1_329' title='bbox 727 3982 788 4042; x_wconf 80' lang='grc' dir='ltr'>τὸ</span> <span class='ocrx_word' id='word_1_330' title='bbox 809 3983 900 4042; x_wconf 80' lang='grc' dir='ltr'>καὶ</span> <span class='ocrx_word' id='word_1_331' title='bbox 925 3982 1233 4041; x_wconf 82' lang='grc' dir='ltr'>δακτυλικὸν</span> <span class='ocrx_word' id='word_1_332' title='bbox 1268 3980 1667 4063; x_wconf 82' lang='grc' dir='ltr'>πενθημιμερές.</span> <span class='ocrx_word' id='word_1_333' title='bbox 1700 3984 1801 4043; x_wconf 59' lang='grc' dir='ltr'>καὶ</span> 
     </span>
     <span class='ocr_line' id='line_1_44' title="bbox 265 4069 1790 4152; baseline 0 -22"><span class='ocrx_word' id='word_1_334' title='bbox 265 4071 326 4130; x_wconf 78' lang='grc' dir='ltr'>τὸ</span> <span class='ocrx_word' id='word_1_335' title='bbox 349 4073 377 4139; x_wconf 87' lang='grc' dir='ltr'><strong>ζ</strong></span> <span class='ocrx_word' id='word_1_336' title='bbox 402 4070 491 4129; x_wconf 77' lang='grc' dir='ltr'>καὶ</span> <span class='ocrx_word' id='word_1_337' title='bbox 528 4071 591 4129; x_wconf 80' lang='grc' dir='ltr'>τὸ</span> <span class='ocrx_word' id='word_1_338' title='bbox 617 4096 670 4143; x_wconf 90' lang='grc' dir='ltr'>η.</span> <span class='ocrx_word' id='word_1_339' title='bbox 694 4074 955 4142; x_wconf 76' lang='grc' dir='ltr'>συνῆπται</span> <span class='ocrx_word' id='word_1_340' title='bbox 992 4069 1183 4147; x_wconf 74' lang='lat' dir='ltr'><strong>(scrib.</strong></span> <span class='ocrx_word' id='word_1_341' title='bbox 1225 4071 1607 4152; x_wconf 76' lang='grc' dir='ltr'>πενθημιμερὲς</span> <span class='ocrx_word' id='word_1_342' title='bbox 1635 4075 1711 4151; x_wconf 82' lang='grc' dir='ltr'>τῷ</span> <span class='ocrx_word' id='word_1_343' title='bbox 1735 4095 1790 4145; x_wconf 87' lang='grc' dir='ltr'>ε,</span> 
     </span>
     <span class='ocr_line' id='line_1_45' title="bbox 266 4156 1792 4241; baseline -0.001 -23"><span class='ocrx_word' id='word_1_344' title='bbox 266 4159 357 4218; x_wconf 73' lang='grc' dir='ltr'>καὶ</span> <span class='ocrx_word' id='word_1_345' title='bbox 399 4159 460 4219; x_wconf 80' lang='grc' dir='ltr'>τὸ</span> <span class='ocrx_word' id='word_1_346' title='bbox 485 4183 520 4228; x_wconf 80' lang='grc' dir='ltr'>ς</span> <span class='ocrx_word' id='word_1_347' title='bbox 544 4163 683 4241; x_wconf 81' lang='grc' dir='ltr'>τῷζ.</span> <span class='ocrx_word' id='word_1_348' title='bbox 724 4158 814 4218; x_wconf 79' lang='grc' dir='ltr'>καὶ</span> <span class='ocrx_word' id='word_1_349' title='bbox 841 4159 904 4218; x_wconf 83' lang='grc' dir='ltr'>τὸ</span> <span class='ocrx_word' id='word_1_350' title='bbox 938 4183 972 4229; x_wconf 92' lang='grc' dir='ltr'>η</span> <span class='ocrx_word' id='word_1_351' title='bbox 1012 4158 1295 4235; x_wconf 76' lang='grc' dir='ltr'>συνῆπται)</span> <span class='ocrx_word' id='word_1_352' title='bbox 1331 4156 1387 4216; x_wconf 81' lang='grc' dir='ltr'>δὲ</span> <span class='ocrx_word' id='word_1_353' title='bbox 1421 4161 1497 4239; x_wconf 78' lang='grc' dir='ltr'>τῷ</span> <span class='ocrx_word' id='word_1_354' title='bbox 1533 4157 1648 4230; x_wconf 77' lang='grc' dir='ltr'>ἑξῆς</span> <span class='ocrx_word' id='word_1_355' title='bbox 1679 4159 1792 4219; x_wconf 83' lang='grc' dir='ltr'>ὄντι</span> 
     </span>
     <span class='ocr_line' id='line_1_46' title="bbox 266 4244 1786 4328; baseline 0.002 -24"><span class='ocrx_word' id='word_1_356' title='bbox 266 4247 647 4327; x_wconf 80' lang='grc' dir='ltr'>ἀναπαιστικῷ.</span> <span class='ocrx_word' id='word_1_357' title='bbox 673 4246 761 4305; x_wconf 77' lang='grc' dir='ltr'>καὶ</span> <span class='ocrx_word' id='word_1_358' title='bbox 799 4244 900 4328; x_wconf 75' lang='grc' dir='ltr'>γὰρ</span> <span class='ocrx_word' id='word_1_359' title='bbox 939 4246 1006 4306; x_wconf 74' lang='grc' dir='ltr'>τὰ</span> <span class='ocrx_word' id='word_1_360' title='bbox 1053 4247 1191 4327; x_wconf 78' lang='grc' dir='ltr'>β(ἰά</span> <span class='ocrx_word' id='word_1_361' title='bbox 1232 4260 1317 4305; x_wconf 84' lang='lat' dir='ltr'><strong>est</strong></span> <span class='ocrx_word' id='word_1_362' title='bbox 1347 4245 1417 4305; x_wconf 78' lang='grc' dir='ltr'>τὰ</span> <span class='ocrx_word' id='word_1_363' title='bbox 1453 4246 1563 4321; x_wconf 86' lang='grc' dir='ltr'>δύο,</span> <span class='ocrx_word' id='word_1_364' title='bbox 1603 4250 1786 4326; x_wconf 80' lang='lat' dir='ltr'><strong>ambo)</strong></span> 
     </span>
     <span class='ocr_line' id='line_1_47' title="bbox 262 4332 1789 4415; baseline 0.002 -24"><span class='ocrx_word' id='word_1_365' title='bbox 262 4335 368 4392; x_wconf 88' lang='grc' dir='ltr'>τῶν</span> <span class='ocrx_word' id='word_1_366' title='bbox 412 4332 707 4412; x_wconf 83' lang='grc' dir='ltr'>λεγομένων</span> <span class='ocrx_word' id='word_1_367' title='bbox 751 4334 1060 4415; x_wconf 79' lang='grc' dir='ltr'>χοιριλείων.</span> <span class='ocrx_word' id='word_1_368' title='bbox 1085 4337 1352 4412; x_wconf 80' lang='lat' dir='ltr'><strong>(Versum</strong></span> <span class='ocrx_word' id='word_1_369' title='bbox 1392 4334 1531 4392; x_wconf 87' lang='lat' dir='ltr'><strong>dicit</strong></span> <span class='ocrx_word' id='word_1_370' title='bbox 1575 4334 1694 4405; x_wconf 80' lang='grc' dir='ltr'>ἄξια</span> <span class='ocrx_word' id='word_1_371' title='bbox 1721 4342 1789 4409; x_wconf 90' lang='grc' dir='ltr'>σῆ</span> 
     </span>
     <span class='ocr_line' id='line_1_48' title="bbox 264 4402 1835 4530; baseline 0.004 -53"><span class='ocrx_word' id='word_1_372' title='bbox 264 4420 411 4501; x_wconf 76' lang='grc' dir='ltr'>φρενὶ</span> <span class='ocrx_word' id='word_1_373' title='bbox 440 4420 987 4500; x_wconf 79' lang='grc' dir='ltr'>συμὸουλευσομένους</span> <span class='ocrx_word' id='word_1_374' title='bbox 1014 4420 1145 4499; x_wconf 73' lang='grc' dir='ltr'>μετὰ</span> <span class='ocrx_word' id='word_1_375' title='bbox 1189 4422 1326 4500; x_wconf 79' lang='grc' dir='ltr'>σοῦ.)</span> <span class='ocrx_word' id='word_1_376' title='bbox 1352 4426 1386 4494; x_wconf 79' lang='grc' dir='ltr'>ἡ</span> <span class='ocrx_word' id='word_1_377' title='bbox 1432 4422 1668 4503; x_wconf 84' lang='grc' dir='ltr'>περίοδος</span> <span class='ocrx_word' id='word_1_378' title='bbox 1708 4402 1792 4483; x_wconf 44' lang='grc' dir='ltr'>ἕν’·</span> <span class='ocrx_word' id='word_1_379' title='bbox 1824 4414 1835 4530; x_wconf 75' lang='grc' dir='ltr'>Ι</span> 
     </span>
     <span class='ocr_line' id='line_1_49' title="bbox 264 4498 1787 4592; baseline 0.003 -27"><span class='ocrx_word' id='word_1_380' title='bbox 264 4506 586 4582; x_wconf 82' lang='grc' dir='ltr'>δεκάκωλος,</span> <span class='ocrx_word' id='word_1_381' title='bbox 617 4498 691 4568; x_wconf 73' lang='grc' dir='ltr'>ῶν</span> <span class='ocrx_word' id='word_1_382' title='bbox 730 4508 790 4567; x_wconf 81' lang='grc' dir='ltr'>τὸ</span> <span class='ocrx_word' id='word_1_383' title='bbox 815 4507 909 4587; x_wconf 76' lang='grc' dir='ltr'>μὲν</span> <span class='ocrx_word' id='word_1_384' title='bbox 937 4513 1144 4585; x_wconf 71' lang='grc' dir='ltr'>πρῶτον</span> <span class='ocrx_word' id='word_1_385' title='bbox 1166 4508 1443 4592; x_wconf 80' lang='grc' dir='ltr'>τροχαῖκὸν</span> <span class='ocrx_word' id='word_1_386' title='bbox 1452 4509 1585 4569; x_wconf 83' lang='grc' dir='ltr'>-τὸ</span> <span class='ocrx_word' id='word_1_387' title='bbox 1606 4535 1640 4580; x_wconf 84' lang='grc' dir='ltr'>ς</span> <span class='ocrx_word' id='word_1_388' title='bbox 1663 4514 1787 4591; x_wconf 77' lang='grc' dir='ltr'>ἰαμ-</span> 
     </span>
     <span class='ocr_line' id='line_1_50' title="bbox 262 4592 1787 4676; baseline 0.003 -24"><span class='ocrx_word' id='word_1_389' title='bbox 262 4592 388 4666; x_wconf 76' lang='grc' dir='ltr'>ὅικὴ</span> <span class='ocrx_word' id='word_1_390' title='bbox 439 4594 610 4674; x_wconf 80' lang='grc' dir='ltr'>βάσις.</span> <span class='ocrx_word' id='word_1_391' title='bbox 655 4593 717 4655; x_wconf 80' lang='grc' dir='ltr'>τὸ</span> <span class='ocrx_word' id='word_1_392' title='bbox 758 4599 794 4664; x_wconf 85' lang='grc' dir='ltr'><strong>ζ</strong></span> <span class='ocrx_word' id='word_1_393' title='bbox 838 4595 1195 4669; x_wconf 79' lang='grc' dir='ltr'>ἄναπαιστικὴ</span> <span class='ocrx_word' id='word_1_394' title='bbox 1251 4595 1592 4676; x_wconf 82' lang='grc' dir='ltr'>προσωδιακὴ</span> <span class='ocrx_word' id='word_1_395' title='bbox 1638 4602 1655 4674; x_wconf 95' lang='grc'>(</span> <span class='ocrx_word' id='word_1_396' title='bbox 1680 4618 1787 4657; x_wconf 81' lang='lat' dir='ltr'><strong>scr.</strong></span> 
     </span>
     <span class='ocr_line' id='line_1_51' title="bbox 258 4680 1790 4764; baseline 0.002 -23"><span class='ocrx_word' id='word_1_397' title='bbox 258 4680 608 4761; x_wconf 82' lang='grc' dir='ltr'>προσοδιακὴ)</span> <span class='ocrx_word' id='word_1_398' title='bbox 640 4681 879 4764; x_wconf 82' lang='grc' dir='ltr'>περίοδος</span> <span class='ocrx_word' id='word_1_399' title='bbox 923 4683 1292 4761; x_wconf 78' lang='grc' dir='ltr'>δωδεκάσημος</span> <span class='ocrx_word' id='word_1_400' title='bbox 1326 4681 1415 4741; x_wconf 76' lang='grc' dir='ltr'>καὶ</span> <span class='ocrx_word' id='word_1_401' title='bbox 1453 4681 1514 4742; x_wconf 78' lang='grc' dir='ltr'>τὸ</span> <span class='ocrx_word' id='word_1_402' title='bbox 1555 4707 1611 4755; x_wconf 88' lang='grc' dir='ltr'>η.</span> <span class='ocrx_word' id='word_1_403' title='bbox 1655 4683 1790 4744; x_wconf 75' lang='grc' dir='ltr'>ἀλλὰ</span> 
     </span>
     <span class='ocr_line' id='line_1_52' title="bbox 262 4767 1791 4852; baseline 0.002 -26"><span class='ocrx_word' id='word_1_404' title='bbox 262 4772 526 4839; x_wconf 77' lang='grc' dir='ltr'>συνῆπται</span> <span class='ocrx_word' id='word_1_405' title='bbox 552 4773 629 4850; x_wconf 79' lang='grc' dir='ltr'>τῷ</span> <span class='ocrx_word' id='word_1_406' title='bbox 654 4770 771 4841; x_wconf 77' lang='grc' dir='ltr'>ἑξῆς</span> <span class='ocrx_word' id='word_1_407' title='bbox 794 4771 1026 4852; x_wconf 74' lang='grc' dir='ltr'>ἰαμόικῶ</span> <span class='ocrx_word' id='word_1_408' title='bbox 1049 4775 1443 4850; x_wconf 84' lang='grc' dir='ltr'>πενθημιμερεῖ.</span> <span class='ocrx_word' id='word_1_409' title='bbox 1469 4767 1531 4829; x_wconf 78' lang='grc' dir='ltr'>τὸ</span> <span class='ocrx_word' id='word_1_410' title='bbox 1556 4794 1573 4828; x_wconf 91' lang='grc' dir='ltr'>ι</span> <span class='ocrx_word' id='word_1_411' title='bbox 1602 4770 1791 4829; x_wconf 82' lang='grc' dir='ltr'>δακτυ-</span> 
     </span>
     <span class='ocr_line' id='line_1_53' title="bbox 257 4853 1788 4940; baseline 0.001 -24"><span class='ocrx_word' id='word_1_412' title='bbox 257 4853 406 4916; x_wconf 76' lang='grc' dir='ltr'>λικὸν</span> <span class='ocrx_word' id='word_1_413' title='bbox 436 4857 603 4933; x_wconf 83' lang='lat' dir='ltr'><strong>(adde</strong></span> <span class='ocrx_word' id='word_1_414' title='bbox 631 4859 784 4929; x_wconf 67' lang='lat' dir='ltr'>zet-tit)</span> <span class='ocrx_word' id='word_1_415' title='bbox 807 4867 1073 4940; x_wconf 79' lang='grc' dir='ltr'>τροχαῖον.</span> <span class='ocrx_word' id='word_1_416' title='bbox 1100 4857 1162 4917; x_wconf 81' lang='grc' dir='ltr'>τὸ</span> <span class='ocrx_word' id='word_1_417' title='bbox 1193 4883 1244 4917; x_wconf 93' lang='grc' dir='ltr'>ια</span> <span class='ocrx_word' id='word_1_418' title='bbox 1270 4856 1616 4939; x_wconf 75' lang='grc' dir='ltr'>τρισόλλαὸος</span> <span class='ocrx_word' id='word_1_419' title='bbox 1653 4857 1788 4918; x_wconf 75' lang='grc' dir='ltr'>κατὰ</span> 
     </span>
     <span class='ocr_line' id='line_1_54' title="bbox 256 4943 1788 5026; baseline 0.001 -23"><span class='ocrx_word' id='word_1_420' title='bbox 256 4943 397 5005; x_wconf 82' lang='grc' dir='ltr'>πόδα</span> <span class='ocrx_word' id='word_1_421' title='bbox 433 4945 695 5026; x_wconf 82' lang='grc' dir='ltr'>κρητικόν.</span> <span class='ocrx_word' id='word_1_422' title='bbox 742 4953 1000 5024; x_wconf 85' lang='lat' dir='ltr'>Apparet</span> <span class='ocrx_word' id='word_1_423' title='bbox 1046 4949 1166 5007; x_wconf 82' lang='lat' dir='ltr'>haec</span> <span class='ocrx_word' id='word_1_424' title='bbox 1221 4949 1301 5007; x_wconf 84' lang='lat' dir='ltr'>ita</span> <span class='ocrx_word' id='word_1_425' title='bbox 1355 4967 1478 5007; x_wconf 84' lang='lat' dir='ltr'><strong>esse</strong></span> <span class='ocrx_word' id='word_1_426' title='bbox 1519 4960 1788 5026; x_wconf 79' lang='lat' dir='ltr'><strong>transpo-</strong></span> 
     </span>
     <span class='ocr_line' id='line_1_55' title="bbox 258 5032 1785 5115; baseline 0.001 -24"><span class='ocrx_word' id='word_1_427' title='bbox 258 5032 446 5092; x_wconf 85' lang='lat' dir='ltr'><strong>nenda</strong></span> <span class='ocrx_word' id='word_1_428' title='bbox 472 5045 539 5089; x_wconf 89' lang='lat' dir='ltr'>ut</span> <span class='ocrx_word' id='word_1_429' title='bbox 562 5033 814 5111; x_wconf 85' lang='lat' dir='ltr'><strong>primum</strong></span> <span class='ocrx_word' id='word_1_430' title='bbox 839 5035 913 5094; x_wconf 87' lang='lat' dir='ltr'>de</span> <span class='ocrx_word' id='word_1_431' title='bbox 940 5036 1179 5114; x_wconf 82' lang='lat' dir='ltr'>periodo</span> <span class='ocrx_word' id='word_1_432' title='bbox 1198 5034 1539 5115; x_wconf 76' lang='grc' dir='ltr'>ἐνδεκακώλῳ</span> <span class='ocrx_word' id='word_1_433' title='bbox 1563 5047 1785 5112; x_wconf 80' lang='lat' dir='ltr'>agatur,</span> 
     </span>
    </p>
   </div>
   <div class='ocr_carea' id='block_1_4' title="bbox 443 5140 894 5191">
    <p class='ocr_par' dir='ltr' id='par_1_8' title="bbox 443 5140 894 5191">
     <span class='ocr_line' id='line_1_56' title="bbox 443 5140 894 5191; baseline 0.007 -3"><span class='ocrx_word' id='word_1_434' title='bbox 443 5140 613 5188; x_wconf 70' lang='lat' dir='ltr'><strong>scunt„</strong></span> <span class='ocrx_word' id='word_1_435' title='bbox 642 5144 894 5191; x_wconf 69' lang='grc' dir='ltr'>Ακιετονῑι.</span> 
     </span>
    </p>
   </div>
   <div class='ocr_carea' id='block_1_5' title="bbox 3272 265 3382 316">
    <p class='ocr_par' dir='ltr' id='par_1_9' title="bbox 3272 265 3382 316">
     <span class='ocr_line' id='line_1_57' title="bbox 3272 265 3382 316; baseline 0.036 -4"><span class='ocrx_word' id='word_1_436' title='bbox 3272 265 3382 316; x_wconf 80' lang='grc'>433</span> 
     </span>
    </p>
   </div>
   <div class='ocr_carea' id='block_1_6' title="bbox 1858 374 3398 3167">
    <p class='ocr_par' dir='ltr' id='par_1_10' title="bbox 1858 374 3393 1424">
     <span class='ocr_line' id='line_1_58' title="bbox 1861 374 3380 461; baseline 0.001 -25"><span class='ocrx_word' id='word_1_437' title='bbox 1861 397 1991 455; x_wconf 81' lang='lat' dir='ltr'>quae</span> <span class='ocrx_word' id='word_1_438' title='bbox 2026 377 2535 455; x_wconf 80' lang='lat' dir='ltr'><strong>comprehenditur</strong></span> <span class='ocrx_word' id='word_1_439' title='bbox 2577 374 2788 435; x_wconf 83' lang='lat' dir='ltr'><strong>verbis·</strong></span> <span class='ocrx_word' id='word_1_440' title='bbox 2810 377 2957 454; x_wconf 75' lang='grc' dir='ltr'>λῆμα</span> <span class='ocrx_word' id='word_1_441' title='bbox 2981 377 3380 461; x_wconf 74' lang='grc' dir='ltr'>μὲν-ὄψομαι,</span> 
     </span>
     <span class='ocr_line' id='line_1_59' title="bbox 1858 453 3381 545; baseline 0.003 -22"><span class='ocrx_word' id='word_1_442' title='bbox 1858 465 2062 524; x_wconf 88' lang='lat' dir='ltr'><strong>deinde</strong></span> <span class='ocrx_word' id='word_1_443' title='bbox 2085 465 2155 522; x_wconf 88' lang='lat' dir='ltr'>de</span> <span class='ocrx_word' id='word_1_444' title='bbox 2183 464 2504 545; x_wconf 75' lang='grc' dir='ltr'>ἐννεακώλῳ,</span> <span class='ocrx_word' id='word_1_445' title='bbox 2528 453 2631 545; x_wconf 63' lang='grc' dir='ltr'>ἆρά</span> <span class='ocrx_word' id='word_1_446' title='bbox 2653 487 2714 542; x_wconf 88' lang='grc' dir='ltr'>γε</span> <span class='ocrx_word' id='word_1_447' title='bbox 2737 464 3092 544; x_wconf 74' lang='grc' dir='ltr'>τοῦτ’-..μετὰ</span> <span class='ocrx_word' id='word_1_448' title='bbox 3110 473 3221 526; x_wconf 74' lang='grc' dir='ltr'>σοῦ.</span> <span class='ocrx_word' id='word_1_449' title='bbox 3249 474 3381 527; x_wconf 85' lang='lat' dir='ltr'><strong>Me·-</strong></span> 
     </span>
     <span class='ocr_line' id='line_1_60' title="bbox 1859 552 3382 629; baseline 0.003 -19"><span class='ocrx_word' id='word_1_450' title='bbox 1859 552 1948 611; x_wconf 70' lang='lat' dir='ltr'>tra</span> <span class='ocrx_word' id='word_1_451' title='bbox 1978 552 2267 629; x_wconf 86' lang='lat' dir='ltr'><strong>quomodo</strong></span> <span class='ocrx_word' id='word_1_452' title='bbox 2310 552 2715 629; x_wconf 71' lang='lat' dir='ltr'><strong>descripserint</strong></span> <span class='ocrx_word' id='word_1_453' title='bbox 2754 554 2978 612; x_wconf 82' lang='lat' dir='ltr'><strong>metrici</strong></span> <span class='ocrx_word' id='word_1_454' title='bbox 3016 568 3273 625; x_wconf 76' lang='lat' dir='ltr'><strong>veteres,</strong></span> <span class='ocrx_word' id='word_1_455' title='bbox 3308 577 3382 615; x_wconf 83' lang='lat' dir='ltr'>ex</span> 
     </span>
     <span class='ocr_line' id='line_1_61' title="bbox 1858 641 3382 719; baseline 0.003 -20"><span class='ocrx_word' id='word_1_456' title='bbox 1858 642 2000 719; x_wconf 88' lang='lat' dir='ltr'><strong>ipsis</strong></span> <span class='ocrx_word' id='word_1_457' title='bbox 2040 660 2239 699; x_wconf 83' lang='lat' dir='ltr'><strong>eorum</strong></span> <span class='ocrx_word' id='word_1_458' title='bbox 2285 641 2484 699; x_wconf 85' lang='lat' dir='ltr'><strong>verbis</strong></span> <span class='ocrx_word' id='word_1_459' title='bbox 2530 641 2890 700; x_wconf 80' lang='lat' dir='ltr'><strong>manifestum</strong></span> <span class='ocrx_word' id='word_1_460' title='bbox 2926 655 3030 702; x_wconf 84' lang='lat' dir='ltr'><strong>est.</strong></span> <span class='ocrx_word' id='word_1_461' title='bbox 3077 645 3140 704; x_wconf 88' lang='lat' dir='ltr'>ln</span> <span class='ocrx_word' id='word_1_462' title='bbox 3165 645 3382 704; x_wconf 87' lang='lat' dir='ltr'><strong>scholio</strong></span> 
     </span>
     <span class='ocr_line' id='line_1_62' title="bbox 1862 728 3381 812; baseline 0.003 -25"><span class='ocrx_word' id='word_1_463' title='bbox 1862 734 2083 787; x_wconf 87' lang='lat' dir='ltr'><strong>Veneto</strong></span> <span class='ocrx_word' id='word_1_464' title='bbox 2112 728 2482 786; x_wconf 77' lang='lat' dir='ltr'>memorabile</span> <span class='ocrx_word' id='word_1_465' title='bbox 2510 742 2595 787; x_wconf 88' lang='lat' dir='ltr'><strong>est</strong></span> <span class='ocrx_word' id='word_1_466' title='bbox 2637 728 2793 805; x_wconf 89' lang='lat' dir='ltr'><strong>quod</strong></span> <span class='ocrx_word' id='word_1_467' title='bbox 2820 731 2970 788; x_wconf 79' lang='grc' dir='ltr'>κῶλα</span> <span class='ocrx_word' id='word_1_468' title='bbox 2998 734 3256 812; x_wconf 79' lang='grc' dir='ltr'>συνῆφθαι</span> <span class='ocrx_word' id='word_1_469' title='bbox 3285 733 3381 792; x_wconf 85' lang='lat' dir='ltr'>di-</span> 
     </span>
     <span class='ocr_line' id='line_1_63' title="bbox 1861 816 3387 895; baseline 0.005 -22"><span class='ocrx_word' id='word_1_470' title='bbox 1861 829 2096 886; x_wconf 85' lang='lat' dir='ltr'><strong>cuntur;</strong></span> <span class='ocrx_word' id='word_1_471' title='bbox 2122 827 2184 871; x_wconf 85' lang='lat' dir='ltr'>ut</span> <span class='ocrx_word' id='word_1_472' title='bbox 2209 816 2267 874; x_wconf 89' lang='lat' dir='ltr'>in</span> <span class='ocrx_word' id='word_1_473' title='bbox 2295 817 2471 874; x_wconf 85' lang='lat' dir='ltr'><strong>schol.</strong></span> <span class='ocrx_word' id='word_1_474' title='bbox 2494 817 2566 874; x_wconf 87' lang='lat' dir='ltr'>ad</span> <span class='ocrx_word' id='word_1_475' title='bbox 2586 819 2690 893; x_wconf 84' lang='lat' dir='ltr'>Eq.</span> <span class='ocrx_word' id='word_1_476' title='bbox 2712 821 2847 891; x_wconf 83' lang='lat'><strong>973,</strong></span> <span class='ocrx_word' id='word_1_477' title='bbox 2872 817 2970 874; x_wconf 85' lang='lat' dir='ltr'>ubi</span> <span class='ocrx_word' id='word_1_478' title='bbox 2992 817 3063 876; x_wconf 88' lang='lat' dir='ltr'>de</span> <span class='ocrx_word' id='word_1_479' title='bbox 3082 833 3387 895; x_wconf 73' lang='lat' dir='ltr'><strong>systemate</strong></span> 
     </span>
     <span class='ocr_line' id='line_1_64' title="bbox 1861 902 3383 987; baseline 0.003 -25"><span class='ocrx_word' id='word_1_480' title='bbox 1861 921 2131 962; x_wconf 76' lang='lat' dir='ltr'><strong>versuum</strong></span> <span class='ocrx_word' id='word_1_481' title='bbox 2188 902 2594 979; x_wconf 78' lang='lat' dir='ltr'><strong>glyconeorum</strong></span> <span class='ocrx_word' id='word_1_482' title='bbox 2647 904 2864 980; x_wconf 81' lang='lat' dir='ltr'><strong>agitur,</strong></span> <span class='ocrx_word' id='word_1_483' title='bbox 2920 907 3180 975; x_wconf 88' lang='grc' dir='ltr'>συνῆπται</span> <span class='ocrx_word' id='word_1_484' title='bbox 3234 907 3291 966; x_wconf 76' lang='grc' dir='ltr'>δὲ</span> <span class='ocrx_word' id='word_1_485' title='bbox 3316 912 3383 987; x_wconf 81' lang='grc' dir='ltr'>τῇ</span> 
     </span>
     <span class='ocr_line' id='line_1_65' title="bbox 1860 988 3385 1073; baseline 0.001 -23"><span class='ocrx_word' id='word_1_486' title='bbox 1860 989 1996 1060; x_wconf 78' lang='grc' dir='ltr'>λε’ξει</span> <span class='ocrx_word' id='word_1_487' title='bbox 2039 988 2128 1050; x_wconf 77' lang='grc' dir='ltr'>καὶ</span> <span class='ocrx_word' id='word_1_488' title='bbox 2168 988 2324 1067; x_wconf 88' lang='grc' dir='ltr'>μόνον</span> <span class='ocrx_word' id='word_1_489' title='bbox 2366 989 2690 1071; x_wconf 81' lang='grc' dir='ltr'>διακέκριται</span> <span class='ocrx_word' id='word_1_490' title='bbox 2737 989 2799 1049; x_wconf 80' lang='grc' dir='ltr'>τὸ</span> <span class='ocrx_word' id='word_1_491' title='bbox 2835 991 3222 1073; x_wconf 78' lang='grc' dir='ltr'>φερεκράτειον,</span> <span class='ocrx_word' id='word_1_492' title='bbox 3267 1016 3385 1073; x_wconf 90' lang='lat' dir='ltr'>quo</span> 
     </span>
     <span class='ocr_line' id='line_1_66' title="bbox 1862 1079 3386 1157; baseline 0.005 -21"><span class='ocrx_word' id='word_1_493' title='bbox 1862 1079 2150 1138; x_wconf 84' lang='lat' dir='ltr'><strong>indicatur</strong></span> <span class='ocrx_word' id='word_1_494' title='bbox 2192 1080 2368 1137; x_wconf 84' lang='lat' dir='ltr'><strong>ternis</strong></span> <span class='ocrx_word' id='word_1_495' title='bbox 2423 1079 2751 1157; x_wconf 86' lang='lat' dir='ltr'><strong>quibusque</strong></span> <span class='ocrx_word' id='word_1_496' title='bbox 2793 1079 3053 1139; x_wconf 80' lang='lat' dir='ltr'><strong>versibus</strong></span> <span class='ocrx_word' id='word_1_497' title='bbox 3103 1083 3163 1140; x_wconf 89' lang='lat' dir='ltr'>in</span> <span class='ocrx_word' id='word_1_498' title='bbox 3210 1105 3386 1142; x_wconf 88' lang='lat' dir='ltr'><strong>unum</strong></span> 
     </span>
     <span class='ocr_line' id='line_1_67' title="bbox 1861 1166 3387 1246; baseline 0.007 -24"><span class='ocrx_word' id='word_1_499' title='bbox 1861 1166 2273 1245; x_wconf 81' lang='lat' dir='ltr'><strong>conjungendis</strong></span> <span class='ocrx_word' id='word_1_500' title='bbox 2303 1168 2736 1246; x_wconf 78' lang='lat' dir='ltr'><strong>pherecraleum</strong></span> <span class='ocrx_word' id='word_1_501' title='bbox 2769 1167 2994 1244; x_wconf 86' lang='lat' dir='ltr'><strong>subjici.</strong></span> <span class='ocrx_word' id='word_1_502' title='bbox 3027 1173 3291 1230; x_wconf 82' lang='lat' dir='ltr'><strong>Ceterum</strong></span> <span class='ocrx_word' id='word_1_503' title='bbox 3316 1179 3387 1232; x_wconf 87' lang='lat' dir='ltr'>V.</span> 
     </span>
     <span class='ocr_line' id='line_1_68' title="bbox 1862 1255 3393 1344; baseline 0.005 -33"><span class='ocrx_word' id='word_1_504' title='bbox 1862 1273 1969 1331; x_wconf 81' lang='lat' dir='ltr'>per</span> <span class='ocrx_word' id='word_1_505' title='bbox 1994 1268 2176 1312; x_wconf 86' lang='lat' dir='ltr'><strong>totum</strong></span> <span class='ocrx_word' id='word_1_506' title='bbox 2210 1256 2471 1338; x_wconf 55' lang='lat' dir='ltr'><strong>scholion}</strong></span> <span class='ocrx_word' id='word_1_507' title='bbox 2495 1255 2702 1344; x_wconf 59' lang='lat' dir='ltr'><strong>scribit</strong></span> <span class='ocrx_word' id='word_1_508' title='bbox 2725 1256 3097 1337; x_wconf 76' lang='grc' dir='ltr'>έφθημημερής</span> <span class='ocrx_word' id='word_1_509' title='bbox 3120 1271 3178 1316; x_wconf 81' lang='lat' dir='ltr'>et</span> <span class='ocrx_word' id='word_1_510' title='bbox 3204 1265 3393 1332; x_wconf 82' lang='grc' dir='ltr'>πενθη-</span> 
     </span>
     <span class='ocr_line' id='line_1_69' title="bbox 1862 1339 3384 1424; baseline 0.006 -26"><span class='ocrx_word' id='word_1_511' title='bbox 1862 1340 2120 1421; x_wconf 81' lang='grc' dir='ltr'>μημερής.</span> <span class='ocrx_word' id='word_1_512' title='bbox 2145 1348 2390 1401; x_wconf 76' lang='lat' dir='ltr'><strong>Dmn.-</strong></span> <span class='ocrx_word' id='word_1_513' title='bbox 2410 1346 2475 1400; x_wconf 81' lang='lat'>16</span> <span class='ocrx_word' id='word_1_514' title='bbox 2502 1363 2588 1420; x_wconf 86' lang='lat' dir='ltr'><strong>sq.</strong></span> <span class='ocrx_word' id='word_1_515' title='bbox 2615 1339 2677 1400; x_wconf 77' lang='grc' dir='ltr'>τὸ</span> <span class='ocrx_word' id='word_1_516' title='bbox 2703 1365 2729 1400; x_wconf 89' lang='grc' dir='ltr'>ε</span> <span class='ocrx_word' id='word_1_517' title='bbox 2751 1341 3083 1424; x_wconf 80' lang='grc' dir='ltr'>φερεκράτιον</span> <span class='ocrx_word' id='word_1_518' title='bbox 3108 1347 3286 1414; x_wconf 74' lang='grc' dir='ltr'>ἀτελές</span> <span class='ocrx_word' id='word_1_519' title='bbox 3314 1354 3384 1407; x_wconf 88' lang='lat' dir='ltr'>V.</span> 
     </span>
    </p>

    <p class='ocr_par' dir='ltr' id='par_1_11' title="bbox 1945 1426 3389 1516">
     <span class='ocr_line' id='line_1_70' title="bbox 1945 1426 3389 1516; baseline 0.006 -30"><span class='ocrx_word' id='word_1_520' title='bbox 1945 1439 2080 1502; x_wconf 76' lang='lat'><strong>471,</strong></span> <span class='ocrx_word' id='word_1_521' title='bbox 2116 1431 2187 1497; x_wconf 82' lang='grc'>43</span> <span class='ocrx_word' id='word_1_522' title='bbox 2215 1426 2308 1495; x_wconf 82' lang='grc' dir='ltr'>τὰς</span> <span class='ocrx_word' id='word_1_523' title='bbox 2341 1429 2488 1497; x_wconf 81' lang='grc' dir='ltr'>δίκας</span> <span class='ocrx_word' id='word_1_524' title='bbox 2518 1429 2693 1496; x_wconf 80' lang='grc' dir='ltr'>πάσας</span> <span class='ocrx_word' id='word_1_525' title='bbox 2718 1428 3007 1510; x_wconf 73' lang='grc' dir='ltr'>πράγματα</span> <span class='ocrx_word' id='word_1_526' title='bbox 3033 1434 3389 1516; x_wconf 74' lang='grc' dir='ltr'>κάντιγραφὰς</span> 
     </span>
    </p>

    <p class='ocr_par' dir='ltr' id='par_1_12' title="bbox 1865 1601 3392 1772">
     <span class='ocr_line' id='line_1_71' title="bbox 1946 1601 3392 1685; baseline 0.006 -25"><span class='ocrx_word' id='word_1_527' title='bbox 1946 1611 2056 1675; x_wconf 88' lang='grc'>474</span> <span class='ocrx_word' id='word_1_528' title='bbox 2081 1601 2173 1661; x_wconf 78' lang='grc' dir='ltr'>σὺν</span> <span class='ocrx_word' id='word_1_529' title='bbox 2199 1606 2265 1678; x_wconf 83' lang='grc' dir='ltr'>τῇ</span> <span class='ocrx_word' id='word_1_530' title='bbox 2294 1606 2363 1682; x_wconf 81' lang='grc' dir='ltr'>σῇ</span> <span class='ocrx_word' id='word_1_531' title='bbox 2390 1603 2536 1685; x_wconf 77' lang='grc' dir='ltr'>φρενὶ</span> <span class='ocrx_word' id='word_1_532' title='bbox 2564 1603 2967 1682; x_wconf 78' lang='grc' dir='ltr'>βουλευομένους</span> <span class='ocrx_word' id='word_1_533' title='bbox 2988 1604 3120 1683; x_wconf 77' lang='grc' dir='ltr'>μετὰ</span> <span class='ocrx_word' id='word_1_534' title='bbox 3156 1613 3269 1668; x_wconf 81' lang='grc' dir='ltr'>σοῦ.</span> <span class='ocrx_word' id='word_1_535' title='bbox 3297 1611 3392 1668; x_wconf 82' lang='grc' dir='ltr'>οὐ·</span> 
     </span>
     <span class='ocr_line' id='line_1_72' title="bbox 1865 1688 2914 1772; baseline 0.005 -25"><span class='ocrx_word' id='word_1_536' title='bbox 1865 1688 2068 1768; x_wconf 83' lang='grc' dir='ltr'>δέτερον</span> <span class='ocrx_word' id='word_1_537' title='bbox 2098 1689 2178 1769; x_wconf 74' lang='grc' dir='ltr'>(δὲ</span> <span class='ocrx_word' id='word_1_538' title='bbox 2206 1691 2360 1749; x_wconf 82' lang='lat' dir='ltr'><strong>addit</strong></span> <span class='ocrx_word' id='word_1_539' title='bbox 2387 1694 2481 1756; x_wconf 86' lang='lat' dir='ltr'>G.)</span> <span class='ocrx_word' id='word_1_540' title='bbox 2506 1691 2830 1772; x_wconf 71' lang='grc' dir='ltr'>ἐπεκράτησε</span> <span class='ocrx_word' id='word_1_541' title='bbox 2847 1697 2914 1752; x_wconf 86' lang='lat' dir='ltr'>V.</span> 
     </span>
    </p>

    <p class='ocr_par' dir='ltr' id='par_1_13' title="bbox 1948 1768 3308 1857">
     <span class='ocr_line' id='line_1_73' title="bbox 1948 1768 3308 1857; baseline 0.005 -22"><span class='ocrx_word' id='word_1_542' title='bbox 1948 1786 2016 1849; x_wconf 77' lang='grc'>47</span> <span class='ocrx_word' id='word_1_543' title='bbox 2027 1781 2081 1849; x_wconf 91' lang='grc'>6,</span> <span class='ocrx_word' id='word_1_544' title='bbox 2112 1787 2189 1854; x_wconf 88' lang='grc'>49</span> <span class='ocrx_word' id='word_1_545' title='bbox 2211 1768 2324 1837; x_wconf 75' lang='grc' dir='ltr'>εἶπε</span> <span class='ocrx_word' id='word_1_546' title='bbox 2344 1777 2445 1857; x_wconf 75' lang='grc' dir='ltr'>γὰρ</span> <span class='ocrx_word' id='word_1_547' title='bbox 2468 1785 2537 1837; x_wconf 91' lang='lat' dir='ltr'>V.</span> <span class='ocrx_word' id='word_1_548' title='bbox 2564 1786 2775 1838; x_wconf 88' lang='lat' dir='ltr'><strong>Totum</strong></span> <span class='ocrx_word' id='word_1_549' title='bbox 2804 1781 3063 1840; x_wconf 86' lang='lat' dir='ltr'><strong>scholion</strong></span> <span class='ocrx_word' id='word_1_550' title='bbox 3090 1803 3203 1842; x_wconf 87' lang='lat' dir='ltr'>om.</span> <span class='ocrx_word' id='word_1_551' title='bbox 3239 1791 3308 1842; x_wconf 91' lang='lat' dir='ltr'>G.</span> 
     </span>
    </p>

    <p class='ocr_par' dir='ltr' id='par_1_14' title="bbox 1866 1863 3389 2097">
     <span class='ocr_line' id='line_1_74' title="bbox 1948 1863 3387 1947; baseline 0.008 -27"><span class='ocrx_word' id='word_1_552' title='bbox 1948 1865 2059 1932; x_wconf 84' lang='grc'>488</span> <span class='ocrx_word' id='word_1_553' title='bbox 2082 1863 2333 1945; x_wconf 79' lang='grc' dir='ltr'>παρέλκει</span> <span class='ocrx_word' id='word_1_554' title='bbox 2368 1864 2429 1923; x_wconf 85' lang='grc' dir='ltr'>τὸ</span> <span class='ocrx_word' id='word_1_555' title='bbox 2469 1864 2657 1942; x_wconf 79' lang='grc' dir='ltr'>ἀμέλει</span> <span class='ocrx_word' id='word_1_556' title='bbox 2688 1871 2756 1925; x_wconf 77' lang='lat' dir='ltr'>R.</span> <span class='ocrx_word' id='word_1_557' title='bbox 2799 1866 2913 1924; x_wconf 76' lang='grc' dir='ltr'>ἀντὶ</span> <span class='ocrx_word' id='word_1_558' title='bbox 2949 1873 3041 1926; x_wconf 79' lang='grc' dir='ltr'>τοῦ</span> <span class='ocrx_word' id='word_1_559' title='bbox 3074 1868 3148 1947; x_wconf 79' lang='grc' dir='ltr'>μὴ</span> <span class='ocrx_word' id='word_1_560' title='bbox 3183 1871 3387 1947; x_wconf 80' lang='grc' dir='ltr'>ἀθύμει.</span> 
     </span>
     <span class='ocr_line' id='line_1_75' title="bbox 1867 1949 3389 2035; baseline 0.007 -25"><span class='ocrx_word' id='word_1_561' title='bbox 1867 1949 2076 2023; x_wconf 80' lang='grc' dir='ltr'>Ἀττικὴ</span> <span class='ocrx_word' id='word_1_562' title='bbox 2111 1955 2146 2023; x_wconf 76' lang='grc' dir='ltr'>ἡ</span> <span class='ocrx_word' id='word_1_563' title='bbox 2185 1949 2426 2021; x_wconf 79' lang='grc' dir='ltr'>σύνταξις</span> <span class='ocrx_word' id='word_1_564' title='bbox 2451 1958 2542 2027; x_wconf 91' lang='lat' dir='ltr'>V.,</span> <span class='ocrx_word' id='word_1_565' title='bbox 2570 1955 2785 2012; x_wconf 83' lang='lat' dir='ltr'><strong>omisso</strong></span> <span class='ocrx_word' id='word_1_566' title='bbox 2820 1953 3091 2035; x_wconf 79' lang='grc' dir='ltr'>παρέλκει.</span> <span class='ocrx_word' id='word_1_567' title='bbox 3118 1960 3389 2019; x_wconf 87' lang='lat' dir='ltr'><strong>Scholion</strong></span> 
     </span>
     <span class='ocr_line' id='line_1_76' title="bbox 1866 2044 2070 2097; baseline 0.01 -2"><span class='ocrx_word' id='word_1_568' title='bbox 1866 2057 1980 2097; x_wconf 86' lang='lat' dir='ltr'>om.</span> <span class='ocrx_word' id='word_1_569' title='bbox 1999 2044 2070 2097; x_wconf 90' lang='lat' dir='ltr'>G.</span> 
     </span>
    </p>

    <p class='ocr_par' dir='ltr' id='par_1_15' title="bbox 1865 2124 3393 2383">
     <span class='ocr_line' id='line_1_77' title="bbox 1947 2124 3393 2210; baseline 0.008 -27"><span class='ocrx_word' id='word_1_570' title='bbox 1947 2136 2062 2202; x_wconf 89' lang='grc'>490</span> <span class='ocrx_word' id='word_1_571' title='bbox 2098 2124 2276 2195; x_wconf 77' lang='grc' dir='ltr'>ἔπαιξε</span> <span class='ocrx_word' id='word_1_572' title='bbox 2320 2124 2378 2187; x_wconf 79' lang='grc' dir='ltr'>δὲ</span> <span class='ocrx_word' id='word_1_573' title='bbox 2420 2125 2506 2186; x_wconf 75' lang='grc' dir='ltr'>διὰ</span> <span class='ocrx_word' id='word_1_574' title='bbox 2533 2133 2626 2188; x_wconf 77' lang='grc' dir='ltr'>τοῦ</span> <span class='ocrx_word' id='word_1_575' title='bbox 2669 2128 3002 2210; x_wconf 73' lang='grc' dir='ltr'>ὑφαρπάσαι,</span> <span class='ocrx_word' id='word_1_576' title='bbox 3042 2134 3147 2192; x_wconf 79' lang='grc' dir='ltr'>αἰνι</span> <span class='ocrx_word' id='word_1_577' title='bbox 3337 2158 3393 2202; x_wconf 92' lang='grc' dir='ltr'>ος</span> 
     </span>
     <span class='ocr_line' id='line_1_78' title="bbox 1865 2209 3393 2296; baseline 0.009 -26"><span class='ocrx_word' id='word_1_578' title='bbox 1865 2209 1961 2284; x_wconf 74' lang='grc' dir='ltr'>τὴν</span> <span class='ocrx_word' id='word_1_579' title='bbox 1994 2212 2209 2285; x_wconf 77' lang='grc' dir='ltr'>κυνικὴν</span> <span class='ocrx_word' id='word_1_580' title='bbox 2234 2214 2563 2296; x_wconf 67' lang='grc' dir='ltr'>φιλοσοφίαν.</span> <span class='ocrx_word' id='word_1_581' title='bbox 2591 2214 2717 2284; x_wconf 77' lang='grc' dir='ltr'>ἴσως</span> <span class='ocrx_word' id='word_1_582' title='bbox 2740 2215 2798 2276; x_wconf 67' lang='grc' dir='ltr'>δὲ</span> <span class='ocrx_word' id='word_1_583' title='bbox 2823 2220 3060 2287; x_wconf 79' lang='grc' dir='ltr'>κάκεῖνος</span> <span class='ocrx_word' id='word_1_584' title='bbox 3081 2222 3142 2280; x_wconf 68' lang='grc' dir='ltr'>ἐκ</span> <span class='ocrx_word' id='word_1_585' title='bbox 3162 2225 3268 2281; x_wconf 87' lang='grc' dir='ltr'>τῶν</span> <span class='ocrx_word' id='word_1_586' title='bbox 3298 2247 3393 2283; x_wconf 82' lang='grc' dir='ltr'>κυ-</span> 
     </span>
     <span class='ocr_line' id='line_1_79' title="bbox 1866 2301 3008 2383; baseline 0.007 -25"><span class='ocrx_word' id='word_1_587' title='bbox 1866 2303 2024 2359; x_wconf 81' lang='grc' dir='ltr'>νικῶν</span> <span class='ocrx_word' id='word_1_588' title='bbox 2050 2301 2345 2383; x_wconf 86' lang='grc' dir='ltr'>φιλοσόφων</span> <span class='ocrx_word' id='word_1_589' title='bbox 2363 2301 2522 2362; x_wconf 74' lang='grc' dir='ltr'>έλαόε</span> <span class='ocrx_word' id='word_1_590' title='bbox 2545 2302 2608 2362; x_wconf 83' lang='grc' dir='ltr'>τὸ</span> <span class='ocrx_word' id='word_1_591' title='bbox 2634 2304 2854 2376; x_wconf 83' lang='grc' dir='ltr'>κυνηδόν</span> <span class='ocrx_word' id='word_1_592' title='bbox 2877 2306 3008 2366; x_wconf 80' lang='lat' dir='ltr'><strong>Ald.</strong></span> 
     </span>
    </p>

    <p class='ocr_par' dir='ltr' id='par_1_16' title="bbox 1866 2386 3398 2642">
     <span class='ocr_line' id='line_1_80' title="bbox 1950 2386 3395 2476; baseline 0.01 -33"><span class='ocrx_word' id='word_1_593' title='bbox 1950 2395 2085 2464; x_wconf 85' lang='grc'><strong>497,</strong></span> <span class='ocrx_word' id='word_1_594' title='bbox 2116 2393 2191 2447; x_wconf 73' lang='lat'>28</span> <span class='ocrx_word' id='word_1_595' title='bbox 2217 2386 2344 2470; x_wconf 84' lang='grc' dir='ltr'>ὅπερ</span> <span class='ocrx_word' id='word_1_596' title='bbox 2363 2389 2454 2448; x_wconf 77' lang='grc' dir='ltr'>καὶ</span> <span class='ocrx_word' id='word_1_597' title='bbox 2478 2395 2625 2448; x_wconf 85' lang='lat' dir='ltr'>V.-</span> <span class='ocrx_word' id='word_1_598' title='bbox 2648 2410 2724 2467; x_wconf 77' lang='lat'>29</span> <span class='ocrx_word' id='word_1_599' title='bbox 2741 2391 3034 2470; x_wconf 82' lang='grc' dir='ltr'>νοουμένων</span> <span class='ocrx_word' id='word_1_600' title='bbox 3063 2392 3126 2453; x_wconf 76' lang='grc' dir='ltr'>τὰ</span> <span class='ocrx_word' id='word_1_601' title='bbox 3147 2400 3292 2455; x_wconf 81' lang='lat' dir='ltr'>R.-</span> <span class='ocrx_word' id='word_1_602' title='bbox 3319 2400 3395 2476; x_wconf 85' lang='lat'>39</span> 
     </span>
     <span class='ocr_line' id='line_1_81' title="bbox 1866 2474 3398 2557; baseline 0.008 -26"><span class='ocrx_word' id='word_1_603' title='bbox 1866 2474 2207 2554; x_wconf 83' lang='grc' dir='ltr'>γυμνωθέντα</span> <span class='ocrx_word' id='word_1_604' title='bbox 2226 2475 2409 2536; x_wconf 83' lang='grc' dir='ltr'>τούτου</span> <span class='ocrx_word' id='word_1_605' title='bbox 2427 2482 2804 2537; x_wconf 73' lang='lat' dir='ltr'><strong>Her-mannus.</strong></span> <span class='ocrx_word' id='word_1_606' title='bbox 2841 2480 3205 2557; x_wconf 88' lang='grc' dir='ltr'>γυμνασθέντα</span> <span class='ocrx_word' id='word_1_607' title='bbox 3239 2488 3398 2543; x_wconf 77' lang='grc' dir='ltr'>τοῦτο</span> 
     </span>
     <span class='ocr_line' id='line_1_82' title="bbox 1869 2564 3093 2642; baseline 0.006 -21"><span class='ocrx_word' id='word_1_608' title='bbox 1869 2566 2086 2621; x_wconf 86' lang='lat' dir='ltr'><strong>Victor.</strong></span> <span class='ocrx_word' id='word_1_609' title='bbox 2112 2565 2325 2641; x_wconf 85' lang='lat' dir='ltr'><strong>Regius</strong></span> <span class='ocrx_word' id='word_1_610' title='bbox 2350 2567 2498 2624; x_wconf 73' lang='lat'>2821</span> <span class='ocrx_word' id='word_1_611' title='bbox 2532 2564 2871 2642; x_wconf 82' lang='grc' dir='ltr'>γυμνωθέντα</span> <span class='ocrx_word' id='word_1_612' title='bbox 2894 2573 3093 2628; x_wconf 77' lang='grc' dir='ltr'>τοῦτον.</span> 
     </span>
    </p>

    <p class='ocr_par' dir='ltr' id='par_1_17' title="bbox 1865 2650 3398 3167">
     <span class='ocr_line' id='line_1_83' title="bbox 1948 2650 3397 2736; baseline 0.006 -28"><span class='ocrx_word' id='word_1_613' title='bbox 1948 2660 2095 2727; x_wconf 88' lang='grc'>499,</span> <span class='ocrx_word' id='word_1_614' title='bbox 2130 2653 2511 2726; x_wconf 72' lang='lat' dir='ltr'><strong>43-50v.ita,</strong></span> <span class='ocrx_word' id='word_1_615' title='bbox 2535 2654 2583 2710; x_wconf 75' lang='grc' dir='ltr'>οἳ</span> <span class='ocrx_word' id='word_1_616' title='bbox 2611 2650 2714 2735; x_wconf 75' lang='grc' dir='ltr'>γὰρ</span> <span class='ocrx_word' id='word_1_617' title='bbox 2743 2651 3022 2731; x_wconf 82' lang='grc' dir='ltr'>μέλλοντες</span> <span class='ocrx_word' id='word_1_618' title='bbox 3043 2700 3106 2713; x_wconf 88' lang='lat'>...</span> <span class='ocrx_word' id='word_1_619' title='bbox 3124 2653 3212 2715; x_wconf 76' lang='grc' dir='ltr'>ἵνα</span> <span class='ocrx_word' id='word_1_620' title='bbox 3239 2657 3317 2736; x_wconf 76' lang='grc' dir='ltr'>μή</span> <span class='ocrx_word' id='word_1_621' title='bbox 3343 2682 3397 2719; x_wconf 89' lang='grc' dir='ltr'>τι</span> 
     </span>
     <span class='ocr_line' id='line_1_84' title="bbox 1866 2735 3398 2820; baseline 0.006 -24"><span class='ocrx_word' id='word_1_622' title='bbox 1866 2737 1966 2796; x_wconf 74' lang='grc' dir='ltr'>ὑπὸ</span> <span class='ocrx_word' id='word_1_623' title='bbox 2004 2735 2073 2797; x_wconf 76' lang='grc' dir='ltr'>τὰ</span> <span class='ocrx_word' id='word_1_624' title='bbox 2108 2736 2296 2817; x_wconf 76' lang='grc' dir='ltr'>ἱμάτια</span> <span class='ocrx_word' id='word_1_625' title='bbox 2326 2739 2488 2816; x_wconf 85' lang='lat' dir='ltr'><strong>(adde</strong></span> <span class='ocrx_word' id='word_1_626' title='bbox 2515 2737 2797 2820; x_wconf 80' lang='grc' dir='ltr'>κρύψωσι),</span> <span class='ocrx_word' id='word_1_627' title='bbox 2827 2738 2862 2811; x_wconf 83' lang='grc' dir='ltr'>ἢ</span> <span class='ocrx_word' id='word_1_628' title='bbox 2895 2737 2984 2800; x_wconf 81' lang='grc' dir='ltr'>ἵνα</span> <span class='ocrx_word' id='word_1_629' title='bbox 3026 2740 3102 2819; x_wconf 81' lang='grc' dir='ltr'>μὴ</span> <span class='ocrx_word' id='word_1_630' title='bbox 3143 2744 3398 2812; x_wconf 76' lang='grc' dir='ltr'>πολλάκις</span> 
     </span>
     <span class='ocr_line' id='line_1_85' title="bbox 1866 2825 3392 2914; baseline 0.006 -30"><span class='ocrx_word' id='word_1_631' title='bbox 1866 2826 2042 2907; x_wconf 74' lang='grc' dir='ltr'>ἐχθροὶ</span> <span class='ocrx_word' id='word_1_632' title='bbox 2070 2825 2214 2894; x_wconf 74' lang='grc' dir='ltr'>ὄντες</span> <span class='ocrx_word' id='word_1_633' title='bbox 2240 2826 2329 2887; x_wconf 85' lang='grc' dir='ltr'>καὶ</span> <span class='ocrx_word' id='word_1_634' title='bbox 2359 2827 2431 2903; x_wconf 69' lang='grc' dir='ltr'>μὴ</span> <span class='ocrx_word' id='word_1_635' title='bbox 2461 2825 2672 2907; x_wconf 84' lang='grc' dir='ltr'>ἔχοντες</span> <span class='ocrx_word' id='word_1_636' title='bbox 2704 2826 2963 2898; x_wconf 80' lang='grc' dir='ltr'>ἀπόδειξιν</span> <span class='ocrx_word' id='word_1_637' title='bbox 2996 2830 3142 2891; x_wconf 78' lang='grc' dir='ltr'>αὐτοὶ</span> <span class='ocrx_word' id='word_1_638' title='bbox 3166 2854 3392 2914; x_wconf 89' lang='grc' dir='ltr'>παρεισ-</span> 
     </span>
     <span class='ocr_line' id='line_1_86' title="bbox 1867 2912 3396 2993; baseline 0.004 -21"><span class='ocrx_word' id='word_1_639' title='bbox 1867 2912 2157 2991; x_wconf 85' lang='grc' dir='ltr'>ενεγκόντες</span> <span class='ocrx_word' id='word_1_640' title='bbox 2225 2915 2286 2974; x_wconf 81' lang='grc' dir='ltr'>τὸ</span> <span class='ocrx_word' id='word_1_641' title='bbox 2353 2914 2665 2993; x_wconf 80' lang='grc' dir='ltr'>ζητούμενον</span> <span class='ocrx_word' id='word_1_642' title='bbox 2724 2916 3066 2993; x_wconf 75' lang='grc' dir='ltr'>ὑποὸάλωσι,</span> <span class='ocrx_word' id='word_1_643' title='bbox 3124 2921 3396 2978; x_wconf 86' lang='lat' dir='ltr'><strong>omittens</strong></span> 
     </span>
     <span class='ocr_line' id='line_1_87' title="bbox 1865 3001 3395 3085; baseline 0.003 -23"><span class='ocrx_word' id='word_1_644' title='bbox 1865 3001 2027 3070; x_wconf 78' lang='grc' dir='ltr'>Ἔθος</span> <span class='ocrx_word' id='word_1_645' title='bbox 2040 3046 2106 3058; x_wconf 88' lang='grc'>..</span> <span class='ocrx_word' id='word_1_646' title='bbox 2127 3001 2357 3061; x_wconf 79' lang='grc' dir='ltr'>εἰσιέναι.</span> <span class='ocrx_word' id='word_1_647' title='bbox 2373 3035 2445 3048; x_wconf 88' lang='lat'>—-</span> <span class='ocrx_word' id='word_1_648' title='bbox 2463 3005 2536 3069; x_wconf 84' lang='grc'>48</span> <span class='ocrx_word' id='word_1_649' title='bbox 2552 3002 2842 3062; x_wconf 79' lang='grc' dir='ltr'>θεάσωνται</span> <span class='ocrx_word' id='word_1_650' title='bbox 2852 3011 2919 3064; x_wconf 84' lang='lat' dir='ltr'>R.</span> <span class='ocrx_word' id='word_1_651' title='bbox 2937 3011 3000 3063; x_wconf 85' lang='lat' dir='ltr'>V.</span> <span class='ocrx_word' id='word_1_652' title='bbox 3013 3052 3073 3064; x_wconf 87' lang='grc'>...</span> <span class='ocrx_word' id='word_1_653' title='bbox 3093 3006 3395 3085; x_wconf 87' lang='grc' dir='ltr'>49γενομέ-</span> 
     </span>
     <span class='ocr_line' id='line_1_88' title="bbox 1865 3089 2742 3167; baseline 0.001 -19"><span class='ocrx_word' id='word_1_654' title='bbox 1865 3112 1978 3162; x_wconf 92' lang='grc' dir='ltr'>νου,</span> <span class='ocrx_word' id='word_1_655' title='bbox 2008 3102 2065 3147; x_wconf 88' lang='lat' dir='ltr'>et</span> <span class='ocrx_word' id='word_1_656' title='bbox 2091 3089 2166 3167; x_wconf 81' lang='grc' dir='ltr'>μή</span> <span class='ocrx_word' id='word_1_657' title='bbox 2194 3114 2247 3149; x_wconf 88' lang='grc' dir='ltr'>τι</span> <span class='ocrx_word' id='word_1_658' title='bbox 2268 3089 2444 3148; x_wconf 80' lang='grc' dir='ltr'>πάντα</span> <span class='ocrx_word' id='word_1_659' title='bbox 2462 3089 2650 3167; x_wconf 75' lang='grc' dir='ltr'>ἱμάτια</span> <span class='ocrx_word' id='word_1_660' title='bbox 2672 3096 2742 3149; x_wconf 88' lang='lat' dir='ltr'>R.</span> 
     </span>
    </p>
   </div>
   <div class='ocr_carea' id='block_1_7' title="bbox 1868 3174 3472 4937">
    <p class='ocr_par' dir='ltr' id='par_1_18' title="bbox 1868 3174 3396 3347">
     <span class='ocr_line' id='line_1_89' title="bbox 1948 3174 3396 3260; baseline 0.005 -24"><span class='ocrx_word' id='word_1_661' title='bbox 1948 3179 2091 3249; x_wconf 87' lang='grc'><strong>504,</strong></span> <span class='ocrx_word' id='word_1_662' title='bbox 2130 3199 2179 3249; x_wconf 88' lang='grc' dir='ltr'>ι,</span> <span class='ocrx_word' id='word_1_663' title='bbox 2209 3174 2493 3252; x_wconf 79' lang='grc' dir='ltr'>ἐντετηκὼς</span> <span class='ocrx_word' id='word_1_664' title='bbox 2518 3184 2585 3237; x_wconf 85' lang='lat' dir='ltr'>V.</span> <span class='ocrx_word' id='word_1_665' title='bbox 2602 3224 2662 3238; x_wconf 85' lang='lat'>..</span> <span class='ocrx_word' id='word_1_666' title='bbox 2691 3199 2725 3237; x_wconf 80' lang='lat' dir='ltr'><strong>a</strong></span> <span class='ocrx_word' id='word_1_667' title='bbox 2750 3178 2987 3260; x_wconf 77' lang='grc' dir='ltr'>κυστερὶς</span> <span class='ocrx_word' id='word_1_668' title='bbox 3012 3178 3089 3240; x_wconf 72' lang='grc' dir='ltr'>ἔκ.</span> <span class='ocrx_word' id='word_1_669' title='bbox 3118 3184 3184 3240; x_wconf 79' lang='lat' dir='ltr'>R.</span> <span class='ocrx_word' id='word_1_670' title='bbox 3210 3205 3396 3242; x_wconf 80' lang='grc' dir='ltr'>νυκτε-</span> 
     </span>
     <span class='ocr_line' id='line_1_90' title="bbox 1868 3265 2206 3347; baseline 0.003 -23"><span class='ocrx_word' id='word_1_671' title='bbox 1868 3265 2003 3347; x_wconf 80' lang='grc' dir='ltr'>ρινὸς</span> <span class='ocrx_word' id='word_1_672' title='bbox 2032 3269 2107 3326; x_wconf 76' lang='grc' dir='ltr'>ἐκ.</span> <span class='ocrx_word' id='word_1_673' title='bbox 2136 3271 2206 3325; x_wconf 87' lang='lat' dir='ltr'>V.</span> 
     </span>
    </p>

    <p class='ocr_par' dir='ltr' id='par_1_19' title="bbox 1950 3352 2932 3436">
     <span class='ocr_line' id='line_1_91' title="bbox 1950 3352 2932 3436; baseline 0.001 -24"><span class='ocrx_word' id='word_1_674' title='bbox 1950 3357 2059 3427; x_wconf 87' lang='grc'>507</span> <span class='ocrx_word' id='word_1_675' title='bbox 2085 3358 2253 3433; x_wconf 78' lang='grc' dir='ltr'>μᾶζαν</span> <span class='ocrx_word' id='word_1_676' title='bbox 2279 3356 2357 3436; x_wconf 78' lang='grc' dir='ltr'>τῷ</span> <span class='ocrx_word' id='word_1_677' title='bbox 2387 3377 2444 3430; x_wconf 91' lang='grc' dir='ltr'>μ.</span> <span class='ocrx_word' id='word_1_678' title='bbox 2472 3352 2781 3430; x_wconf 81' lang='grc' dir='ltr'>δεδευμένην</span> <span class='ocrx_word' id='word_1_679' title='bbox 2803 3355 2932 3414; x_wconf 78' lang='lat' dir='ltr'><strong>Ald.</strong></span> 
     </span>
    </p>

    <p class='ocr_par' dir='ltr' id='par_1_20' title="bbox 1868 3441 3472 4937">
     <span class='ocr_line' id='line_1_92' title="bbox 1950 3441 3398 3524; baseline 0.004 -22"><span class='ocrx_word' id='word_1_680' title='bbox 1950 3445 2065 3502; x_wconf 78' lang='lat'>508</span> <span class='ocrx_word' id='word_1_681' title='bbox 2083 3487 2100 3516; x_wconf 92' lang='lat'>,</span> <span class='ocrx_word' id='word_1_682' title='bbox 2135 3464 2208 3501; x_wconf 76' lang='lat' dir='ltr'>aa</span> <span class='ocrx_word' id='word_1_683' title='bbox 2237 3444 2315 3524; x_wconf 84' lang='grc' dir='ltr'>τῷ</span> <span class='ocrx_word' id='word_1_684' title='bbox 2357 3448 2657 3502; x_wconf 84' lang='lat' dir='ltr'><strong>Kusterus.</strong></span> <span class='ocrx_word' id='word_1_685' title='bbox 2679 3441 2741 3501; x_wconf 81' lang='grc' dir='ltr'>τὸ</span> <span class='ocrx_word' id='word_1_686' title='bbox 2769 3444 2902 3502; x_wconf 81' lang='lat' dir='ltr'><strong>Ald.</strong></span> <span class='ocrx_word' id='word_1_687' title='bbox 2924 3487 2989 3499; x_wconf 88' lang='grc'>..-</span> <span class='ocrx_word' id='word_1_688' title='bbox 3021 3447 3094 3503; x_wconf 73' lang='lat'>23</span> <span class='ocrx_word' id='word_1_689' title='bbox 3122 3446 3188 3504; x_wconf 86' lang='grc' dir='ltr'>δι’</span> <span class='ocrx_word' id='word_1_690' title='bbox 3217 3445 3398 3508; x_wconf 79' lang='grc' dir='ltr'>ἄλλου.</span> 
     </span>
     <span class='ocr_line' id='line_1_93' title="bbox 1868 3529 3399 3615; baseline 0.002 -24"><span class='ocrx_word' id='word_1_691' title='bbox 1868 3533 2166 3592; x_wconf 83' lang='lat' dir='ltr'><strong>Ernestius</strong></span> <span class='ocrx_word' id='word_1_692' title='bbox 2201 3531 2436 3590; x_wconf 83' lang='lat' dir='ltr'><strong>volebat</strong></span> <span class='ocrx_word' id='word_1_693' title='bbox 2468 3530 2533 3588; x_wconf 84' lang='grc' dir='ltr'>δι’</span> <span class='ocrx_word' id='word_1_694' title='bbox 2562 3532 2719 3588; x_wconf 75' lang='grc' dir='ltr'>αὐτοῦ</span> <span class='ocrx_word' id='word_1_695' title='bbox 2759 3531 2935 3611; x_wconf 79' lang='lat' dir='ltr'><strong>(certe</strong></span> <span class='ocrx_word' id='word_1_696' title='bbox 2963 3529 3050 3590; x_wconf 73' lang='grc' dir='ltr'>διὰ</span> <span class='ocrx_word' id='word_1_697' title='bbox 3073 3539 3167 3592; x_wconf 82' lang='grc' dir='ltr'>τοῦ</span> <span class='ocrx_word' id='word_1_698' title='bbox 3196 3538 3399 3615; x_wconf 82' lang='grc' dir='ltr'>αὐτοῦ),</span> 
     </span>
     <span class='ocr_line' id='line_1_94' title="bbox 1869 3621 3398 3702; baseline 0.002 -21"><span class='ocrx_word' id='word_1_699' title='bbox 1869 3622 2030 3700; x_wconf 86' lang='lat' dir='ltr'><strong>quod</strong></span> <span class='ocrx_word' id='word_1_700' title='bbox 2052 3623 2133 3681; x_wconf 84' lang='lat' dir='ltr'><strong>sic</strong></span> <span class='ocrx_word' id='word_1_701' title='bbox 2148 3623 2473 3692; x_wconf 80' lang='lat' dir='ltr'><strong>Pausanias,</strong></span> <span class='ocrx_word' id='word_1_702' title='bbox 2493 3621 2591 3698; x_wconf 86' lang='lat' dir='ltr'>qui</span> <span class='ocrx_word' id='word_1_703' title='bbox 2610 3622 2735 3699; x_wconf 86' lang='lat' dir='ltr'><strong>ipse</strong></span> <span class='ocrx_word' id='word_1_704' title='bbox 2752 3623 3051 3680; x_wconf 84' lang='lat' dir='ltr'><strong>oraculum</strong></span> <span class='ocrx_word' id='word_1_705' title='bbox 3076 3624 3398 3702; x_wconf 78' lang='lat' dir='ltr'><strong>Trophonii</strong></span> 
     </span>
     <span class='ocr_line' id='line_1_95' title="bbox 1869 3714 3401 3795; baseline 0.004 -23"><span class='ocrx_word' id='word_1_706' title='bbox 1869 3714 2029 3784; x_wconf 80' lang='lat' dir='ltr'>adiit,</span> <span class='ocrx_word' id='word_1_707' title='bbox 2054 3735 2113 3790; x_wconf 89' lang='grc'>9,</span> <span class='ocrx_word' id='word_1_708' title='bbox 2137 3716 2230 3790; x_wconf 83' lang='grc'>39.</span> <span class='ocrx_word' id='word_1_709' title='bbox 2265 3719 2339 3772; x_wconf 78' lang='lat' dir='ltr'>At</span> <span class='ocrx_word' id='word_1_710' title='bbox 2365 3726 2569 3772; x_wconf 80' lang='lat' dir='ltr'><strong>contra</strong></span> <span class='ocrx_word' id='word_1_711' title='bbox 2596 3714 2971 3773; x_wconf 82' lang='lat' dir='ltr'><strong>Philostratus</strong></span> <span class='ocrx_word' id='word_1_712' title='bbox 2999 3716 3113 3774; x_wconf 85' lang='lat' dir='ltr'><strong>vit.</strong></span> <span class='ocrx_word' id='word_1_713' title='bbox 3133 3720 3401 3795; x_wconf 72' lang='lat' dir='ltr'><strong>Apolloni.</strong></span> 
     </span>
     <span class='ocr_line' id='line_1_96' title="bbox 1872 3799 3401 3885; baseline 0.004 -25"><span class='ocrx_word' id='word_1_714' title='bbox 1872 3806 1929 3874; x_wconf 87' lang='lat'>8,</span> <span class='ocrx_word' id='word_1_715' title='bbox 1972 3824 2042 3880; x_wconf 91' lang='lat'>¹9</span> <span class='ocrx_word' id='word_1_716' title='bbox 2064 3823 2080 3862; x_wconf 75' lang='lat' dir='ltr'><strong><em>z</em></strong></span> <span class='ocrx_word' id='word_1_717' title='bbox 2107 3802 2393 3861; x_wconf 75' lang='grc' dir='ltr'>ἀναδίδωσι</span> <span class='ocrx_word' id='word_1_718' title='bbox 2411 3800 2460 3859; x_wconf 84' lang='grc' dir='ltr'>δ’</span> <span class='ocrx_word' id='word_1_719' title='bbox 2482 3806 2516 3874; x_wconf 79' lang='grc' dir='ltr'>ἡ</span> <span class='ocrx_word' id='word_1_720' title='bbox 2544 3804 2613 3878; x_wconf 89' lang='grc' dir='ltr'>γῆ</span> <span class='ocrx_word' id='word_1_721' title='bbox 2635 3799 2756 3867; x_wconf 81' lang='grc' dir='ltr'>τοὺς</span> <span class='ocrx_word' id='word_1_722' title='bbox 2774 3799 2871 3879; x_wconf 76' lang='grc' dir='ltr'>μὲν</span> <span class='ocrx_word' id='word_1_723' title='bbox 2896 3804 2954 3860; x_wconf 78' lang='grc' dir='ltr'>οὔ</span> <span class='ocrx_word' id='word_1_724' title='bbox 2982 3803 3181 3885; x_wconf 84' lang='grc' dir='ltr'>πόρρω,</span> <span class='ocrx_word' id='word_1_725' title='bbox 3207 3806 3325 3872; x_wconf 71' lang='grc' dir='ltr'>τοὺς</span> <span class='ocrx_word' id='word_1_726' title='bbox 3345 3806 3401 3865; x_wconf 73' lang='grc' dir='ltr'>δὲ</span> 
     </span>
     <span class='ocr_line' id='line_1_97' title="bbox 1870 3887 3402 3972; baseline 0.003 -24"><span class='ocrx_word' id='word_1_727' title='bbox 1870 3890 2213 3971; x_wconf 78' lang='grc' dir='ltr'>πορρωτάτω.</span> <span class='ocrx_word' id='word_1_728' title='bbox 2257 3889 2346 3948; x_wconf 77' lang='grc' dir='ltr'>καὶ</span> <span class='ocrx_word' id='word_1_729' title='bbox 2382 3888 2483 3970; x_wconf 73' lang='grc' dir='ltr'>γὰρ</span> <span class='ocrx_word' id='word_1_730' title='bbox 2528 3887 2659 3969; x_wconf 69' lang='grc' dir='ltr'>ὑπὲρ</span> <span class='ocrx_word' id='word_1_731' title='bbox 2702 3887 2936 3971; x_wconf 75' lang='grc' dir='ltr'>Λοκροὺς</span> <span class='ocrx_word' id='word_1_732' title='bbox 2982 3891 3402 3972; x_wconf 73' lang='grc' dir='ltr'>ἀναπέμπονται,</span> 
     </span>
     <span class='ocr_line' id='line_1_98' title="bbox 1869 3975 3399 4058; baseline 0.004 -23"><span class='ocrx_word' id='word_1_733' title='bbox 1869 3977 1959 4036; x_wconf 73' lang='grc' dir='ltr'>καὶ</span> <span class='ocrx_word' id='word_1_734' title='bbox 1997 3976 2126 4057; x_wconf 75' lang='grc' dir='ltr'>ὑπὲρ</span> <span class='ocrx_word' id='word_1_735' title='bbox 2155 3976 2414 4049; x_wconf 81' lang='grc' dir='ltr'>Φωκέας,</span> <span class='ocrx_word' id='word_1_736' title='bbox 2450 3980 2498 4036; x_wconf 78' lang='grc' dir='ltr'>οἳ</span> <span class='ocrx_word' id='word_1_737' title='bbox 2530 3975 2587 4036; x_wconf 78' lang='grc' dir='ltr'>δὲ</span> <span class='ocrx_word' id='word_1_738' title='bbox 2623 3978 2861 4037; x_wconf 86' lang='grc' dir='ltr'>πλεῖστοι</span> <span class='ocrx_word' id='word_1_739' title='bbox 2892 3976 3012 4058; x_wconf 82' lang='grc' dir='ltr'>περὶ</span> <span class='ocrx_word' id='word_1_740' title='bbox 3048 3978 3117 4038; x_wconf 74' lang='grc' dir='ltr'>τὰ</span> <span class='ocrx_word' id='word_1_741' title='bbox 3157 3984 3399 4041; x_wconf 75' lang='grc' dir='ltr'>Βοιωτῶν</span> 
     </span>
     <span class='ocr_line' id='line_1_99' title="bbox 1870 4056 3397 4147; baseline 0.002 -23"><span class='ocrx_word' id='word_1_742' title='bbox 1870 4064 2006 4147; x_wconf 80' lang='grc' dir='ltr'>ὅρια.</span> <span class='ocrx_word' id='word_1_743' title='bbox 2041 4066 2188 4125; x_wconf 82' lang='lat' dir='ltr'>Vide</span> <span class='ocrx_word' id='word_1_744' title='bbox 2216 4065 2301 4123; x_wconf 86' lang='lat' dir='ltr'>ibi</span> <span class='ocrx_word' id='word_1_745' title='bbox 2334 4066 2645 4125; x_wconf 79' lang='lat' dir='ltr'><strong>Olearium.</strong></span> <span class='ocrx_word' id='word_1_746' title='bbox 2677 4069 2872 4126; x_wconf 65' lang='lat' dir='ltr'><strong>Eunu.</strong></span> <span class='ocrx_word' id='word_1_747' title='bbox 2903 4056 3047 4131; x_wconf 68' lang='grc' dir='ltr'>οὗτος</span> <span class='ocrx_word' id='word_1_748' title='bbox 3087 4070 3116 4126; x_wconf 91' lang='lat'>6</span> <span class='ocrx_word' id='word_1_749' title='bbox 3146 4072 3210 4126; x_wconf 90' lang='lat' dir='ltr'>V.</span> <span class='ocrx_word' id='word_1_750' title='bbox 3240 4115 3301 4127; x_wconf 88' lang='lat'>...</span> <span class='ocrx_word' id='word_1_751' title='bbox 3324 4071 3397 4127; x_wconf 70' lang='lat'>24</span> 
     </span>
     <span class='ocr_line' id='line_1_100' title="bbox 1871 4150 3404 4234; baseline 0 -19"><span class='ocrx_word' id='word_1_752' title='bbox 1871 4152 2196 4234; x_wconf 78' lang='grc' dir='ltr'>Στυμφήλου</span> <span class='ocrx_word' id='word_1_753' title='bbox 2231 4160 2302 4231; x_wconf 80' lang='lat' dir='ltr'>V.</span> <span class='ocrx_word' id='word_1_754' title='bbox 2339 4150 2654 4234; x_wconf 85' lang='grc' dir='ltr'>Στυμφέλου</span> <span class='ocrx_word' id='word_1_755' title='bbox 2685 4153 2812 4211; x_wconf 88' lang='lat' dir='ltr'><strong>Ald.</strong></span> <span class='ocrx_word' id='word_1_756' title='bbox 2841 4199 2902 4210; x_wconf 84' lang='lat'>..</span> <span class='ocrx_word' id='word_1_757' title='bbox 2935 4173 3008 4224; x_wconf 76' lang='lat'>²7</span> <span class='ocrx_word' id='word_1_758' title='bbox 3042 4154 3404 4215; x_wconf 76' lang='lat' dir='ltr'><strong>scribebatur</strong></span> 
     </span>
     <span class='ocr_line' id='line_1_101' title="bbox 1871 4240 3399 4323; baseline 0.003 -25"><span class='ocrx_word' id='word_1_759' title='bbox 1871 4240 2315 4323; x_wconf 72' lang='grc' dir='ltr'>ἐργολᾶὅησαν...</span> <span class='ocrx_word' id='word_1_760' title='bbox 2346 4262 2422 4318; x_wconf 81' lang='lat'>²9</span> <span class='ocrx_word' id='word_1_761' title='bbox 2445 4241 2578 4299; x_wconf 87' lang='lat' dir='ltr'><strong>vide</strong></span> <span class='ocrx_word' id='word_1_762' title='bbox 2602 4241 2675 4298; x_wconf 85' lang='lat' dir='ltr'>de</span> <span class='ocrx_word' id='word_1_763' title='bbox 2710 4241 2816 4299; x_wconf 88' lang='lat' dir='ltr'>hac</span> <span class='ocrx_word' id='word_1_764' title='bbox 2851 4240 3041 4300; x_wconf 75' lang='lat' dir='ltr'><strong>fabula</strong></span> <span class='ocrx_word' id='word_1_765' title='bbox 3070 4244 3399 4304; x_wconf 77' lang='lat' dir='ltr'><strong>Valckenar.</strong></span> 
     </span>
     <span class='ocr_line' id='line_1_102' title="bbox 1870 4326 3399 4409; baseline 0.003 -21"><span class='ocrx_word' id='word_1_766' title='bbox 1870 4331 1942 4389; x_wconf 85' lang='lat' dir='ltr'>ad</span> <span class='ocrx_word' id='word_1_767' title='bbox 1963 4330 2239 4388; x_wconf 78' lang='lat' dir='ltr'><strong>Herodot.</strong></span> <span class='ocrx_word' id='word_1_768' title='bbox 2267 4350 2322 4402; x_wconf 79' lang='lat' dir='ltr'>a,</span> <span class='ocrx_word' id='word_1_769' title='bbox 2365 4349 2495 4387; x_wconf 77' lang='lat' dir='ltr'><strong>tao.</strong></span> <span class='ocrx_word' id='word_1_770' title='bbox 2517 4374 2582 4385; x_wconf 93' lang='lat'>....</span> <span class='ocrx_word' id='word_1_771' title='bbox 2607 4331 2680 4386; x_wconf 84' lang='lat'>30</span> <span class='ocrx_word' id='word_1_772' title='bbox 2717 4326 2973 4409; x_wconf 80' lang='grc' dir='ltr'>Κερκύονι</span> <span class='ocrx_word' id='word_1_773' title='bbox 3000 4334 3070 4387; x_wconf 86' lang='lat' dir='ltr'>V.</span> <span class='ocrx_word' id='word_1_774' title='bbox 3096 4330 3188 4388; x_wconf 86' lang='lat' dir='ltr'>hic</span> <span class='ocrx_word' id='word_1_775' title='bbox 3212 4346 3271 4390; x_wconf 90' lang='lat' dir='ltr'>et</span> <span class='ocrx_word' id='word_1_776' title='bbox 3301 4334 3399 4392; x_wconf 85' lang='lat' dir='ltr'>in-</span> 
     </span>
     <span class='ocr_line' id='line_1_103' title="bbox 1870 4414 3403 4501; baseline 0.003 -26"><span class='ocrx_word' id='word_1_777' title='bbox 1870 4419 1970 4476; x_wconf 82' lang='lat' dir='ltr'><strong>fra.</strong></span> <span class='ocrx_word' id='word_1_778' title='bbox 1998 4414 2258 4501; x_wconf 84' lang='grc' dir='ltr'>Καρκύονι</span> <span class='ocrx_word' id='word_1_779' title='bbox 2276 4423 2345 4475; x_wconf 88' lang='grc'>6.</span> <span class='ocrx_word' id='word_1_780' title='bbox 2374 4414 2647 4497; x_wconf 80' lang='grc' dir='ltr'>Κερκύωνι</span> <span class='ocrx_word' id='word_1_781' title='bbox 2681 4417 2800 4475; x_wconf 78' lang='grc' dir='ltr'>ΑΙό.</span> <span class='ocrx_word' id='word_1_782' title='bbox 2819 4459 2879 4469; x_wconf 86' lang='grc'><strong>-</strong></span> <span class='ocrx_word' id='word_1_783' title='bbox 2912 4416 2985 4473; x_wconf 76' lang='lat'>32</span> <span class='ocrx_word' id='word_1_784' title='bbox 3015 4417 3204 4477; x_wconf 78' lang='grc' dir='ltr'>αὐτόσε</span> <span class='ocrx_word' id='word_1_785' title='bbox 3231 4421 3403 4480; x_wconf 85' lang='lat' dir='ltr'><strong>Valc-</strong></span> 
     </span>
     <span class='ocr_line' id='line_1_104' title="bbox 1869 4502 3400 4586; baseline 0.002 -22"><span class='ocrx_word' id='word_1_786' title='bbox 1869 4509 2060 4565; x_wconf 80' lang='lat' dir='ltr'><strong>kenar.</strong></span> <span class='ocrx_word' id='word_1_787' title='bbox 2079 4508 2111 4564; x_wconf 92' lang='lat' dir='ltr'>l.</span> <span class='ocrx_word' id='word_1_788' title='bbox 2130 4504 2371 4566; x_wconf 81' lang='grc' dir='ltr'>0.ἐκτο’σε</span> <span class='ocrx_word' id='word_1_789' title='bbox 2390 4507 2515 4566; x_wconf 79' lang='grc' dir='ltr'>ΔΙιΙ.</span> <span class='ocrx_word' id='word_1_790' title='bbox 2537 4503 2724 4564; x_wconf 79' lang='grc' dir='ltr'>αὐτόσε</span> <span class='ocrx_word' id='word_1_791' title='bbox 2742 4503 2879 4564; x_wconf 79' lang='grc' dir='ltr'>κατὰ</span> <span class='ocrx_word' id='word_1_792' title='bbox 2891 4502 3058 4586; x_wconf 76' lang='grc' dir='ltr'>φυγὴν</span> <span class='ocrx_word' id='word_1_793' title='bbox 3077 4512 3283 4582; x_wconf 81' lang='lat' dir='ltr'><strong>om.V.,</strong></span> <span class='ocrx_word' id='word_1_794' title='bbox 3299 4511 3400 4586; x_wconf 82' lang='lat' dir='ltr'>qui</span> 
     </span>
     <span class='ocr_line' id='line_1_105' title="bbox 1869 4590 3399 4675; baseline 0.002 -24"><span class='ocrx_word' id='word_1_795' title='bbox 1869 4592 1954 4651; x_wconf 79' lang='grc' dir='ltr'>διὰ</span> <span class='ocrx_word' id='word_1_796' title='bbox 1978 4592 2205 4659; x_wconf 84' lang='grc' dir='ltr'>Μίνωος.</span> <span class='ocrx_word' id='word_1_797' title='bbox 2225 4629 2288 4641; x_wconf 93' lang='grc'>-</span> <span class='ocrx_word' id='word_1_798' title='bbox 2312 4596 2382 4664; x_wconf 84' lang='grc'>37</span> <span class='ocrx_word' id='word_1_799' title='bbox 2411 4595 2482 4659; x_wconf 75' lang='grc' dir='ltr'>εἰς</span> <span class='ocrx_word' id='word_1_800' title='bbox 2518 4591 2640 4666; x_wconf 84' lang='grc' dir='ltr'>τὸν,</span> <span class='ocrx_word' id='word_1_801' title='bbox 2672 4593 2747 4650; x_wconf 83' lang='grc'>38</span> <span class='ocrx_word' id='word_1_802' title='bbox 2771 4590 2903 4671; x_wconf 71' lang='grc' dir='ltr'>ὑπὲρ</span> <span class='ocrx_word' id='word_1_803' title='bbox 2936 4592 3033 4666; x_wconf 84' lang='grc' dir='ltr'>τὴν</span> <span class='ocrx_word' id='word_1_804' title='bbox 3070 4617 3118 4651; x_wconf 94' lang='grc' dir='ltr'>τ.</span> <span class='ocrx_word' id='word_1_805' title='bbox 3149 4617 3200 4652; x_wconf 89' lang='grc' dir='ltr'>α.</span> <span class='ocrx_word' id='word_1_806' title='bbox 3235 4592 3399 4675; x_wconf 75' lang='grc' dir='ltr'>ἔκχυ-</span> 
     </span>
     <span class='ocr_line' id='line_1_106' title="bbox 1868 4677 3472 4761; baseline 0 -22"><span class='ocrx_word' id='word_1_807' title='bbox 1868 4703 1951 4739; x_wconf 90' lang='grc' dir='ltr'>σιν</span> <span class='ocrx_word' id='word_1_808' title='bbox 1986 4682 2110 4739; x_wconf 77' lang='grc' dir='ltr'>ΔΙιΙ.</span> <span class='ocrx_word' id='word_1_809' title='bbox 2133 4726 2194 4738; x_wconf 89' lang='grc'>..</span> <span class='ocrx_word' id='word_1_810' title='bbox 2224 4684 2300 4758; x_wconf 83' lang='grc'>39</span> <span class='ocrx_word' id='word_1_811' title='bbox 2327 4702 2520 4759; x_wconf 90' lang='grc' dir='ltr'>καταφ.</span> <span class='ocrx_word' id='word_1_812' title='bbox 2544 4678 2659 4757; x_wconf 77' lang='grc' dir='ltr'>ἅμα</span> <span class='ocrx_word' id='word_1_813' title='bbox 2679 4677 2933 4761; x_wconf 80' lang='grc' dir='ltr'>Κερκύονι</span> <span class='ocrx_word' id='word_1_814' title='bbox 2952 4683 3026 4746; x_wconf 83' lang='grc' dir='ltr'>εἶς</span> <span class='ocrx_word' id='word_1_815' title='bbox 3058 4684 3122 4737; x_wconf 90' lang='lat' dir='ltr'>V.</span> <span class='ocrx_word' id='word_1_816' title='bbox 3147 4725 3204 4736; x_wconf 86' lang='grc'>..</span> <span class='ocrx_word' id='word_1_817' title='bbox 3241 4691 3312 4750; x_wconf 86' lang='grc'>40</span> <span class='ocrx_word' id='word_1_818' title='bbox 3332 4685 3402 4749; x_wconf 81' lang='grc' dir='ltr'>ὡς</span> <span class='ocrx_word' id='word_1_819' title='bbox 3468 4698 3472 4703; x_wconf 85' lang='grc'><em>·</em></span> 
     </span>
     <span class='ocr_line' id='line_1_107' title="bbox 1868 4767 3403 4850; baseline 0.002 -24"><span class='ocrx_word' id='word_1_820' title='bbox 1868 4773 2115 4827; x_wconf 85' lang='lat' dir='ltr'><strong>om.V...</strong></span> <span class='ocrx_word' id='word_1_821' title='bbox 2131 4772 2202 4836; x_wconf 81' lang='grc'>43</span> <span class='ocrx_word' id='word_1_822' title='bbox 2232 4772 2261 4828; x_wconf 87' lang='lat'>6</span> <span class='ocrx_word' id='word_1_823' title='bbox 2290 4768 2343 4827; x_wconf 78' lang='grc' dir='ltr'>δὲ</span> <span class='ocrx_word' id='word_1_824' title='bbox 2365 4767 2666 4850; x_wconf 70' lang='grc' dir='ltr'>’Τροφώνιος</span> <span class='ocrx_word' id='word_1_825' title='bbox 2690 4767 2953 4848; x_wconf 83' lang='grc' dir='ltr'>Ἐργεῖνος</span> <span class='ocrx_word' id='word_1_826' title='bbox 2978 4767 3154 4847; x_wconf 85' lang='grc' dir='ltr'>(Ἐργ.</span> <span class='ocrx_word' id='word_1_827' title='bbox 3170 4789 3283 4828; x_wconf 89' lang='lat' dir='ltr'>om.</span> <span class='ocrx_word' id='word_1_828' title='bbox 3305 4773 3403 4849; x_wconf 92' lang='lat' dir='ltr'>G.)</span> 
     </span>
     <span class='ocr_line' id='line_1_108' title="bbox 1868 4847 3403 4937; baseline 0.003 -25"><span class='ocrx_word' id='word_1_829' title='bbox 1868 4857 1941 4924; x_wconf 78' lang='grc' dir='ltr'>εἰς</span> <span class='ocrx_word' id='word_1_830' title='bbox 1963 4856 2224 4916; x_wconf 74' lang='grc' dir='ltr'>Λεόαδίαν</span> <span class='ocrx_word' id='word_1_831' title='bbox 2246 4879 2298 4914; x_wconf 91' lang='grc' dir='ltr'>τ.</span> <span class='ocrx_word' id='word_1_832' title='bbox 2323 4859 2385 4916; x_wconf 87' lang='grc' dir='ltr'>Β.</span> <span class='ocrx_word' id='word_1_833' title='bbox 2408 4854 2607 4937; x_wconf 79' lang='grc' dir='ltr'>φεύγει,</span> <span class='ocrx_word' id='word_1_834' title='bbox 2630 4847 2692 4914; x_wconf 73' lang='grc' dir='ltr'>οὗ</span> <span class='ocrx_word' id='word_1_835' title='bbox 2712 4853 3009 4937; x_wconf 77' lang='grc' dir='ltr'>κατορυχὴν</span> <span class='ocrx_word' id='word_1_836' title='bbox 3029 4859 3095 4914; x_wconf 86' lang='lat' dir='ltr'>V.</span> <span class='ocrx_word' id='word_1_837' title='bbox 3115 4857 3219 4914; x_wconf 88' lang='grc' dir='ltr'>τῶν</span> <span class='ocrx_word' id='word_1_838' title='bbox 3239 4858 3403 4918; x_wconf 82' lang='grc' dir='ltr'>Βοιω-</span> 
     </span>
    </p>
   </div>
   <div class='ocr_carea' id='block_1_8' title="bbox 1866 4941 3398 5113">
    <p class='ocr_par' dir='ltr' id='par_1_21' title="bbox 1866 4941 3398 5113">
     <span class='ocr_line' id='line_1_109' title="bbox 1866 4941 3398 5026; baseline 0.001 -25"><span class='ocrx_word' id='word_1_839' title='bbox 1866 4947 1971 5002; x_wconf 88' lang='grc' dir='ltr'>τῶν</span> <span class='ocrx_word' id='word_1_840' title='bbox 2001 4946 2129 5003; x_wconf 82' lang='lat' dir='ltr'>Ald.</span> <span class='ocrx_word' id='word_1_841' title='bbox 2154 4958 2210 5003; x_wconf 84' lang='lat' dir='ltr'>et</span> <span class='ocrx_word' id='word_1_842' title='bbox 2246 4954 2315 5014; x_wconf 84' lang='grc'>44</span> <span class='ocrx_word' id='word_1_843' title='bbox 2346 4941 2714 5014; x_wconf 78' lang='grc' dir='ltr'>τελευτήσαντι</span> <span class='ocrx_word' id='word_1_844' title='bbox 2749 4941 2805 5002; x_wconf 69' lang='grc' dir='ltr'>δὲ</span> <span class='ocrx_word' id='word_1_845' title='bbox 2835 4945 2996 5024; x_wconf 78' lang='grc' dir='ltr'>αὐτῷ.</span> <span class='ocrx_word' id='word_1_846' title='bbox 3029 4990 3091 5001; x_wconf 88' lang='grc'>-.</span> <span class='ocrx_word' id='word_1_847' title='bbox 3122 4944 3195 5012; x_wconf 89' lang='grc'>45</span> <span class='ocrx_word' id='word_1_848' title='bbox 3230 4945 3398 5026; x_wconf 69' lang='grc' dir='ltr'>ἕφάνη</span> 
     </span>
     <span class='ocr_line' id='line_1_110' title="bbox 1869 5029 3397 5113; baseline 0.001 -23"><span class='ocrx_word' id='word_1_849' title='bbox 1869 5034 2072 5105; x_wconf 77' lang='grc' dir='ltr'>αὐτοῖς,</span> <span class='ocrx_word' id='word_1_850' title='bbox 2104 5034 2178 5102; x_wconf 87' lang='grc'>46</span> <span class='ocrx_word' id='word_1_851' title='bbox 2214 5029 2571 5113; x_wconf 84' lang='grc' dir='ltr'>περιελείπετο</span> <span class='ocrx_word' id='word_1_852' title='bbox 2604 5038 2668 5091; x_wconf 87' lang='lat' dir='ltr'>V.</span> <span class='ocrx_word' id='word_1_853' title='bbox 2692 5075 2754 5086; x_wconf 86' lang='lat'><em>-</em></span> <span class='ocrx_word' id='word_1_854' title='bbox 2777 5033 2852 5091; x_wconf 91' lang='grc'>50</span> <span class='ocrx_word' id='word_1_855' title='bbox 2876 5030 2971 5111; x_wconf 83' lang='grc' dir='ltr'>μὲν</span> <span class='ocrx_word' id='word_1_856' title='bbox 2995 5030 3113 5091; x_wconf 85' lang='grc' dir='ltr'>τότε</span> <span class='ocrx_word' id='word_1_857' title='bbox 3142 5030 3266 5091; x_wconf 82' lang='grc' dir='ltr'>ναὸν</span> <span class='ocrx_word' id='word_1_858' title='bbox 3292 5036 3397 5109; x_wconf 81' lang='grc' dir='ltr'>έπ.,</span> 
     </span>
    </p>
   </div>
   <div class='ocr_carea' id='block_1_9' title="bbox 3154 5141 3213 5189">
    <p class='ocr_par' dir='ltr' id='par_1_22' title="bbox 3154 5141 3213 5189">
     <span class='ocr_line' id='line_1_111' title="bbox 3154 5141 3213 5189; baseline -0.034 0"><span class='ocrx_word' id='word_1_859' title='bbox 3154 5141 3213 5189; x_wconf 80' lang='lat'>28</span> 
     </span>
    </p>
   </div>
  </div>
 </body>
</html>
