3859 5725
1475 265 1846 327 SGHOLIA
1899 264 1993 327 IN
2043 267 2352 329 PACEM.

3403 283 3516 335 207

305 404 664 491 τρωμάτων
697 399 773 481 μὴ
806 400 1140 481 ἐλέγχωνται.
1173 396 1385 479 γελοίως
1421 388 1510 456 οὖν
1549 395 1870 480 ἀμφοτέραις
1912 406 1923 487 1
1954 395 2189 458 ἐτίθεσαν
2212 402 2422 479 ἀγγεῖον
2446 398 2623 478 ὅμοιον
2644 399 2868 481 λεκάνῃ,
2892 400 3078 469 ὕδατος
3101 403 3329 484 πλῆρες,
3355 403 3445 461 καὶ
3466 406 3520 463 ἐν

304 505 421 564 ταῖς
449 491 603 577 χερσί
629 513 786 574 φησιν
813 491 1085 568 ἀποψῆσαι
1105 485 1193 546 τὸν
1221 484 1483 567 πρωκτὸν,
1504 487 1592 545 ἵνα
1622 484 1699 566 μὴ
1727 488 1797 550 ὥς
1825 486 1875 542 οἱ
1918 490 1924 575 ξ
1955 488 2031 564 τῶ
2074 485 2268 567 ἀγγείῳ
2302 483 2472 566 τούτῳ
2511 484 2689 563 ὅμοιόν
2718 510 2770 545 τι
2795 489 3043 572 ποτήριον
3071 488 3519 569 περιεπήγνυσαν,

306 580 626 664 τριηράρχαι
645 575 890 658 κρύπτων
908 578 1087 655 τρῆμα
1105 577 1198 645 τῆς
1214 570 1341 639 νεὼς
1360 572 1494 652 ἁλῷ.
1517 570 1876 651 ἠναγκάζοντο
1919 584 1924 605 *
1956 572 2049 631 καὶ
2087 571 2267 653 κύκλῳ
2294 577 2389 644 τῆς
2414 571 2638 644 λεκάνης
2672 574 2956 655 μυρσίνας,
2985 575 3076 637 καὶ
3102 575 3328 637 ἔὸαλλον
3356 580 3428 646 εἰς
3461 576 3524 638 τὸ

306 669 412 752 γὰρ
430 672 479 727 οί
496 665 785 746 ναύκληροι
802 662 1076 730 τοσούτους
1093 660 1286 728 ναύτας
1314 664 1623 737 μισθοῦσθαι
1641 657 1740 718 ὅσα
1764 648 1877 738 εἶχε
1957 659 2207 741 ποτήριον
2233 663 2399 720 ἐκεῖνο
2424 659 2486 719 τὸ
2514 660 2949 740 ἀπολειπόμενον,
2972 664 3064 723 καὶ
3090 668 3120 723 6
3138 664 3439 733 καταδύσας
3463 663 3526 725 τὸ

254 786 282 825 ε
309 758 634 843 τρυπήματα
661 761 696 828 ἡ
723 753 958 837 τριήρης.
1079 747 1298 818 Ἄλλως.
1336 747 1453 809 ἐπεὶ
1488 751 1537 808 οἱ
1569 745 1878 830 τριηράρχοι

308 846 668 928 λαμὸάνοντες
701 840 790 902 τὸν
821 837 1005 919 μισθὸν
1038 843 1130 897 τοῦ
1162 834 1516 918 πληρώματος
1548 833 1877 916 ἀπέφραττον

309 935 381 996 τὰ
409 932 732 1017 τρυπήματα
753 933 859 989 τῶν
886 930 1139 1009 ἐρετμῶν,
1178 922 1265 984 ἵνα
1289 924 1364 1003 μὴ
1406 922 1730 1004 ἐλέγχωνται
1755 920 1880 980 κλέ-

310 1046 525 1090 πτοντες
552 1019 732 1103 ἐρέτας
752 1020 813 1077 ἐκ
830 1020 921 1076 τοῦ
945 1015 1038 1082 τὰς
1057 1011 1321 1091 θαλαμιὰς
1341 1004 1473 1072 εἶναι
1490 1009 1660 1078 κενάς.
1689 1009 1805 1082 ἑξῆς
1825 1008 1880 1082 δέ

312 1117 469 1171 τοῦτο
495 1106 714 1174 ἀστείως
741 1102 1027 1182 ἐπήγαγεν,
1057 1099 1146 1160 διὰ
1171 1099 1233 1160 τὸ
1264 1096 1639 1181 προειρημένον
1668 1097 1756 1156 ὑπ’
1786 1098 1883 1156 αὗ-

237 1214 289 1255 Ιο
316 1205 408 1260 τοῦ
427 1226 452 1252 α
474 1196 594 1278 τῃδὶ
617 1194 742 1261 διεὶς
763 1191 860 1263 τὴν
877 1191 1032 1272 χεῖρα
1052 1188 1139 1249 διὰ
1159 1193 1253 1262 τῆς
1275 1190 1556 1266 θαλαμιᾶς.
1578 1214 1604 1240 υ

404 1306 521 1347 1285.
562 1281 722 1343 ἔπειτ’
761 1279 850 1340 ἐπὶ
887 1276 1133 1358 δεκάμνῳ
1176 1296 1191 1337 :
1220 1275 1334 1338 Καὶ
1375 1274 1680 1352 ὑπομενεῖς,
1721 1271 1884 1355 φησὶ,

315 1380 561 1436 τοσοῦτον
596 1368 843 1454 ἀργύριον
879 1368 1040 1426 αὐτοῦ
1073 1363 1242 1432 διδοὺς
1271 1362 1410 1424 ὥστε
1434 1363 1652 1443 λασάνῳ
1690 1360 1885 1442 ἀγγείῳ
1926 1356 1933 1384 ”

1926 1399 1933 1435 3
1968 1359 2245 1420 καταδύειν
2259 1362 2365 1429 τοῖς
2382 1360 2598 1430 λάταξιν
2617 1365 2916 1444 ἐπειρῶντο.

427 1466 639 1522 σασθαι.

314 1463 519 1611 χρίειν.
561 1545 727 1607 meu
762 1543 851 1604 τὸν
881 1543 1032 1625 ὄρρον
1065 1562 1080 1603 t
1110 1543 1375 1620 Μιμεῖται
1399 1537 1518 1607 τοὺς
1555 1538 1638 1597 ἐπ’
1668 1534 1886 1616 ἀληθεία

238 1661 288 1700 15
317 1634 652 1715 ἐνδυομένους
671 1630 790 1700 τοὺς
811 1627 1052 1713 θώρακας
1078 1627 1170 1687 καὶ
1197 1625 1284 1686 διὰ
1309 1624 1371 1686 τὸ
1400 1625 1475 1705 μὴ
1503 1626 1748 1684 ὠνεῖσθαι
1776 1622 1889 1683 θλί-

318 1725 431 1786 ὅειν
460 1723 711 1802 λέγοντας
732 1720 821 1779 τὸν
852 1718 1121 1799 τράχηλον
1148 1715 1184 1789 ἢ
1214 1713 1334 1784 τοὺς
1355 1714 1550 1793 ὤμους.
1578 1719 1800 1773 τοιαῦτα
1832 1711 1890 1771 δέ

318 1838 450 1898 φασι
480 1808 788 1892 βουλόμενοι
815 1807 1062 1889 διακόψαι
1087 1804 1149 1864 τὸ
1178 1802 1409 1882 τίμημα.
1435 1801 1586 1884 ὄρρος
1612 1800 1671 1861 δέ
1698 1803 1837 1860 ἐστιν
1861 1804 1891 1859 6

316 1900 660 1979 ὑποκείμενος
690 1901 797 1964 τοῖς
828 1893 1172 1977 σφαιρώμασι
1204 1891 1382 1958 τόπος.
1411 1892 1568 1964 δῆλον
1595 1890 1651 1949 δὲ
1684 1888 1767 1949 ὅτι
1790 1893 1891 1949 λα-

187 1987 210 2001 ’
320 1990 429 2051 ὃὼν
472 1988 565 2048 τὸν
603 1985 821 2067 θώρακα
866 1982 1175 2043 ἐπεκάθισεν
1221 1982 1366 2061 αὐτῷ
1405 1983 1476 2048 ὡς
1515 1976 1765 2059 λασάνῳ,
1803 1975 1892 2037 ἵνα

235 2095 293 2135 20
321 2080 524 2158 μᾶλλον
543 2074 735 2153 κινήσῃ
752 2070 976 2152 γέλωτα.

405 2185 528 2226 12⁴2.
575 2160 825 2242 μόλιὸδον
852 2162 905 2227 ἐς
926 2156 1069 2219 τουτὶ
1096 2176 1112 2217 :
1139 2154 1278 2216 Ἀντὶ
1305 2161 1396 2214 τοῦ
1427 2153 1663 2236 μολίὸδῳ
1683 2153 1772 2213 τὸν
1795 2151 1895 2213 κώ·

321 2258 464 2315 δωνα
509 2256 604 2324 τῆς
643 2249 932 2328 σάλπιγγος
971 2242 1276 2327 πληρώσας.
1312 2241 1401 2302 τὸν
1443 2241 1664 2301 κώδωνα
1707 2238 1763 2300 δέ
1802 2245 1896 2313 τῆς

324 2341 614 2418 σάλπιγγος
648 2334 999 2414 συμὸουλεύει
1037 2335 1182 2413 αὖτιῖ)
1209 2328 1471 2407 πωμάσαι
1513 2328 1777 2409 μολίὸδῳ,
1804 2328 1896 2389 καὶ

323 2431 379 2489 ἐν
409 2427 556 2508 μέσῳ
590 2425 787 2505 ἐνεῖραι
817 2420 1030 2502 ῥάὸδον,
1068 2417 1157 2478 ἵνα
1185 2418 1401 2498 γένηται
1428 2415 1691 2484 κατακτὸς
1716 2421 1745 2475 6
1773 2414 1896 2475 κότ-

242 2542 298 2579 ειε
322 2515 500 2583 ταὸος.
532 2511 682 2582 ξύλον
717 2510 823 2591 γὰρ
862 2506 1218 2591 αῖωρήσαντες
1246 2510 1306 2566 ἐκ
1332 2511 1425 2566 τοῦ
1455 2503 1619 2584 μέσου
1657 2505 1898 2585 καθάπερ

322 2604 653 2682 πλάστιγγα,
682 2598 736 2668 ἐξ
764 2595 1024 2678 ἑκατέρων
1056 2598 1160 2656 τῶν
1190 2597 1363 2675 μερῶν
1394 2592 1617 2665 ἐξῆπτον
1647 2591 1898 2672 ἐλλύχνια

326 2691 419 2753 καὶ
455 2688 684 2768 κυμὸεῖα
727 2688 910 2758 κοῖλα,
950 2681 1044 2744 καί
1079 2706 1132 2742 τι
1173 2684 1382 2761 ἀγγεῖον
1430 2681 1667 2741 ἐτίθεσαν
1713 2679 1900 2748 ὕδατος

326 2782 540 2863 πλῆρες.
581 2769 695 2837 εἶτα
731 2773 969 2855 καθάπερ
1005 2771 1093 2831 ἐπὶ
1129 2768 1389 2853 τρυτάνης
1426 2768 1489 2829 τὸ
1524 2768 1697 2850 ἕτερον
1730 2767 1900 2851 βαρύ-

326 2892 496 2936 νοντες
537 2864 693 2947 μέρος
739 2856 967 2946 προίζειν
1009 2857 1238 2933 ἐποίουν,
1279 2855 1418 2918 ὥστε
1458 2860 1789 2939 πληροῦσθαι
1832 2854 1900 2914 τὰ

249 2977 304 3018 ³0
330 2956 598 3036 ἐλλύχνια.
624 2945 740 3013 εἶτα
757 2954 817 3011 τὸ
834 2950 1005 3030 ἕτερον
1017 2947 1179 3008 πάλιν
1202 2946 1512 3028 βαρύνοντες
1532 2945 1715 3026 μέρος,
1736 2943 1899 3024 ἀνάγ-

329 3069 429 3118 κην
456 3041 661 3103 ἐποίουν
698 3034 1080 3119 ἀνεγειρομένῳ
1101 3033 1194 3094 καὶ
1216 3034 1554 3104 ἀναπηδῶντι
1595 3036 1672 3112 τῷ
1695 3033 1904 3103 πεπλη-

332 3129 552 3213 ρωμένῳ
580 3131 642 3187 ἐκ
661 3131 767 3186 τῶν
795 3121 1081 3204 ἐλλυχνίων
1110 3118 1439 3198 ἀναπέμπειν
1478 3118 1540 3178 τὸ
1578 3117 1739 3200 ὕδωρ.
1773 3115 1901 3176 ὑπέ-

331 3241 475 3278 κειτο
503 3215 558 3276 δέ
593 3214 662 3276 τὰ
687 3212 915 3292 κυμὸεἶα
951 3212 1058 3276 τοῖς
1096 3207 1409 3289 ἐλλυχνίοις,
1447 3208 1586 3266 ὥστε
1627 3209 1699 3275 εἷς
1733 3211 1902 3266 ταῦτα

330 3306 491 3366 πάλιν
527 3302 810 3383 ἐμπίπτειν
846 3299 907 3358 τὸ
945 3297 1113 3380 ὕδωρ,
1151 3295 1244 3356 καὶ
1287 3299 1315 3354 6
1349 3298 1453 3354 τῶν
1495 3283 1748 3354 πλειόνων
1789 3296 1903 3353 ἐπι-

253 3416 307 3456 85
334 3392 541 3475 ψαύσας
562 3386 827 3469 κυμὸείων
857 3384 1026 3446 ἐδόκει
1046 3393 1218 3444 νικᾶν.
1242 3381 1500 3442 κάτακτοι
1524 3379 1580 3441 δὲ
1606 3380 1905 3453 ἐκλήθησαν

210 3539 217 3546 ,
333 3479 441 3540 ἀπὸ
463 3484 554 3538 τοῦ
582 3475 834 3555 κατάγειν
856 3472 948 3533 καὶ
977 3462 1045 3531 αὗ
1078 3469 1237 3531 πάλιν
1270 3469 1484 3552 ἀνάγειν
1511 3468 1600 3529 τὸν
1629 3467 1904 3529 κότταὸον.

331 3567 456 3648 περὶ
478 3564 575 3646 μὲν
598 3554 687 3624 οὖν
705 3566 800 3634 τῆς
826 3558 1020 3642 §deson
1042 3555 1135 3617 καὶ
1156 3554 1467 3637 Ἕρμιππος
1490 3545 1634 3613 εἶπεν
1656 3558 1710 3614 ἐν
1731 3555 1907 3635 Στρα-

332 3654 543 3721 τιώταις
561 3681 586 3706 ιι
612 3650 805 3734 ῥάὸδον
831 3645 946 3729 ὄψει
965 3644 1063 3717 τὴν
1085 3641 1423 3716 κοτταὸικὴν,
1450 3647 1503 3701 ἐν
1527 3646 1634 3711 τοῖς
1659 3644 1908 3723 ἀχυροῖσι

333 3744 732 3821 κυλινδομένην.
762 3763 786 3791 ²·
814 3734 1080 3814 μέμνηται
1105 3731 1162 3792 δὲ
1190 3730 1283 3793 καὶ
1306 3729 1652 3814 Φερεκράτης
1684 3733 1736 3788 ἐν
1768 3733 1909 3790 Παν-

256 3861 313 3902 40
337 3831 510 3912 νυχίδι
538 3831 643 3889 τῶν
667 3823 934 3906 κυμὸείων
959 3820 1051 3882 καὶ
1072 3826 1164 3880 τοῦ
1192 3825 1458 3879 κατακτοῦ
1482 3817 1763 3879 κοττάὸου.
1787 3818 1909 3900 περὶ

338 3920 394 3981 δέ
424 3925 518 3993 τῆς
542 3915 754 3977 πάντων
790 3911 988 3972 τούτων
1029 3912 1360 3980 κατασκευῆς
1391 3906 1485 3966 καὶ
1510 3905 1751 3989 χρήσεως
1790 3905 1908 3978 1ξῆ-

340 4032 463 4069 κται
483 4006 576 4068 καὶ
603 4007 658 4064 ἐν
678 4002 795 4070 ταῖς
822 3999 1081 4081 ἐκλογαῖς.
1203 3994 1422 4062 Ἄλλως.
1452 3994 1542 4053 τὸν
1571 3994 1791 4054 κώδωνα
1816 3998 1911 4066 τῆς

341 4096 632 4175 σάλπιγγος
664 4086 1010 4169 συμὸουλεύει
1049 4086 1193 4167 αὐτῷ
1228 4082 1488 4161 πωμάσαι
1525 4082 1788 4163 μολίὸδῳ,
1818 4082 1910 4141 καὶ

343 4185 398 4243 ἐν
423 4180 572 4262 μέσῳ
601 4183 794 4260 ἐνεῖραι
825 4174 1036 4261 ῥάὸδον.
1066 4171 1204 4233 δύτω
1239 4170 1340 4253 γὰρ
1379 4175 1414 4242 ἡ
1443 4172 1622 4251 χαλκῆ
1651 4167 1820 4239 λάταξ
1856 4172 1910 4229 ἐν

261 4311 318 4350 43,
345 4270 494 4353 μέσῳ
533 4268 731 4329 ἐτίθετο
764 4261 1066 4346 ἠρτημένη,
1100 4258 1172 4328 ὥς
1208 4282 1384 4342 φασιν,
1420 4257 1527 4317 ἀπὸ
1565 4261 1660 4330 τῆς
1695 4259 1912 4341 ὀροφῆς,

344 4358 452 4419 ἀπὸ
493 4362 588 4417 τοῦ
628 4355 791 4415 αὐλοῦ
832 4356 923 4412 τοῦ
964 4349 1152 4430 μέσου,
1196 4345 1334 4406 ὥστε
1375 4344 1804 4415 ἄποκοτταὸίζειν
1844 4348 1914 4413 εἷς

344 4446 528 4519 αὐτήν.
555 4450 646 4504 νῦν
675 4442 732 4503 δὲ
763 4440 855 4501 καὶ
883 4442 1090 4519 ἀγγεῖον
1118 4433 1376 4495 κότταὸον
1413 4432 1608 4516 εἴρηκε.
1648 4432 1912 4494 κατακτὸν

346 4535 402 4595 δὲ
427 4533 533 4595 ἀπὸ
551 4536 640 4591 τοῦ
661 4529 911 4609 κατάγειν
932 4527 1129 4587 ἄνωθεν
1155 4528 1223 4603 τῇ
1250 4520 1406 4606 χειρί.

428 4642 550 4683 uu.
582 4624 686 4680 τῶν
710 4619 988 4678 κατακτῶν
1012 4610 1283 4673 κοττάὸων
1310 4631 1325 4672 2
1351 4608 1536 4679 Διττὸς
1554 4614 1582 4669 6
1597 4610 1787 4692 τρόπος
1807 4614 1914 4670 τῶν

266 4734 323 4777 ω
348 4707 638 4782 κοπάὸων,
667 4698 741 4767 ὧν
765 4709 793 4764 6
822 4702 916 4783 μὲν
946 4702 1117 4783 ἕτερος
1141 4705 1395 4767 τοιοῦτος·
1430 4696 1655 4758 ἵστασαν
1686 4697 1836 4767 ξύλον
1864 4721 1916 4757 τι

347 4796 550 4878 λυχνίῳ
574 4793 944 4877 παραπλήσιον
974 4793 1027 4850 ἐν
1053 4788 1200 4871 μέσῳ
1226 4791 1318 4846 τοῦ
1351 4785 1676 4864 συμποσίου,
1705 4786 1798 4845 καὶ
1822 4788 1913 4845 ἀπ’

352 4883 550 4944 ἐκείνου
583 4879 782 4963 ἤρτητο
810 4880 1017 4958 ἀγγεῖον
1044 4875 1222 4955 ὅμοιον
1257 4872 1534 4956 ὄξυὸάφῳ,
1570 4877 1643 4942 εἰς
1669 4872 1698 4933 δ
1724 4873 1785 4933 τὸ
1811 4897 1917 4934 κα-

354 4968 730 5047 ταλειπόμενον
759 4970 812 5027 ἐν
841 4971 918 5050 τῷ
957 4963 1195 5047 ποτηρίῳ
1221 4962 1510 5036 ἠκόντιζον,
1550 4960 1642 5021 καὶ
1677 4965 1706 5021 6
1733 4966 1920 5023 ἐπιτυ-

355 5058 468 5142 χὼν
506 5057 675 5120 ἐνίκα.
700 5061 730 5115 6
757 5055 812 5117 δὲ
841 5055 1012 5138 ἔτερος
1038 5058 1289 5121 τοιοῦτος·
1329 5048 1470 5111 κατὰ
1499 5055 1593 5110 τοῦ
1626 5049 1921 5130 συμποσίου

1959 747 2206 830 ποτήριον
2237 747 2399 807 ἐνίκα.
2427 754 2521 807 νῦν
2553 747 2610 807 δὲ
2638 748 2767 808 αὐτὸ
2799 749 2864 858 τὲ
2902 753 3110 831 ἀγγεῖον
3152 751 3409 813 κότταὸον
3450 752 3524 813 εί·
3553 772 3581 813 5

1964 857 2121 915 ρηκεν
2162 834 2270 895 ἀπὸ
2310 841 2402 894 τοῦ
2442 834 2715 915 κατάγειν.

2855 841 3060 905 Αλλως.
3105 843 3209 899 τῶν
3255 839 3527 900 κοττάὸων

1963 920 2054 981 δύο
2079 914 2217 996 ἦσαν
2249 921 2390 995 εἴδη,
2423 921 2477 980 ἓν
2507 921 2601 1002 μὲν
2629 929 2723 983 τοῦ
2750 932 3014 986 κατακτοῦ
3048 926 3349 1006 λεγομένω.
3379 920 3443 1001 ἦν
3472 925 3527 986 δέ

1965 1000 2070 1068 οἷον
2095 1009 2310 1090 λυχνίον
2339 1014 2369 1069 ὓ
2447 1009 2558 1084 λὸν,
2585 1009 2706 1090 ἔχον
2734 1013 2789 1070 ἐν
2818 1014 2963 1094 αὐτῷ
2986 1013 3285 1095 πρόσωπον,
3309 1014 3339 1075 ὃ
3358 1014 3530 1093 μάνην

1964 1098 2204 1171 ἐκάλουν,
2233 1099 2314 1181 ἐφ’
2336 1122 2365 1159 ο
2423 1100 2529 1157 ἐδει
2556 1101 2734 1159 πεσεῖν
2767 1100 3240 1177 καταὸαλλομένην
3267 1102 3365 1175 τὴν
3391 1102 3534 1162 πλά-

1966 1209 2176 1265 στιγγα.
2221 1185 2305 1245 ἴτε
2429 1184 2486 1244 δὲ
2526 1184 2735 1265 ἀγγεῖόν
2775 1210 2829 1246 τι
2872 1187 3037 1256 ἐοικὸς
3081 1191 3298 1272 λουτῆρι
3335 1191 3533 1273 πλῆρες
3564 1223 3613 1262 10

1967 1273 2183 1346 ὕδατος,
2213 1275 2267 1332 ἐν
2376 1272 2635 1354 ὀξύὸαφον
2672 1266 2738 1346 ἦν
2774 1274 3021 1335 ἐπιπλέον
3056 1276 3118 1336 τὸ
3152 1280 3377 1351 πλῆθος,
3404 1276 3533 1359 ὅπερ

3040 1362 3261 1434 Ἄλλως.
3280 1365 3537 1433 κότταὸος

1969 1448 2237 1529 Ἀθῄναιος
2263 1450 2318 1507 ἐν
2336 1452 2411 1530 τῷ
2438 1452 2497 1508 ιε’
2526 1451 2601 1529 [p.
2631 1450 2734 1529 ωε]
2761 1450 2918 1531 φησὶν
2939 1449 3021 1510 ὅτι
3046 1454 3299 1527 Σικελική
3325 1477 3403 1522 τις
3424 1454 3537 1513 ἐστὶ

1970 1536 2185 1609 παιδιὰ,
2212 1534 2438 1617 πρώτων
2467 1535 2719 1617 εὑρόντων
2749 1539 3010 1617 Σικελῶν,
3037 1537 3108 1608 ὥς
3130 1564 3288 1622 φησιν
3319 1540 3539 1623 Κριτίας

1972 1628 2001 1682 6
2023 1623 2403 1704 Καλλαίσχρου
2428 1625 2480 1682 ἐν
2503 1625 2609 1692 τοῖς
2638 1624 2881 1704 ἐλεγείοις
2903 1651 2928 1678 κ
2950 1626 3205 1696 κότταὸος
3228 1631 3288 1689 ἐκ
3314 1629 3541 1701 Σικελῆς
3569 1658 3619 1697 η

1974 1711 2086 1771 ἐστὶ
2115 1710 2327 1792 χθονὸς,
2363 1712 2618 1794 ἐκπρεπὲς
2654 1711 2821 1795 ἔργον.
2850 1740 2875 1768 ι
2905 1713 3225 1797 Δικαίαρχος
3253 1714 3308 1775 δέ
3335 1720 3364 1775 6
3392 1720 3543 1777 Μεσ-

1975 1799 2175 1872 ο-ήνιος,
2212 1798 2600 1880 Ἀριστοτέλους
2637 1799 2903 1878 μαθητὴς,
2941 1803 2994 1860 ἐν
3031 1806 3109 1881 τῷ
3144 1802 3266 1885 περὶ
3301 1802 3541 1863 Ἀλκαίου

1975 1888 2067 1947 καὶ
2108 1888 2201 1959 τὴν
2240 1886 2452 1967 λάταγα
2493 1885 2659 1958 αὐτὴν
2705 1879 2837 1948 εἷναί
2876 1912 3005 1972 φησι
3043 1889 3318 1951 Σικελικὸν
3353 1891 3539 1967 ὄνομα.

1975 1974 2183 2055 λατάγη
2212 1973 2270 2034 δέ
2307 1977 2421 2034 ἐστι
2458 1974 2520 2034 τὸ
2561 1975 2972 2055 ὑπολειπόμενον
3009 1979 3070 2038 ἐκ
3104 1985 3197 2037 τοῦ
3239 1977 3544 2047 ἐκποθέντος

1975 2061 2231 2145 ποτηρίου
2258 2061 2435 2144 ὑγρὸν,
2459 2061 2489 2122 ὃ
2517 2062 2951 2144 συνεστραμμένῃ
2979 2068 3046 2144 τῇ
3073 2064 3213 2147 χειρὶ
3241 2066 3435 2125 ἄνωθεν
3465 2068 3545 2148 ἐρ-
3568 2093 3624 2133 so

1981 2150 2193 2232 ρίπτουν
2233 2153 2282 2211 οἱ
2322 2149 2594 2220 παίζοντες
2634 2153 2706 2219 εἰς
2751 2151 2813 2210 τὸ
2851 2151 3151 2213 κοττάὸιον.
3192 2153 3444 2221 κότταὸος
3489 2153 3545 2213 δὲ

1979 2240 2218 2299 ἐκαλεῖτο
2256 2237 2349 2297 καὶ
2385 2237 2446 2297 τὸ
2482 2237 2751 2316 τιθέμενον
2795 2230 2949 2299 ἆθλον
2987 2245 3095 2308 τοῖς
3132 2246 3341 2302 νικῶσιν
3380 2245 3433 2302 ἐν
3469 2246 3547 2324 τῷ

1978 2326 2156 2406 πότῳ,
2184 2325 2277 2385 καὶ
2302 2324 2364 2384 τὸ
2396 2325 2553 2405 ἄγγος
2581 2329 2653 2395 εἰς
2680 2326 2709 2386 ὃ
2736 2326 3017 2387 ἐνέὸαλλον
3046 2326 3161 2395 τοὺς
3185 2327 3455 2407 λάταγας,
3477 2333 3549 2397 ὣς

1984 2416 2242 2495 Κρατῖνος
2265 2415 2320 2472 ἐν
2349 2412 2579 2491 Νεμέσει
2600 2413 2874 2477 δείκνυσιν.
2899 2414 2980 2473 ὅτι
3007 2414 3062 2474 δὲ
3091 2415 3183 2474 καὶ
3204 2418 3440 2495 χαλκοῦν
3461 2408 3548 2489 ἦν,

1982 2500 2214 2569 Εὔπολις
2240 2502 2296 2560 ἐν
2327 2500 2566 2570 Βάπταις
2598 2501 2759 2582 λέγει·
2794 2530 2819 2555 ιι
2850 2503 3040 2583 χαλκῷ
3073 2527 3141 2562 πε
3176 2503 3196 2562 ὶ
3231 2503 3493 2583 κοττάὸῳ.
3522 2531 3548 2556 υ
3576 2529 3629 2569 25

1984 2588 2215 2652 Πλάτων
2245 2587 2300 2648 δὲ
2327 2593 2380 2649 ἐν
2407 2585 2496 2651 Διῒ
2524 2588 2839 2672 κακουμένῳ
2877 2591 3092 2659 παιδιᾶς
3120 2615 3142 2650 ε
3167 2592 3252 2659 δος
3285 2591 3551 2674 παροίνιον

1982 2676 2070 2737 τὸν
2097 2677 2355 2737 κόττα6ον
2379 2668 2513 2737 εἶναι
2541 2676 2879 2755 ἀποδίδωσιν,
2901 2681 2955 2737 ἐν
2983 2672 3022 2759 ᾗ
3048 2678 3316 2748 ἐξίσταντο
3335 2680 3552 2741 καὶτῶν
3595 2674 3607 2729 ί

1986 2765 2276 2848 σκευαρίων
2305 2768 2354 2825 οἱ
2388 2765 2796 2835 διακυὸεύοντες.
2835 2766 3054 2827 ἐκάλουν
3092 2765 3146 2826 δὲ
3187 2767 3421 2847 ἀγκύλην
3456 2768 3554 2841 τὴν

1982 2828 2369 2915 τοῦχκοττάὸου
2397 2853 2632 2937 πρόεσιν,
2662 2855 2748 2915 διὰ
2786 2853 2847 2915 τὸ
2885 2857 3213 2936 ἐπαγκυλοῦν
3245 2856 3343 2930 τὴν
3385 2856 3553 2928 δεξιὰν

1985 2947 2140 3024 χεῖρα
2167 2945 2220 3002 ἐν
2247 2951 2355 3010 τοῖς
2383 2942 2878 3021 ἀποκοτταὸισμοῖς.
2908 2942 3002 3003 καὶ
3029 2943 3353 3021 ἀγκυλητοὺς
3378 2943 3553 3024 ἔλεγον
3581 2976 3633 3018 30

1986 3029 2293 3097 κοττάὸους.
2316 3028 2398 3088 ὅτι
2428 3027 2483 3089 δὲ
2514 3021 2670 3089 ἆθλον
2693 3030 2968 3113 προέκειτο
2995 3035 3073 3112 τῷ
3095 3031 3396 3113 προεμένῳ,
3423 3056 3556 3113 προ-

1989 3117 2222 3195 είπομεν.
2253 3117 2492 3197 ἐλέγοντο
2529 3116 2588 3176 δέ
2624 3140 2761 3185 τινες
2794 3118 2887 3177 καὶ
2913 3118 3168 3178 κατακτοὶ
3197 3118 3463 3179 κότταὸοι.
3490 3113 3555 3194 ἦν

1989 3204 2045 3266 δὲ
2067 3204 2278 3286 λύχνιον
2299 3204 2569 3285 ἀγόμενον,
2589 3205 2750 3265 πάλιν
2772 3229 2830 3265 τε
2857 3210 3177 3284 συμπῖπτον,
3202 3207 3403 3289 ὑψηλὸν
3431 3207 3552 3288 ἔχον

1990 3294 2077 3353 τὸν
2104 3293 2275 3372 μάνην
2299 3292 2642 3370 καλούμενον,
2666 3294 2745 3375 ἐφ’
2766 3285 2810 3377 ᾧ
2831 3294 2929 3367 τὴν
2952 3292 3426 3373 καταὸαλλομένην
3450 3299 3559 3357 ἐπι-

1990 3386 2169 3442 πεσεῖν
2206 3380 2540 3461 πλάστιγγα,
2569 3383 2799 3442 ἐντεῦθεν
2829 3381 2886 3442 δέ
2914 3382 3195 3461 ἐμπίπτειν
3229 3386 3301 3451 εἷς
3330 3383 3557 3457 λεκάνην
3579 3419 3631 3463 85

1993 3467 2338 3546 ὑποκειμένην
2363 3471 2657 3548 πληγεῖσαν
2684 3474 2761 3552 τῷ
2790 3469 3053 3552 κοττάὸῳ.
3089 3470 3180 3531 καί
3206 3495 3283 3540 τις
3309 3463 3373 3544 ἦν
3407 3475 3565 3556 ἀκριῖ

1994 3556 2091 3630 6ης
2119 3556 2358 3637 εὐχέρεια
2384 3560 2478 3628 τῆς
2509 3558 2686 3636 βολῆς.
2713 3562 2806 3617 τοῦ
2835 3556 2891 3617 δὲ
2918 3556 3087 3635 μάνου
3113 3559 3302 3619 πολλοὶ
3332 3557 3560 3638 μέμνην·

1991 3668 2099 3706 ται.
2125 3638 2188 3718 ἦν
2217 3642 2274 3703 δὲ
2300 3642 2475 3726 ἕτερον
2503 3635 2636 3712 εἶδος
2664 3645 2877 3712 παιδιᾶς
2904 3649 2997 3717 τῆς
3023 3647 3077 3704 ἐν
3101 3645 3317 3728 λεκάνῃ.
3347 3646 3481 3721 αὕτη
3504 3645 3560 3707 δὲ

1993 3734 2178 3801 ὕδατος
2197 3734 2510 3814 πληροῦται.
2535 3731 2775 3793 ἐπέκειτο
2794 3731 2849 3793 δὲ
2877 3733 2960 3792 ἐπ’
2981 3736 3116 3813 αὐτῇ
3144 3733 3382 3818 ὀξύὸαφα
3404 3734 3529 3796 κενὰ
3542 3782 3559 3810 ,

1995 3823 2072 3905 ἐφ’
2101 3820 2136 3880 ἃ
2167 3820 2446 3901 βάλλοντες
2470 3819 2563 3887 τὰς
2588 3820 2825 3899 λάταγας
2852 3823 2912 3880 ἐκ
2939 3822 3245 3903 καρχησίων
3283 3825 3561 3905 ἐπειρῶντο
3588 3843 3640 3883 ιο

1996 3907 2295 3969 καταδύειν.
2326 3909 2570 3989 ἀνῃρεῖτο
2599 3906 2655 3966 δὲ
2687 3905 2757 3966 τὰ
2791 3908 3047 3968 κοττάὸια
3078 3915 3107 3969 6
3134 3909 3302 3971 πλείω
3332 3910 3563 3971 καταδύ-

1998 4021 2111 4064 σας.
2137 3994 2218 4054 &tt
2252 3995 2308 4054 δὲ
2334 3998 2440 4055 τῶν
2469 3993 2745 4076 ἐρωμένων
2773 3996 3065 4076 ἐμέμνηντο
3093 3998 3327 4081 ἀφιέντες
3353 3999 3435 4060 ἐπ’
3466 4002 3561 4059 αὐ-

1996 4089 2104 4152 τοῖς
2137 4081 2256 4152 τοὺς
2293 4082 2605 4161 λεγομένους
2639 4083 2952 4159 κοττάὸους,
2991 4087 3147 4159 δῆλον
3183 4095 3323 4147 ποιεῖ
3358 4087 3565 4170 Ἀχαιὸς

1999 4176 2051 4233 ἐν
2077 4171 2222 4233 Λίνω
2241 4170 2333 4231 καὶ
2358 4170 2722 4252 Καλλίμαχος·
2750 4199 2774 4224 α
2802 4173 2988 4232 πολλοὶ
3009 4174 3100 4235 καὶ
3123 4174 3386 4254 φιλέοντες
3407 4175 3565 4235 ἀκόν-

1998 4287 2023 4316 e
2053 4284 2161 4320 τιον
2229 4282 2320 4320 κον
2360 4258 2512 4342 ἔραζε
2538 4259 2804 4320 οἰνοπόται
2834 4262 3060 4332 Σικελὰς
3096 4266 3156 4322 ἐκ
3197 4263 3426 4324 κυλίκων
3465 4263 3563 4323 λά·-
3592 4283 3642 4323 45

2001 4377 2026 4404 α
2049 4371 2229 4427 ταγας.
2256 4376 2280 4400 υ
2307 4347 2534 4415 Σικελὰς
2561 4347 2616 4407 δὲ
2636 4347 2796 4416 αὐτὰς
2822 4352 2917 4410 οὐκ
2946 4350 3236 4419 ἀπεικότως
3263 4350 3561 4431 ὠνόμασεν,

2001 4435 2144 4510 ἐπεὶ,
2177 4438 2250 4503 ὣς
2274 4435 2614 4515 προείπομεν,
2643 4437 2878 4496 Σικελῶν
2907 4436 2969 4496 τὸ
2995 4437 3222 4519 εὕρεμα,
3253 4438 3345 4498 καὶ
3373 4438 3563 4499 ἐσπού·

2002 4525 2192 4584 δασται
2214 4522 2414 4605 σφόδρα
2436 4524 2563 4605 παρ’
2589 4524 2763 4591 αὐτοῖς
2786 4527 2814 4582 6
2836 4523 3109 4594 κότταὸος.

2085 4631 2205 4672 12⁴7.
2249 4608 2521 4693 σπαρτίοις
2543 4609 2846 4692 ἠρτημένην
2878 4632 2894 4673 t
2922 4612 3003 4674 Τὸ
3031 4611 3366 4691 μεσαίτατον,
3391 4613 3568 4697 φησὶν,

2004 4698 2223 4773 ἔκδησον
2253 4698 2501 4781 σπάρτῳ,
2531 4696 2619 4758 ἵνα
2646 4698 2876 4782 τρυτάνη
2899 4698 3117 4778 γένηται
3138 4703 3199 4761 ἐκ
3225 4707 3318 4762 τοῦ
3343 4706 3437 4776 τῆς
3470 4704 3567 4762 αὖ·
3596 4730 3645 4772 ω

2003 4790 2095 4847 λοῦ
2126 4787 2292 4847 σάλπι
2361 4809 2433 4854 ος.

2088 4896 2210 4937 1250.
2258 4899 2286 4935 0
2430 4873 2599 4956 κράνη
2627 4874 2830 4954 κομίζει
2853 4873 2961 4936 δύο.
2987 4888 3051 4936 V.

2093 4985 2212 5025 1251.
2257 4963 2332 5022 ὅτ’
2370 4962 2640 5022 ἀντέδωκα
2678 4982 2694 5023 2
2733 4963 2871 5025 Τότε
2900 4987 2968 5044 με
3014 4966 3322 5042 ἀπώλεσας,
3361 4969 3446 5027 ὅτε
3480 4968 3568 5028 κα)

2012 5052 2129 5112 ἀντὶ
2157 5052 2354 5113 τούτων
2382 5059 2517 5129 μνᾶν
2546 5048 2738 5113 ἔδωκα.
