3859 5725
1620 353 1621 356 ¹
1640 262 2038 327 ιιΑΝΑιιυΜ.

3303 282 3414 332 517

269 406 387 468 ἀντὶ
407 410 502 468 τοῦ
524 454 541 482 ,
566 420 629 466 ut
659 405 823 484 apud
839 405 1076 466 suidam
1096 403 1323 481 legitur.
1347 439 1408 453 -
1447 411 1519 471 24
1565 397 1801 479 δεύτερον
1895 401 1970 454 Β.
2003 393 2262 475 πάσχοντι
2280 402 2378 470 9.,
2394 421 2504 458 0111.
2533 406 2684 458 Μ.-
2705 402 2740 458 8
2762 398 3020 481 μίγνυσιν.
3043 402 3154 461 ἔστι
3173 401 3297 482 (εἰσὶ
3323 405 3414 478 G.)

228 490 250 506 ⁹
270 503 362 557 τοῦ
384 496 496 555 lex’
519 497 690 554 αὐτῶν
719 500 786 551 V.
809 531 877 545 -·
896 493 970 551 25
1002 491 1214 573 πρώτου
1234 533 1250 563 ,
1297 491 1369 548 26
1411 486 1800 547 ἐπικαλούντων
1892 483 1948 541 δὲ
1971 487 2020 542 οἱ
2046 484 2233 550 εἰδότες
2260 485 2329 544 τὰ
2354 487 2636 568 μυστήρια.
2672 494 3025 572 παροιμιῶδες
3049 497 3135 563 V.,
3161 511 3234 549 ex
3256 492 3422 550 sebo.

273 587 406 646 ΑΜ.
427 624 493 639 -
512 587 587 644 32
608 585 919 664 κορεσθῆναι
934 623 951 653 ,
985 582 1056 639 33
1082 577 1151 638 ἴω
1169 578 1260 638 καὶ
1295 576 1424 656 ἕημι
1449 584 1584 656 Reg.

1891 573 1971 631 lio
2002 593 2055 631 v.
2095 574 2222 630 158.
2259 580 2400 653 Reg.
2431 591 2560 653 post
2585 577 2713 650 alia,
2741 576 2776 649 ἢ
2801 579 2863 637 τὸ
2885 578 3028 656 ἄγων
3053 581 3276 638 ἐνταῦθα
3304 580 3423 639 ἀντὶ

359 679 502 748 134,
533 682 609 742 42
638 671 720 729 ὅτι
747 669 876 751 πρὸς
917 668 1045 727 Ald.
1084 666 1214 750 φησὶ
1245 667 1507 726 additum
1547 686 1619 724 ex
1642 669 1713 725 R.
1742 704 1805 716 —-
1889 666 1982 718 τοῦ
2034 660 2316 740 ἅγόμενος,
2366 662 2537 722 ἀπιὼν
2580 667 2654 730 εἷς
2706 665 2999 747 μυστήρια,
3042 665 3161 737 ἤτοι
3208 670 3278 733 εἷς
3327 668 3422 737 τὴν

275 773 346 835 47
379 764 491 842 ἐγκ.
513 757 645 820 ὅπου
668 756 731 817 ἂν
763 765 827 817 V.
862 757 973 835 ἑγκ.
994 758 1043 815 οἱ
1065 755 1284 826 ποιηταὶ
1304 755 1377 815 Θ.
1394 790 1460 803 -
1481 764 1556 831 49
1576 752 1605 813 ὃ
1631 752 1804 836 παρέ-

351 872 428 916 σις
461 848 524 908 τὸ
545 851 615 910 Θ.
633 851 708 906 Μ.

271 853 513 1010 ψη138,
549 936 623 994 50
664 931 872 991 δύναιτο
911 929 975 990 ἂν
1014 933 1260 1013 χωρῆσαι
1284 935 1356 989 V.
1385 967 1450 980 —
1483 929 1549 989 51
1592 928 1804 1006 λέγουσι

273 1024 410 1084 libri
433 1036 644 1103 praeter
665 1027 737 1081 R.

362 1116 504 1190 139,
528 1110 714 1177 52-54
752 1107 923 1167 Τύνον
953 1106 1015 1165 τὸ
1038 1105 1224 1186 μικρὸν
1263 1105 1355 1166 καὶ
1391 1103 1577 1165 τυτθὸν
1614 1103 1806 1183 ὁμοίως

273 1200 333 1259 τὸ
371 1199 557 1271 νήπιον
599 1195 634 1268 ἢ
676 1193 1250 1266 τιτθὸν-καθεστηκός.
1290 1193 1478 1260 ἄλλως.
1506 1192 1808 1271 συνάγων-

278 1291 465 1367 μικροῦ
501 1290 566 1344 V.
588 1324 652 1338 -
691 1285 764 1342 52
792 1279 914 1348 τοὺς
958 1280 1242 1351 δακτύλους
1286 1279 1377 1342 καὶ
1416 1280 1513 1353 τὴν
1551 1282 1806 1359 παλάμην

277 1374 521 1441 κοιλάνας
538 1374 668 1433 Ald.
688 1409 755 1423 -
781 1371 854 1429 53
886 1375 1076 1452 μικροῦ
1100 1376 1175 1429 V.

362 1472 489 1535 140,
518 1463 551 1519 5
576 1459 634 1520 δὲ
656 1465 730 1519 V.
751 1449 843 1518 οὖν
862 1459 1041 1518 ceteri
1060 1501 1078 1530 ,
1104 1480 1221 1517 om.
1240 1462 1309 1517 R.
1339 1457 1426 1518 διὰ
1448 1478 1565 1517 0111.
1601 1464 1666 1517 V.
1689 1498 1750 1511 -
1773 1480 1803 1531 7

273 1541 364 1611 οὖν
391 1555 459 1609 Β.
485 1587 549 1600 -
574 1568 643 1607 10
669 1538 734 1620 ἦν
760 1545 818 1605 δὲ
853 1545 945 1605 καὶ
981 1549 1158 1606 etiam
1189 1549 1263 1608 Θ.
1305 1554 1386 1607 Μ.
1414 1547 1626 1628 ὕστερον
1663 1546 1717 1606 δ1
1743 1537 1807 1618 ἦν

274 1661 355 1718 τρ.
385 1638 513 1697 Ald.
550 1643 689 1714 Reg.
715 1633 929 1716 ὕστερον
964 1632 1021 1695 δὲ
1048 1636 1139 1695 καὶ
1174 1659 1258 1717 τρ.
1299 1634 1524 1714 ἐγένετο.
1567 1636 1655 1695 lb.
1687 1657 1802 1716 στρ.

277 1724 526 1804 βλακείας
544 1724 751 1783 Suidas
770 1743 815 1781 ε.
841 1721 1069 1783 Ὀὅολοῦ
1092 1736 1152 1783 et
1169 1726 1305 1785 Φεῦ.
1329 1761 1393 1775 -
1417 1746 1485 1783 12
1507 1716 1573 1797 ήν
1598 1745 1714 1783 0111.
1737 1731 1806 1783 V.

366 1823 497 1888 142,
522 1822 588 1880 14
616 1809 869 1893 Περιθέου
894 1817 966 1872 V.
997 1817 1134 1890 Reg.
1155 1836 1169 1870 t
1191 1810 1403 1884 Θησεὺς
1424 1812 1516 1871 καὶ
1537 1810 1812 1894 Πειρίθους

278 1898 550 1959 συνέθεντο
578 1897 813 1979 ἁρπάσαι
841 1896 938 1970 τὴν
982 1898 1321 1981 Περσεφόνην
1339 1946 1356 1974 ,
1387 1898 1561 1981 ἔρωτα
1596 1900 1812 1982 σχόντος

278 1990 442 2059 αὗτῆς
463 1992 555 2046 τοῦ
584 1986 848 2069 Πειρίθου.
874 1985 1209 2054 κατελθόντες
1230 1978 1319 2046 οῦν
1343 1990 1399 2049 ἐν
1420 1991 1498 2069 τῷ
1517 1989 1619 2072 ᾅδῃ
1647 2011 1809 2048 κατε-

279 2074 576 2154 σχέθησαν,
599 2075 689 2133 καὶ
716 2078 745 2134 ὁ
768 2073 861 2152 μὲν
886 2073 1160 2156 Πειρίθους
1179 2078 1250 2143 ὥς
1272 2075 1445 2157 ἅρπαξ
1462 2081 1539 2158 τῷ
1560 2075 1811 2158 Κερὸέρῳ

281 2160 613 2242 κατάὸρωμα
638 2160 840 2239 γίνεται
861 2184 875 2198 ·
899 2160 1113 2233 Θησεὺς
1134 2160 1191 2220 δὲ
1217 2165 1288 2229 ὡς
1308 2163 1556 2243 συνεργὸς
1571 2162 1690 2223 ἀλλ’
1711 2164 1811 2242 οὐχ

278 2245 453 2328 ἅρπαξ
490 2247 835 2328 κατασχεθεὶς
866 2246 1019 2320 ἐδέθη
1038 2273 1054 2286 ·
1090 2248 1304 2330 ὕστερον
1337 2248 1393 2309 δὲ
1421 2250 1679 2331 Ἡρακλεῖ
1707 2274 1812 2310 κα-

278 2335 515 2394 τελθόντι
558 2333 645 2393 διὰ
682 2336 770 2396 τὸν
800 2334 1065 2418 Κέρὸερον
1086 2383 1103 2413 ,
1141 2338 1315 2398 πάντα
1352 2340 1564 2412 Θησεὺς
1599 2338 1669 2400 τὰ
1704 2342 1813 2400 ἐκεῖ

279 2420 649 2505 ἀκριὸέστερον
675 2422 997 2495 ὑποτίθησιν.

367 2532 390 2568 1
405 2512 499 2583 46,
525 2531 594 2568 21
621 2509 751 2571 εὈτι
774 2511 1029 2570 additum
1052 2533 1123 2572 ex
1154 2519 1224 2574 R.
1243 2512 1380 2582 τινὲς
1414 2513 1471 2573 δὲ
1494 2521 1563 2574 V.
1590 2514 1652 2575 τὸ
1674 2522 1814 2576 Β.-

276 2617 357 2655 122
383 2595 626 2679 στράτιδι
661 2605 735 2659 G.
770 2599 1096 2676 Lege-batur
1127 2600 1444 2684 Ἀταλάντῳ.
1475 2608 1812 2663 correctum

279 2706 353 2746 ex
375 2687 555 2747 suida
579 2707 624 2747 s.
645 2690 805 2770 Σκῶρ
820 2734 837 2762 ,
860 2691 958 2768 qui
984 2688 1307 2762 Ἀταλάντης
1334 2693 1549 2772 posuit.
1585 2693 1815 2754 διταλάν-

279 2795 374 2834 του
409 2779 484 2834 Μ.
505 2810 569 2826 -
598 2776 672 2834 23
701 2777 761 2855 ψ.
803 2774 903 2858 γὰρ
933 2782 1007 2836 Β.
1045 2814 1110 2829 -
1135 2788 1212 2848 α4
1237 2780 1498 2840 δέδεικται
1530 2786 1597 2840 Β.
1624 2783 1698 2843 Θ.
1732 2786 1811 2839 Μ.

282 2862 610 2941 legebatur
633 2868 662 2923 ὃ
680 2863 1006 2934 Ἀτάλαντος.
1038 2871 1349 2947 Sequentia
1368 2871 1527 2929 sicin
1551 2877 1645 2945 V.,
1675 2874 1815 2931 ἀπο-

280 2950 530 3031 πάτημα,
548 2950 751 3031 χέσμα.
775 2954 857 3013 ἀεὶ
878 2953 1004 3014 νάον
1027 2955 1167 3036 (νέον
1182 2958 1282 3035 G.)
1297 2955 1351 3016 δ1
1380 2956 1462 3016 ἀεὶ
1488 2956 1625 3039 ῥέον,
1651 2973 1710 3019 et
1731 2962 1817 3019 in-

282 3039 369 3098 fra
399 3036 522 3108 τοὺς
550 3040 687 3116 κολ.,
720 3060 893 3118 quam
917 3042 994 3119 gl.
1024 3062 1139 3103 om.
1167 3048 1237 3101 G.

369 3126 502 3185 151.
526 3130 653 3184 Hoc
676 3126 939 3185 scholion
968 3142 1103 3206 post
1126 3128 1386 3190 scholion
1418 3151 1476 3191 v.
1517 3133 1624 3191 153
1650 3133 1818 3209 ponit

283 3219 378 3285 V.,
412 3211 647 3291 praefixo
676 3211 868 3280 ἄλλως.
898 3252 961 3263 -
988 3217 1062 3273 30
1090 3215 1392 3298 ὖπόψυχρος
1416 3224 1488 3278 Β.
1525 3233 1583 3278 et
1610 3218 1818 3281 Suidas

285 3319 331 3357 s.
356 3294 431 3358 *fl
457 3298 757 3380 Μορσίμου.
786 3300 988 3383 ψυχρός
1011 3308 1079 3362 V.
1104 3304 1178 3364 Θ.
1219 3304 1310 3364 καὶ
1336 3306 1537 3387 ψυχρός
1560 3307 1693 3368 Ald.
1721 3307 1819 3367 πά-

283 3409 345 3444 νυ
372 3388 566 3467 φαῦλος
588 3388 679 3446 καὶ
708 3388 926 3471 αἰσχρὸς
948 3394 1090 3468 neg.
1111 3429 1175 3442 -
1199 3394 1231 3450 3
1246 3414 1268 3450 1
1304 3392 1361 3453 δὲ
1381 3394 1709 3473 Σοφοκλέους
1734 3402 1817 3456 Μ.

286 3474 480 3552 ἀγαθὸς
502 3474 679 3556 ἰατρός
709 3481 774 3535 V.
798 3478 870 3537 Θ.
895 3482 976 3536 Μ.
1001 3513 1066 3528 -
1093 3480 1166 3536 32
1205 3480 1392 3562 μικρός
1422 3486 1494 3539 V.
1522 3483 1595 3542 Θ.
1634 3482 1819 3565 μικρὸς

283 3561 346 3620 τὸ
376 3564 535 3641 σῶμα
555 3569 638 3623 Μ.
667 3563 818 3625 Ἀστ.
849 3570 918 3623 V.
947 3580 1005 3625 et
1025 3567 1246 3626 Suidas.
1274 3567 1602 3646 Legebatur
1629 3569 1818 3653 Ἄμφι-

286 3648 549 3727 δάμαντα.

371 3738 480 3797 153
498 3783 515 3811 ,
548 3739 623 3797 35
674 3735 942 3821 Ἔπρεπεν
982 3740 1070 3800 ἵνα
1117 3740 1209 3800 καὶ
1246 3739 1364 3809 τοὺς
1412 3741 1508 3814 τὴν
1552 3742 1815 3825 πυρρίχην

288 3825 644 3903 μανθάνοντας
672 3833 765 3885 τοῦ
794 3829 1052 3899 Κινησίου
1082 3831 1196 3906 μετ’
1217 3828 1440 3896 ἐκείνους
1461 3832 1572 3889 ἐκεῖ
1598 3832 1819 3902 κολάζε-

286 3917 429 3973 σθαι.
464 3912 721 3985 Κινησίας
759 3913 814 3973 δὲ
838 3906 904 3987 ἧν
942 3916 1043 3977 διθ.
1084 3923 1242 3975 V.—
1264 3920 1338 3977 36
1361 3918 1616 4002 πύρριχον
1653 3925 1726 3979 Β.
1761 3935 1818 3980 et

286 4002 478 4061 suidae
504 4022 551 4059 5.
587 4000 884 4082 Πυρρίχαις
921 4004 1090 4063 codd.
1134 4006 1314 4065 Paris.
1361 4011 1413 4065 A
1449 4020 1508 4065 et
1541 4008 1702 4066 Leid.
1739 4008 1818 4068 ὅτι

286 4110 403 4149 0111.
431 4091 675 4161 R.—37
698 4091 894 4168 ἐχρῆτο
910 4097 981 4149 V.
1003 4093 1195 4172 ἐχρᾶτο
1214 4096 1285 4150 Β.
1311 4096 1502 4152 Ceteri
1529 4093 1812 4176 ἐχρήσατο.

283 4210 363 4224 -
383 4179 458 4246 43
480 4175 697 4258 ὀκνηρὸς
722 4177 858 4235 libri
896 4191 956 4236 et
992 4179 1200 4239 suidas
1226 4200 1271 4237 s.
1312 4181 1626 4262 Πυρρίχαις.
1660 4185 1814 4243 Scri-

286 4264 544 4325 bendum
570 4264 790 4347 σμικρὸς
812 4285 942 4324 cum
971 4271 1245 4327 Kustero.
1276 4273 1458 4327 Dum.
1506 4272 1818 4328 κατεσκελε-

285 4353 482 4420 τευκώς
510 4357 580 4412 V.
625 4365 684 4411 et
718 4353 945 4412 suidas».
991 4354 1546 4428 κατασκελετευτηκώς
1589 4357 1721 4416 Ald.
1745 4391 1816 4403 ·-

288 4447 365 4509 44
388 4437 942 4520 κατησχημονηκότων
965 4444 1115 4501 G.—
1141 4444 1214 4510 46
1234 4449 1409 4523 χοροῖς
1430 4447 1522 4517 V.;
1545 4445 1644 4521 qui
1671 4442 1816 4526 ὑπᾴ-

288 4527 416 4586 δων.
441 4528 630 4587 Ceten‘i
658 4526 885 4608 ἐπᾴδων.
909 4571 971 4581 --
989 4537 1061 4603 47
1092 4529 1333 4601 Θηὸαῑος
1358 4529 1682 4597 Φιλοκλέους
1712 4533 1819 4602 υἱὸς

282 4615 450 4675 addit
482 4621 587 4688 V.,
624 4636 699 4674 ex
741 4617 964 4676 scholio
1011 4620 1375 4697 praecedente
1409 4621 1481 4679 de
1513 4623 1815 4683 Mon-simo.

288 4701 556 4775 Ἀθηναῖοι,
572 4705 821 4763 Meinek.
843 4705 990 4765 nist.
1018 4710 1181 4766 Com.
1208 4729 1264 4787 p.
1294 4727 1508 4785 2²9⁸·-
1524 4709 1596 4776 48
1617 4709 1819 4790 ἐχρῶντο

286 4794 433 4848 Ven.

375 4877 506 4951 159,
532 4881 565 4938 3
597 4879 733 4940 'Avo
762 4886 855 4940 τοῦ
876 4880 983 4961 ἐγὼ
1009 4888 1038 4943 ὃ
1059 4882 1171 4951 ὄνος
1197 4883 1308 4963 εἰμὶ
1336 4881 1697 4963 μεμυημένος·
1723 4886 1813 4945 καὶ

287 4964 390 5047 γὰρ
410 4974 518 5033 τοῖς
539 4990 699 5045 μυστ.
732 4974 892 5026 V.-
915 4978 945 5038 4
977 4969 1172 5040 ἄστεως
1208 4980 1275 5032 V.
1321 4973 1500 5038 ἄστεος
1539 4975 1714 5032 ceteri
1759 4989 1815 5033 et

1894 747 2196 824 Ἐλευσῖνα,
2219 747 2341 808 ἔνθα
2361 748 2428 810 τὰ
2474 751 2738 833 μυστήρια
2777 755 3019 814 ἐτελεῖτο.
3053 754 3114 814 τὸ
3143 756 3244 836 γὰρ
3279 756 3422 832 ἄγειν

1892 838 2115 896 ἐνταῦθα
2154 841 2214 896 οὐ
2246 836 2308 897 τὸ
2351 838 2540 920 φέρειν,
2568 839 2708 899 ἀλλὰ
2740 839 2801 900 τὸ
2830 842 3073 916 ἀπιέναι,
3112 842 3200 902 ἵνα
3226 835 3261 924 ᾖ
3311 844 3425 909 ὄνος

1892 922 2035 1003 ἄγων
2066 926 2351 1007 μυστήρια,
2390 925 2509 997 ἤτοι
2531 927 2700 986 ἀπιὼν
2724 929 2797 994 είς
2834 927 2931 999 τὴν
2972 932 3078 987 τῶν
3123 930 3425 1013 μυστηρίων

1893 1013 2081 1096 ἑορτήν
2103 1036 2117 1050 ·
2157 1011 2339 1095 τὸγὰρ
2378 1013 2523 1092 ἄγειν
2561 1015 2787 1072 ἐνταῦθα
2820 1015 2907 1075 ἐπὶ
2943 1015 3186 1089 τοιαύτης
3231 1020 3428 1082 ἐννοίας

1892 1102 2244 1180 λαμὸάνεται,
2280 1103 2419 1162 κατὰ
2448 1102 2511 1162 τὸ
2547 1102 2818 1176 Λαοδίκην
2840 1103 3172 1186 εἰσάγουσαν,
3194 1108 3310 1166 ἀντὶ
3340 1113 3428 1166 τοῦ

1894 1193 2153 1251 ἀπιοῦσαν
2182 1190 2273 1251 καὶ
2295 1191 2653 1273 πορευομένην
2677 1194 2750 1259 εἷς
2770 1193 3058 1268 Λαοδίκην.

1984 1282 2112 1354 160,
2147 1301 2217 1338 10
2241 1281 2442 1357 γελοῖος
2458 1286 2559 1355 V.,
2587 1282 2688 1359 qui
2727 1303 2745 1337 1
2766 1302 2789 1339 1
2826 1301 2939 1340 om.
2965 1280 3216 1349 εἰπόντος.

1986 1369 2095 1444 169
2125 1369 2206 1427 sic
2227 1373 2321 1441 V.,
2346 1367 2461 1428 ἀντὶ
2493 1373 2588 1428 τοῦ
2628 1366 2703 1445 μὴ
2727 1366 2862 1450 εὕρω
2897 1367 3060 1447 ἤγουν
3090 1368 3180 1428 ἐὰν
3219 1369 3295 1447 μὴ
3322 1369 3431 1448 ἔχω

1897 1454 2158 1536 ἀργύριον.
2183 1452 2327 1533 λέγει
2350 1452 2406 1513 δὲ
2437 1454 2501 1514 τὸ
2521 1453 2629 1534 (ἵνα
2654 1454 2785 1534 λέγῃ
2808 1456 2868 1515 τὸ
2903 1457 2998 1530 G.)
3032 1455 3278 1539 ἀργύριον
3318 1455 3431 1535 (ἐὰν

1899 1541 1973 1619 μὴ
1994 1541 2130 1623 εὕρω
2154 1543 2281 1602 add.
2311 1543 2422 1621 G.).
2445 1583 2519 1596 -
2550 1564 2619 1620 19
2647 1543 2903 1624 γράφεται
2941 1542 2996 1602 δὲ
3027 1544 3116 1603 καὶ
3152 1543 3216 1603 ἂν
3256 1543 3313 1603 δὲ
3355 1544 3428 1621 μὴ

1897 1627 2027 1709 ἔχω,
2051 1630 2143 1710 ἤγ.
2183 1630 2271 1690 ἐὰν
2293 1629 2346 1689 δὲ
2368 1630 2444 1711 μὴ
2464 1632 2594 1690 Ald.

1935 1737 1948 1754 ·
1986 1722 2117 1792 173,
2152 1721 2224 1778 23
2251 1717 2306 1778 δὲ
2330 1740 2446 1778 0111.
2476 1725 2545 1779 Β.
2571 1720 2708 1801 αἱρεῖ
2733 1725 2829 1794 V.,
2860 1721 2960 1797 qui
2988 1724 3025 1791 ἡ
3055 1719 3110 1778 δὲ
3135 1721 3434 1799 δρ.-αἰτεί

1898 1807 2048 1865 infra
2078 1807 2316 1886 postvbv
2344 1807 2533 1886 μισθόν
2557 1810 2910 1887 ponit—24
2943 1797 3032 1866 οὗν
3061 1828 3177 1867 0111.
3205 1814 3272 1868 R.

1988 1904 2128 1967 174,
2161 1898 2236 1953 26
2266 1905 2600 1977 σκευοφορεῖν
2624 1897 2698 1956 Θ.
2736 1899 2813 1956 Μ.
2837 1933 2900 1945 —-
2927 1914 3000 1960 27
3044 1887 3180 1954 εἶναι
3220 1919 3332 1955 om.
3364 1903 3431 1955 V.

1899 1984 2016 2057 Qui
2054 1998 2184 2062 post
2222 1985 2358 2043 αἰτεῖ
2389 1987 2468 2062 (v.
2512 1985 2584 2042 ad
2627 1987 2662 2043 l.
2698 1983 2792 2061 23)
2827 1985 2928 2052 sic,
2969 1989 3124 2043 τοῦτο
3163 1985 3291 2066 πρὸς
3317 1986 3435 2052 τοὺς

1903 2071 2263 2148 βαστάζοντας
2283 2069 2444 2130 αὐτὸν
2471 2076 2500 2130 ὁ
2523 2070 2703 2151 νεκρός
2723 2093 2874 2152 φησι.

1986 2159 2126 2232 175,
2158 2179 2235 2236 29
2263 2159 2401 2219 Ἀντὶ
2429 2164 2523 2218 τοῦ
2553 2158 2642 2217 ἐὰν
2682 2156 2867 2236 ξυμὸῶ
2895 2180 2978 2217 σοι
3013 2163 3079 2216 V.
3112 2160 3436 2237 Legebamu-

1899 2243 1991 2307 ἐὰν
2016 2244 2202 2326 ξυμὸῶ
2225 2269 2328 2307 σοι.
2352 2247 2611 2329 γράφεται
2632 2244 2687 2305 δὲ
2715 2245 2805 2305 καὶ
2838 2244 2945 2316 ἵνα,
2971 2266 3100 2323 quae
3122 2267 3235 2307 om.
3266 2252 3334 2306 R.
3356 2289 3436 2299 —

1903 2336 1978 2394 30
2011 2333 2352 2417 συμφωνήσω
2385 2340 2452 2394 R.
2486 2336 2561 2395 Θ.
2597 2357 2649 2392 τι
2678 2334 2939 2393 additum
2967 2354 3040 2393 ex
3068 2340 3135 2395 R.
3165 2335 3255 2394 ἐάν
3285 2341 3438 2414 Hey·

1900 2425 2033 2483 nius
2061 2424 2133 2483 ad
2162 2425 2353 2482 locum
2384 2423 2638 2481 Homeri.
2669 2421 2993 2500 Legebatur
3011 2422 3122 2484 καί.
3150 2468 3209 2477 -
3232 2426 3298 2483 31
3343 2424 3437 2483 καὶ

1900 2512 2158 2571 additum
2190 2531 2262 2569 ex
2284 2517 2356 2570 V.
2379 2513 2452 2572 Θ.
2484 2509 2862 2570 scribebatur
2890 2510 3138 2591 ῥέξωμεν.

1991 2623 2128 2675 177,
2203 2605 2273 2660 32
2332 2621 2417 2679 sq.
2486 2600 2611 2679 μίαν
2653 2599 2902 2678 ἡμίσειαν
2942 2603 3002 2683 δρ
3075 2602 3180 2679 μήν
3199 2627 3212 2640 ·
3250 2607 3284 2674 ἡ
3336 2601 3436 2685 γὰρ

1902 2689 2113 2774 δραγμὴ
2159 2687 2213 2758 ἓξ
2250 2688 2429 2749 ὀὸολοί
2472 2689 2603 2747 εἰσιν
2638 2694 2722 2747 Μ.
2762 2725 2822 2738 -·
2856 2691 2929 2757 34
2980 2695 3030 2748 0
3054 2713 3108 2748 ον
3149 2693 3289 2770 (0111.
3338 2697 3437 2767 G.)

1902 2778 2223 2856 ἀπολοίμην.
2256 2779 2340 2836 ἐνο
2378 2775 2629 2854 λούμενος
2679 2774 2752 2835 δὲ·
2774 2783 2842 2835 V.
2864 2814 2925 2827 -
2959 2779 3032 2835 36
3076 2777 3137 2837 τὸ
3177 2778 3436 2837 additum

1903 2887 1978 2925 ex
2004 2871 2166 2924 M.-
2184 2867 2254 2937 37
2304 2799 2440 2924 εἶξαι
2471 2885 2589 2923 0111.
2624 2870 2696 2922 V.
2736 2856 2801 2937 ἦν
2841 2871 3008 2926 Μ.-
3036 2869 3112 2943 39
3155 2866 3343 2933 ἄλλως.
3383 2870 3437 2925 ἐν

1902 2951 2021 3023 ἤθει
2063 2956 2128 3011 V.
2174 2951 2337 3030 ἤγουν
2382 2950 2509 3011 ΑΙά.
2552 2949 2588 3021 ἢ
2626 2942 2713 3010 οὖν
2741 2954 2815 3011 Θ.
2858 2957 3146 3030 τυχοῦσαν.
3181 2950 3215 3022 ἢ
3253 2951 3339 3010 διὰ
3377 2952 3441 3011 τὸ

1905 3037 2173 3121 μοχθηρὸν
2197 3042 2290 3098 τοῦ
2326 3037 2652 3119 ἀνθρωπίνου
2678 3036 2792 3116 βίου
2819 3043 2978 3098 τοῦτο
3000 3040 3145 3117 λέγει
3169 3045 3332 3098 Μ.--
3358 3050 3437 3109 40

1943 3126 2015 3194 ίος
2039 3146 2151 3186 0111.
2185 3130 2254 3186 R.

1906 3131 1940 3207 β
1993 3219 2121 3289 180,
2157 3223 2228 3284 44
2271 3203 2318 3274 ὦ
2345 3213 2437 3274 ὄπ.
2485 3213 2617 3274 ΑΙά.
2651 3212 2756 3273 ὤπ.
2787 3218 2879 3280 Β.,
2913 3214 3013 3290 qui
3038 3210 3092 3270 δὲ
3118 3234 3231 3273 0111.
3258 3236 3439 3295 παρα-

1905 3304 2072 3363 ὅαλοῦ
2094 3293 2203 3363 οἷον
2228 3299 2370 3380 ἐμὸα
2396 3306 2461 3360 V.
2483 3301 2723 3378 reliquis
2746 3300 2990 3357 omissis.
3017 3297 3250 3378 ὅρμησον
3277 3304 3343 3358 R.
3367 3304 3438 3360 Θ.

1909 3427 1980 3437 —-
2008 3392 2082 3462 45
2116 3395 2182 3471 τῇ
2202 3389 2289 3450 ναὶ
2308 3396 2405 3463 Β.,
2432 3390 2536 3465 qui
2557 3387 2679 3467 γὰρ,
2702 3389 2909 3465 reliqui
2929 3386 3001 3445 δὲ.
3026 3393 3166 3465 Rvg.
3196 3412 3207 3444 :
3235 3388 3296 3445 τὸ
3324 3388 3440 3447 ὠόπ

1904 3479 1939 3553 ἢ
1972 3479 2064 3539 καὶ
2088 3478 2296 3553 ὧόποπ,
2324 3481 2397 3546 ὥς
2419 3474 2616 3560 προϊὼν
2646 3474 2789 3555 λέγει
2820 3480 2849 3535 ὅ
2886 3474 3142 3550 ποιητὴς,
3170 3476 3438 3556 ἀπήχημά

1906 3572 2021 3628 ἐστι
2060 3570 2168 3627 τῶν
2209 3562 2668 3638 κοητηλατούντων
2686 3609 2703 3637 ,
2757 3565 2820 3622 ἐκ
2874 3567 2970 3634 τῆς
3023 3564 3271 3636 ὠθήσεως
3331 3567 3436 3623 τῶν

1904 3658 2101 3715 κωπῶν
2144 3653 2393 3726 τοιαύτην
2440 3651 2617 3735 φωνὴν
2662 3650 2747 3710 διὰ
2789 3652 2895 3709 τῶν
2936 3650 3159 3730 χειλέων
3201 3653 3439 3734 προῖέναι

1904 3743 2235 3824 εἰθισμένων.
2274 3742 2365 3802 καὶ
2408 3739 2520 3801 ἔστι
2564 3738 2692 3800 ποιὰ
2730 3737 2883 3809 λέξις.
2922 3743 2975 3801 Τ
2975 3739 3003 3800 ὸ
3035 3739 3091 3800 δὲ
3129 3741 3440 3822 παραθαλοῦ

1904 3833 2043 3893 ἔοικε
2074 3832 2204 3912 πρὸς
2232 3832 2294 3889 τὸ
2315 3829 2511 3911 σκάφος
2529 3829 2699 3907 λέγειν
2725 3832 2754 3887 ὅ
2777 3827 2970 3908 Χάρων
2986 3874 3002 3902 ,
3032 3828 3188 3887 οἱονεὶ
3215 3829 3441 3901 πλησία-

1906 3945 1997 3981 σον
2023 3911 2068 3981 ὦ
2088 3921 2288 4001 σκάφος
2311 3924 2391 3998 τῷ
2416 3924 2511 3991 τῆς
2536 3917 2732 3996 λίμνης
2754 3914 2953 3995 λιμένι.

1994 4011 2094 4068 181
2151 4030 2262 4066 om.
2306 4014 2376 4065 G.
2425 4009 2685 4067 Glossam
2726 4004 2823 4078 τὴν
2867 4004 3202 4086 Ἀχερουσίαν
3246 4005 3437 4082 λίμνην

1906 4098 2083 4158 habet
2109 4102 2263 4157 R.—
2287 4097 2360 4154 50
2384 4095 2579 4173 λογίου,
2608 4096 2674 4152 51
2703 4094 2985 4175 ὀρχίστρας
3009 4100 3079 4152 V.

1995 4188 2120 4252 184.
2159 4183 2431 4241 Scholion
2473 4203 2590 4242 om.
2627 4184 2699 4243 Θ.
2742 4183 3012 4240 Μ.-53
3049 4181 3177 4240 αὐτὸ
3217 4183 3264 4238 οἱ
3311 4187 3437 4240 Do-

1904 4274 2118 4332 11110115.
2157 4271 2487 4347 Legebatur
2507 4268 2675 4329 αὐτοὶ.
2727 4270 2941 4350 σάτυροι
2982 4270 3284 4327 ΒεηεΙείυε.
3321 4273 3437 4328 Le-

1910 4358 2156 4438 gebatur
2184 4355 2475 4436 σαπροί.-
2492 4358 2565 4426 54
2600 4359 2828 4416 tertium
2858 4358 3001 4435 χαῖρ’
3025 4344 3069 4414 ὦ
3096 4354 3290 4438 Χάρων
3313 4376 3430 4417 om.

1905 4453 2051 4507 R...
2077 4466 2101 4503 1
2135 4444 2283 4504 εἵπου
2304 4449 2373 4503 Β.
2399 4446 2538 4522 θυμῇ
2567 4445 2695 4504 Ald.
2719 4439 2920 4510 Ἄλλως
2954 4449 3023 4501 V.
3043 4442 3082 4516 ἢ
3112 4441 3250 4502 οὕτω
3281 4444 3433 4515 Ald„

1906 4556 2021 4594 om.
2044 4539 2144 4608 R.,
2172 4533 2272 4611 qui
2297 4530 2797 4610 ὖπονοουμένους.-
2820 4541 2849 4601 4
2871 4531 2960 4589 καὶ
2983 4530 3136 4590 αὐτὸν
3161 4530 3436 4607 βούλεσθαι

1903 4629 1969 4683 V.
2004 4635 2081 4695 et,
2117 4623 2334 4681 omisso
2351 4619 2464 4696 καὶ,
2488 4621 2610 4679 ΑΙιΙ.

1996 4711 2120 4781 186,
2155 4729 2187 4780 7
2227 4705 2497 4789 Κηρύσσει
2514 4712 2544 4767 ὁ
2562 4705 2754 4787 Χάρων
2786 4705 2876 4764 καὶ
2897 4708 2967 4771 ὡς
2995 4702 3188 4770 τόπους
3209 4702 3435 4763 καταλέ-

1903 4820 2002 4874 γει.
2047 4796 2212 4867 λήθης
2257 4792 2313 4853 δὲ
2356 4794 2533 4853 πεδίον
2570 4792 2764 4874 χωρίον
2806 4791 3272 4851 διατετύπωκενέν
3308 4790 3432 4873 ᾅδου

1903 4887 2041 4948 οὕτω
2074 4886 2357 4965 λεγόμενον
2401 4888 2471 4952 ὥς
2499 4883 2589 4943 καὶ
2624 4883 2713 4943 τὸν
2761 4883 2977 4944 αὗαίνου
3024 4882 3182 4943 λίθον.
3213 4880 3428 4947 Ἄλλως.

1902 4982 2057 5037 τοῦτο
2086 4976 2153 5034 V.
2186 4977 2282 5035 Sic
2309 4975 2480 5033 etiam
2504 4979 2604 5047 M„
2657 4974 2762 5031 nisi
2803 4971 2962 5052 quod
3004 4972 3062 5030 in
3106 4973 3217 5029 line
3259 4970 3428 5043 λίθον,

287 5053 493 5114 Suidas
511 5075 558 5113 s.
583 5054 888 5124 Ὄνος.-5
909 5057 994 5118 διὰ
1014 5060 1071 5118 τὸ
1090 5083 1206 5119 0111.
1234 5064 1404 5120 V.-.6
1425 5054 1514 5122 οὖν
1538 5075 1593 5119 ct
1622 5086 1671 5120 τι
1694 5085 1805 5122 om.
1853 5069 1865 5143 Ι
1905 5060 2376 5127 ἀπὸ-ἀλίὸαντας
2407 5051 2559 5122 εἶναι.
2602 5065 2755 5119 τοῦτο
2786 5073 2842 5119 et
2872 5081 2997 5139 quae
3026 5072 3427 5137 sequuntur.—
