3859 5725
380 300 489 351 178

451 438 548 479 22⁶.
579 416 852 490 ἐπέὸαλεν,
872 416 1246 498 ἐπεσώρευσεν.
1270 413 1429 474 ὅπλον
1451 412 1554 495 γᾲρ
1575 411 1809 491 πολέμου
1832 410 1923 471 καὶ

370 510 401 567 6
425 506 581 574 λίθος.
605 515 664 563 R.
693 503 1031 585 ἐπεφόρησεν,
1064 501 1435 585 ἕπεσώρευσεν.

247 663 253 670 ,
449 613 548 654 228.
579 591 723 651 θυεία
742 591 948 670 ἀγγεῖον
970 593 1043 658 εἷς
1059 589 1088 648 ὃ
1106 588 1452 663 ἐμὸάλλοντες
1471 584 1587 646 τινὰ
1607 586 1920 666 (ἀρτύματα)

368 680 617 762 τρίὸομεν
652 678 743 738 καὶ
777 680 1037 756 λειοῢμεν.
1062 712 1141 723 -
1167 677 1229 736 τὸ
1264 675 1320 735 δὲ
1353 674 1549 757 τρίὸειν
1588 674 1702 733 ἀντὶ
1737 678 1827 732 τοῦ
1869 674 1922 731 ἐν

321 796 347 834 5
369 767 590 848 πολέμῳ
621 765 862 847 βούλεται
896 765 991 833 τὰς
1015 763 1191 832 πόλεις
1222 760 1314 824 ἐπὶ
1335 761 1468 824 πολὺ
1502 759 1803 843 διατρίὸειν,
1832 759 1924 819 καὶ

370 854 486 933 ἅμα
520 855 614 932 μὲν
650 851 797 936 παρὰ
821 852 881 912 τὸ
905 851 1102 933 τρίὸειν
1129 853 1182 911 ἐν
1214 850 1359 933 θυείᾳ
1393 847 1678 929 μυττωτὸν,
1716 847 1831 925 ἅμα
1868 845 1923 906 δὲ

368 940 516 1022 παρὰ
542 941 603 1001 τὸ
640 940 924 1020 ἐπιτρίὸειν
951 940 1042 999 καὶ
1071 937 1248 1022 ὥσπερ
1276 936 1463 1005 αὖτοὺς
1492 938 1750 995 δαπανᾶν.
1775 947 1834 995 R.
1855 943 1920 992 V.

448 1049 544 1089 232.
586 1028 678 1088 καὶ
701 1027 802 1109 γὰρ
826 1026 1046 1110 ἐξορμᾶν
1069 1026 1186 1086 κατ’
1211 1023 1344 1103 ἐμὴν
1367 1023 1581 1103 γνώμην
1607 1022 1700 1081 καὶ
1722 1025 1792 1089 ὣς
1818 1020 1923 1080 οἴο-

371 1139 470 1195 μαι
511 1114 729 1192 ἑτοίμως
767 1113 900 1195 ἔχει.
945 1115 1158 1173 εἰώθασι
1192 1111 1294 1193 γὰρ
1330 1111 1421 1171 καὶ
1456 1111 1816 1182 πληθυντικῶς
1854 1111 1921 1187 τῇ

294 1230 345 1269 ιο
370 1201 605 1271 συντάξει
631 1206 862 1284 χρῆσθαι
886 1201 1072 1281 ταύτῃ·
1101 1200 1193 1260 καὶ
1218 1200 1320 1282 γὰρ
1348 1197 1538 1269 ἐξιέναι
1574 1196 1754 1275 μέλλει
1782 1192 1924 1254 κατὰ

369 1288 579 1369 γνώμας
602 1287 695 1356 τὰς
718 1289 866 1368 ἐμάς.
891 1298 953 1345 V.

447 1396 544 1437 234.
579 1376 689 1457 φέρ’
728 1375 883 1435 αὐτὸν
920 1376 1133 1456 ἀποδρῶ
1173 1395 1187 1435 :
1228 1369 1384 1434 Νοεῖν
1420 1375 1498 1433 δεῖ
1531 1370 1620 1431 τὸν
1660 1369 1924 1450 Τρυγαῖον

370 1462 739 1536 ἀποὸεὸηκότα
766 1467 857 1523 τοῦ
892 1461 1152 1543 κανθάρου
1182 1461 1269 1520 ἐπὶ
1295 1465 1389 1533 τῆς
1414 1462 1609 1532 σκηνῆς
1633 1459 1801 1515 ταῦτα
1829 1453 1922 1515 λέ-

364 1577 497 1630 γειν.
524 1588 602 1599 --
622 1551 732 1611 ἔστι
753 1549 811 1609 δέ
836 1573 888 1608 τι
908 1549 1000 1609 καὶ
1026 1548 1209 1630 ἄντρον
1233 1548 1322 1608 ἐπὶ
1348 1552 1441 1620 τῆς
1463 1550 1675 1620 σκηνῆς.
1702 1558 1762 1607 R.

451 1660 549 1702 2³5.
594 1637 765 1705 θυείας
814 1658 830 1697 t
869 1636 1008 1698 Ἀντὶ
1046 1640 1137 1695 τοῦ
1178 1636 1345 1696 εἰπεῖν
1387 1635 1704 1717 σάλπιγγος,
1753 1634 1925 1701 θυείας

292 1751 341 1790 1⁶
363 1721 523 1790 εἶπεν.

442 1838 545 1879 m.
589 1814 654 1874 ἰὼ
688 1813 863 1894 βροτοὶ
893 1832 907 1873 z
948 1810 1211 1893 [Κορωνὶς
1245 1809 1397 1891 ἑτέρα
1434 1811 1624 1894 ἑτέρων
1661 1810 1922 1871 εἰσιόντων

366 1907 677 1986 ὑποκριτῶν.
714 1904 764 1961 οἱ
799 1898 856 1960 δὲ
888 1898 1062 1978 στίχοι
1100 1896 1270 1975 ὅμοιοι
1307 1901 1414 1966 τοῖς
1443 1898 1782 1980 προφθάσασι
1822 1896 1919 1975 ξγ’.

364 1992 457 2051 καὶ
484 1994 539 2051 ἐν
565 1988 764 2050 ἐκθέσει
794 1986 1067 2070 τροχαῖκοὶ
1092 1988 1200 2053 τοῖς
1235 1985 1350 2057 ἑξῆς
1385 1984 1555 2064 ὅμοιοι
1587 1985 1698 2047 δύο.
1732 1985 1822 2045 ἐπὶ
1847 1989 1922 2065 τῷ

364 2079 503 2139 τέλει
538 2076 783 2158 κορωνὶς,
827 2073 1063 2144 ἐξιόντων
1098 2076 1201 2131 τῶν
1230 2071 1576 2154 ὕποκριτῶν.]
1615 2076 1645 2131 6
1681 2070 1935 2151 Πόλεμος

286 2184 340 2225 2ο
365 2165 630 2249 ἐξέρχεται
661 2164 823 2224 θέλων
856 2161 1039 2244 τρίψαι
1075 2159 1364 2240 μυττωτόν.
1404 2159 1564 2233 σκευὴ
1604 2159 1660 2219 δὲ
1693 2159 1827 2232 αὕτη
1863 2163 1924 2219 ἐκ

361 2260 519 2335 τυροῦ
548 2252 639 2312 καὶ
661 2248 910 2331 σκορόδου
936 2249 1029 2308 καὶ
1054 2246 1261 2325 μέλιτος
1282 2246 1400 2325 (καὶ
1425 2246 1674 2329 πράσου).
1694 2281 1773 2292 -
1791 2245 1924 2315 τινὲς

364 2340 423 2400 δέ
438 2362 568 2419 φασι
592 2338 681 2398 τὸν
710 2336 812 2399 Δία
838 2340 1006 2395 ταῦτα
1031 2334 1219 2413 λέγειν.
1245 2345 1309 2393 V.

441 2448 542 2488 237.
584 2425 677 2494 τὰς
716 2422 933 2502 γνάθους
969 2421 1228 2500 ἀλγήσετε
1270 2441 1285 2482 :
1314 2417 1390 2481 *H
1434 2420 1731 2503 τριὸόμενοι
1767 2425 1820 2482 ἐν
1856 2426 1922 2503 τῇ

362 2514 538 2594 θυείᾳ,
575 2511 612 2584 ἢ
647 2512 737 2572 τὸν
776 2508 1047 2587 μυττωτὸν
1095 2507 1376 2582 ἐσθίοντες,
1414 2507 1470 2567 ὃν
1513 2508 1707 2591 τρίὸειν
1749 2532 1921 2590 παρα-

285 2630 338 2669 25
363 2601 669 2671 σκευάζεται
704 2603 732 2659 6
779 2597 1039 2676 Πόλεμος.
1083 2594 1263 2667 ἐπειδὴ
1303 2595 1409 2655 ἀπὸ
1454 2602 1543 2655 τοῦ
1588 2595 1923 2676 δικαστηρίου

363 2692 637 2763 ἐσθίουσιν,
669 2685 921 2766 (πολέμου
949 2684 1005 2744 δὲ
1023 2682 1167 2751 ὄντος
1194 2685 1347 2766 ἀργεῖ
1365 2682 1434 2743 τὰ
1467 2683 1801 2768 δικαστήρια.
1836 2682 1924 2742 λέ-

359 2801 442 2857 γει
468 2768 556 2837 οὖν
581 2775 696 2836 ἀντὶ
717 2779 811 2834 τοῦ
837 2773 998 2832 εἰπεῖν
1029 2769 1415 2850 λιμώττοντες).
1444 2807 1525 2818 —
1545 2770 1631 2831 διὰ
1659 2770 1748 2830 τὸν
1772 2770 1925 2830 πόλε·

363 2890 460 2944 μον
490 2863 643 2926 τοῦτό
677 2884 852 2947 φησιν·
890 2864 944 2921 ἐν
982 2859 1084 2943 γὰρ
1112 2864 1190 2940 τῷ
1217 2858 1438 2942 πολέμῳ
1474 2857 1795 2937 λιμώττουσι
1830 2858 1921 2919 καὶ

361 2953 449 3014 διὰ
467 2952 657 3037 χρόνου
680 2950 935 3024 ἐσθίουσι,
967 2949 1058 3008 καὶ
1086 2947 1366 3027 συμὸαίνει
1398 2950 1458 3007 ἐκ
1488 2952 1584 3020 τῆς
1615 2947 1800 3030 ἀργίας
1830 2955 1921 3007 τοῦ

281 3065 337 3104 ³0
359 3041 437 3121 μὴ
457 3041 644 3102 ἐσθίειν
665 3039 890 3120 πάσχειν
909 3035 1097 3104 αὐτοὺς
1118 3035 1212 3104 τὰς
1233 3035 1449 3115 γνάθους
1478 3035 1693 3118 ὕστερον
1726 3036 1924 3096 ἐσθίον-

356 3153 465 3198 τας.
490 3143 553 3188 V.

437 3237 535 3279 241.
579 3221 608 3275 6
629 3215 789 3282 δεινὸς
813 3233 829 3275 2
856 3211 1191 3291 Συμὸολικὸν
1215 3211 1324 3271 ἀπὸ
1344 3213 1448 3271 τῶν
1472 3211 1561 3271 διὰ
1581 3197 1776 3271 δειλίαν
1800 3214 1925 3271 ἀπο-

357 3302 667 3377 πηδώντων.
708 3307 877 3361 ταῦτα
920 3299 976 3359 δέ
1017 3323 1145 3383 φησι
1185 3298 1507 3377 θεασάμενος
1545 3298 1635 3358 τὸν
1675 3297 1922 3376 Πόλεμον

360 3389 572 3469 μείζονα
603 3387 700 3462 τὴν
724 3380 982 3449 ’ὑπόνοιαν
1018 3387 1208 3468 ἔχοντα
1247 3389 1339 3458 τῆς
1365 3386 1550 3467 πείρας
1584 3391 1677 3459 τῆς
1710 3383 1798 3445 διὰ
1830 3391 1924 3459 τῆς

280 3510 332 3549 ³5
358 3478 542 3560 ὅψεως·

440 3565 783 3646 (ταλαυρίνος
832 3585 846 3625 2

357 3651 553 3733 μάχῃ)

436 3760 533 3802 242.
577 3739 815 3822 Πρασιαὶ
859 3760 872 3799 :
915 3736 1082 3806 Πόλις
1131 3735 1438 3808 Λακωνική.
1483 3735 1596 3813 ἅμα
1642 3736 1698 3796 δὲ
1738 3737 1921 3816 πράσα

355 3826 638 3906 ἐμὸάλλων
669 3825 836 3885 ταῦτά
875 3847 1053 3906 φησιν.
1073 3823 1286 3883 -ἔστι
1329 3821 1385 3883 δὲ
1419 3823 1512 3882 καὶ
1554 3827 1648 3895 τῆς
1690 3824 1924 3896 Ἀττικῆς

280 3941 331 3981 ιο
357 3914 597 3989 ἐπίνειον,
625 3912 697 3982 ὥς
723 3936 853 3995 φησι
878 3911 1204 3985 Θουκυδίδης
1233 3920 1308 3985 [7,
1340 3934 1418 3985 ¹⁸3
1447 3934 1502 3985 a,
1530 3913 1606 3991 οε]
1634 3913 1728 3972 καὶ
1754 3913 1922 3975 Φιλό-

355 4027 526 4086 χορος.
562 4001 637 4082 μή
666 4025 795 4061 ποτε
824 3999 879 4061 δὲ
903 4002 1004 4081 οὐχ
1033 4000 1196 4069 οὕτως
1229 4000 1369 4080 ἔχον·
1393 4003 1488 4059 οὐκ
1517 3999 1579 4059 ἂν
1610 4002 1713 4084 γὰρ
1746 4000 1921 4080 ἔλεγεν

356 4091 471 4164 ἑξῆς
500 4119 525 4145 κ
552 4089 698 4151 οὐδὲν
722 4089 850 4172 πρὸς
878 4093 1017 4168 ἡμᾶς
1039 4091 1095 4148 αἱ
1122 4087 1379 4169 Πρασιαί.
1413 4114 1437 4140 »
1458 4099 1521 4145 V.

434 4178 681 4247 πεντάκις
712 4199 726 4240 2
757 4176 895 4239 Ἄντὶ
919 4182 1010 4237 τοῦ
1034 4175 1309 4243 πολλάκις.
1338 4186 1401 4232 V.

434 4288 535 4328 2⁴5.
581 4266 698 4328 οὐδὲ
722 4268 848 4345 ἡμῖν
881 4272 1105 4346 πρᾶγμα
1132 4284 1147 4326 2
1174 4263 1317 4345 Πρὸς
1338 4261 1435 4337 τὴν
1460 4262 1767 4341 ὁμωνυμίαν
1791 4263 1920 4346 φησὶ

281 4390 332 4429 ⁴5
355 4359 459 4416 τῶν
492 4359 547 4416 ἐν
580 4359 646 4437 τῇ
684 4356 968 4434 Λακωνικῇ
1000 4354 1274 4435 Πρασιῶν,
1311 4349 1393 4411 ὅτι
1434 4351 1585 4429 ἡμεῖς
1621 4357 1712 4411 τοῦ
1752 4357 1920 4412 κακοῦ

354 4442 541 4504 τούτου
569 4444 832 4525 ἀλλότριοι
859 4440 1039 4518 ἐσμέν.
1808 4434 1815 4441 ’

433 4551 531 4593 m.
575 4520 620 4590 ῶ
638 4529 863 4611 Μέγαρα
889 4549 904 4590 :
928 4527 1190 4611 (Σκόροδα
1210 4525 1492 4605 ἐμὸάλλων
1519 4526 1689 4586 ταῦτά
1711 4530 1916 4609 φησιν.)

896 3561 1314 3639 Ὑπομονητικὸς
1331 3607 1347 3634 ,
1403 3562 1707 3644 καρτερικὸς
1751 3565 1804 3622 ἐν
1855 3568 1921 3644 τῇ

1518 280 1920 343 scflomA
1973 282 2056 343 IN
2106 282 2419 348 PACEM.

2018 409 2304 486 Ἀθηναίοις
2328 412 2447 482 τοὺς
2472 413 2668 474 τούτων
2698 417 2911 497 ἐχθρους
2931 416 3240 496 παρεισάγει
3260 420 3321 478 ἐκ
3348 426 3439 481 τοῦ
3467 445 3567 483 πο·

2011 497 2173 577 λέμου
2200 500 2626 582 συντριὸομένους
2653 504 2724 570 εἰς
2744 502 2958 583 τέλεον.)
2988 503 3103 583 ἅμα
3127 504 3182 564 δὲ
3207 512 3372 568 ταῦτα
3400 507 3567 589 λέγων

2012 589 2040 645 6
2061 585 2335 667 Πόλεμος,
2363 589 2585 671 σκόροδα
2611 589 2793 669 βάλλει
2821 594 2894 660 εἰς
2918 590 3014 663 τὴν
3041 591 3231 669 θυείαν,
3258 593 3371 655 ὅθεν
3394 596 3569 657 καὶτὸ

2011 671 2126 746 ἑξῆς
2147 676 2347 744 οἰκείως
2366 675 2750 757 ἐπαχθήσεται,
2767 676 2828 738 τὸ
2846 678 3197 749 ἁπαξάπαντα
3221 682 3571 763 (καταμεμυτ-

2010 761 2346 841 τωτευμένα).
3597 795 3625 835 ⁶

2090 867 2189 910 248.
2239 849 2404 930 βαὸαὶ
2437 851 2664 930 βαὸαιὰξ
2699 873 2714 914 :
2749 851 3161 933 Σχετλιαστικὸν
3198 855 3314 914 ἀντὶ
3343 862 3434 916 τοῦ
3472 863 3569 939 φεῧ

2010 936 2259 1081 Ξὶῦ.Ιδεόν
2279 936 2334 997 δὲ
2362 940 2527 998 εἰπεῖν
2553 938 2621 998 τὰ
2656 939 2911 1022 σκόροδα,
2936 940 3062 1019 παρ’
3090 941 3336 1002 δπόνοιαν
3366 934 3481 1004 εἷπε
3501 942 3570 1004 τὰ

2079 1046 2312 1101 αυματα.

2090 1129 2188 1174 249.
2231 1111 2515 1192 κλαύματα
2551 1133 2567 1175 :
2597 1112 2738 1174 ’Λντὶ
2773 1118 2865 1174 τοῦ
2898 1113 3143 1196 σκόροδα.
3173 1114 3331 1194 (οὕτω
3370 1117 3425 1178 δὲ
3455 1109 3569 1178 εἷπε

2011 1199 2552 1281 προσκαταρώμενος.)
2577 1203 2684 1269 τοῖς
2705 1200 2761 1260 δὲ
2780 1200 3004 1262 ἐσθίουσι
3025 1200 3093 1261 τὰ
3116 1202 3340 1285 σκόροδα
3364 1203 3564 1286 δάκρυα
3599 1229 3651 1270 10

2013 1282 2179 1344 ἔπεισι
2207 1285 2294 1345 διὰ
2318 1286 2415 1360 τὴν
2439 1286 2751 1370 δριμύτητα.
2788 1288 2867 1348 διό
2889 1311 3047 1371 φησιν
3075 1316 3101 1342 ιι
3125 1293 3197 1359 ὥς
3220 1291 3410 1373 δριμέα
3433 1303 3569 1353 τοῖσι

2011 1373 2329 1451 Μεγαρεῦσι.
2357 1401 2382 1426 ιι

2089 1475 2185 1518 250.
2227 1460 2447 1520 Σικελία
2495 1481 2511 1523 2
2557 1465 2747 1522 Ταῦτα
2791 1461 2966 1521 πάντα
3012 1466 3391 1548 παρεπιγραφή
3438 1459 3582 1530 ἐστι.ἱ

2010 1545 2162 1626 τυρὸν
2194 1545 2251 1605 δὲ
2274 1547 2554 1626 ἐμὸάλλων
2580 1548 2828 1617 Σικελίας
2847 1547 3128 1627 μέμνηται·
3152 1551 3315 1621 πολὺς
3338 1552 3441 1635 γὰρ
3464 1557 3573 1615 ἐκεῖ

2010 1631 2178 1713 τυρός.
2214 1635 2307 1693 οὐκ
2343 1634 2538 1707 ἄδηλον
2571 1635 2630 1694 δὲ
2666 1635 2744 1695 ὅτι
2775 1637 2867 1696 καὶ
2898 1636 3092 1710 ταύτης
3124 1639 3185 1699 τὸ
3219 1639 3378 1700 πλέον
3416 1641 3574 1725 μέρος
3601 1673 3652 1713 η

2009 1718 2260 1798 πολέμιον
2294 1713 2359 1795 ἦν
2385 1731 2492 1790 τοῖς
2523 1722 2826 1796 Ἀθηναίοις.
2904 1724 3025 1783 ἔνθα
3064 1725 3156 1785 καὶ
3195 1724 3294 1800 τὴν
3338 1729 3572 1808 μεγάλην

2011 1807 2370 1890 ἐδυστύχησαν
2400 1802 2584 1882 ἧτταν.

2091 1915 2190 1958 261.
2233 1894 2314 1956 ὅτι
2342 1897 2495 1956 πόλιν
2523 1889 2639 1958 ε’ίπε
2664 1898 2761 1971 τὴν
2792 1898 3039 1960 Σικελίαν
3073 1904 3229 1973 νῆσον
3264 1894 3446 1965 οὖσαν.
3484 1907 3576 1964 καὶ

2008 1980 2256 2066 Ὅμηρος
2281 1984 2535 2054 πολλάκις
2557 1985 2651 2055 τὰς
2672 1985 2857 2057 νήσους
2881 1986 3057 2053 πόλεις
3083 1989 3236 2047 καλεῖ
3254 2034 3272 2067 ,
3308 1994 3379 2059 ὡς
3401 1991 3460 2050 τὸ
3493 2001 3574 2065 [n.
3626 2061 3636 2071 ⁶

2010 2080 2077 2144 Ξ,
2101 2079 2200 2144 230]
2229 2099 2252 2125 α
2286 2077 2501 2151 Λῆμνον
2531 2074 2574 2133 δ’
2608 2073 2910 2156 εἰσαφίκανε
2945 2073 3097 2135 πόλιν
3135 2076 3290 2136 θείοιο
3320 2078 3571 2148 Θόαντος.
3605 2108 3659 2147 20

2011 2158 2103 2216 καὶ
2124 2158 2384 2241 Πίνδαρος
2407 2159 2462 2220 δὲ
2488 2168 2646 2233 [Nem.
2673 2183 2726 2235 7,
2758 2169 2825 2234 13]
2851 2162 2972 2244 περὶ
2994 2166 3088 2235 τῆς
3117 2163 3333 2243 Αἰγίνης
3354 2192 3379 2217 κ
3407 2166 3442 2224 ἃ
3470 2166 3567 2245 μὲν

2009 2244 2159 2314 πόλις
2177 2248 2453 2307 Αἰακιδᾶν.
2482 2275 2505 2301 υ
2525 2245 2617 2306 καὶ
2642 2247 2932 2330 Εὐριπίδης
2952 2257 3075 2323 [Ion.
3102 2258 3202 2323 207]
3227 2250 3408 2312 136602‘
3427 2252 3581 2325 Ἀθή-

2010 2357 2124 2401 ναις
2143 2334 2254 2393 ἐστί
2275 2358 2351 2402 τις
2373 2333 2556 2412 γείτων
2584 2334 2755 2404 πόλις.
2788 2364 2813 2390 a
2837 2349 2899 2396 V.

2092 2422 2551 2494 διακναισθήσεται
2582 2442 2597 2483 :
2625 2423 2764 2483 Ἀντὶ
2794 2429 2887 2483 τοῦ
2913 2421 3346 2505 διαφθαρήσεται.
3373 2428 3461 2501 (ὣς
3489 2427 3579 2487 ἐπὶ

2011 2515 2168 2592 τυροῦ
2197 2516 2367 2571 τοῦτο.
2398 2511 2645 2592 Ὅμηρος
2673 2519 2753 2583 [ll.
2777 2523 2849 2584 A,
2881 2519 2980 2584 63⁹]
3012 2539 3036 2563 a
3065 2513 3152 2572 ἐπὶ
3180 2514 3225 2573 δ’
3250 2513 3447 2594 αἴγειον
3474 2520 3574 2589 κνῆ
3602 2540 3658 2581 2⁶

2011 2597 2166 2677 τυρὸν
2200 2595 2388 2668 κνήστι
2414 2597 2663 2678 χαλκείῃ.
2700 2599 2742 2678 υ)
2774 2598 3056 2658 διακναίειν
3081 2600 3138 2659 δέ
3161 2602 3273 2660 ἐστι
3300 2600 3492 2684 κυρίως
3516 2601 3578 2662 τὸ

2014 2684 2147 2754 ξύειν
2174 2685 2328 2766 τυρὸν
2357 2689 2423 2765 τῇ
2453 2684 2709 2757 κνήστιδι.
2737 2720 2818 2734 -
2836 2687 2916 2745 δεῖ
2950 2686 3005 2746 δὲ
3032 2688 3167 2747 νοεῖν
3190 2687 3271 2748 ὅτι
3298 2689 3459 2749 πάλιν
3494 2691 3580 2749 ἐν-

2011 2779 2178 2832 ταῦθα
2190 2772 2342 2854 τυρὸν
2364 2771 2583 2842 ἐπιξύων
2604 2773 2696 2833 καὶ
2709 2775 2781 2843 εἰς
2798 2773 2893 2846 τὴν
2909 2774 3083 2835 θυείαν
3103 2776 3389 2856 ἐμὸάλλων
3408 2783 3577 2838 ταῦτα

2011 2862 2170 2941 λέγει.
2200 2873 2263 2920 V.

2098 2971 2195 3011 252.
2238 2949 2349 3033 φέρ’
2371 2949 2567 3032 ἐπιχέω
2593 2949 2980 3033 εΕὐφυέστατα
2997 2957 3104 3022 τοῖς
3126 2952 3409 3027 Ἀθηναίοις
3429 2954 3580 3036 χαρί·
3604 2980 3659 3020 30

2012 3042 2181 3112 ζεται,
2220 3040 2548 3117 σεμνολογῶν
2575 3036 2643 3097 τὰ
2676 3040 2795 3097 κατ’
2825 3037 3027 3109 αὐτούς.
3064 3039 3173 3123 ὅσῳ
3198 3040 3300 3122 γὰρ
3337 3039 3459 3119 με’λι
3494 3066 3581 3101 τι·-

2014 3124 2265 3206 μιώτερον
2310 3127 2414 3184 τῶν
2460 3123 2719 3205 σκορόδων
2766 3124 2856 3184 καὶ
2900 3130 3005 3186 τῶν
3049 3127 3294 3210 πράσων,
3341 3128 3576 3209 τοσούτῳ

2013 3213 2240 3289 ἀμείνων
2267 3213 2359 3272 καὶ
2395 3216 2430 3283 ἡ
2456 3217 2609 3271 τοῦτο
2635 3218 2943 3295 γεωργοῧσα
2971 3219 3061 3294 γῆ.
3093 3214 3253 3275 εἰπὼν
3285 3215 3340 3274 δὲ
3368 3221 3522 3275 τοῦτο
3551 3218 3581 3273 6

2013 3300 2253 3378 Πόλεμος
2272 3298 2394 3378 μέλι
2417 3301 2488 3367 εἷς
2509 3299 2605 3372 τὴν
2628 3300 2804 3359 θυείαν
2836 3301 3040 3381 βάλλει.
3067 3338 3137 3348 --
3213 3299 3430 3370 Ἄλλως.
3458 3301 3578 3362 θέα-

2014 3411 2103 3447 σαι
2131 3388 2211 3448 ὅτι
2244 3387 2337 3447 καὶ
2364 3391 2516 3466 ἡμεῖς
2542 3390 2772 3469 εὐφυῶς,
2811 3386 2919 3466 εἴγε
2956 3388 3031 3466 μὴ
3069 3390 3370 3469 σφαλῶμεν,
3408 3414 3577 3471 παρε-
3603 3423 3660 3462 :³5

2012 3473 2317 3558 τηρήσαμεν
2339 3478 2391 3534 ἐν
2405 3475 2511 3542 τοῖς
2530 3473 2856 3556 προλαὸοῦσι
2873 3473 2968 3545 τὴν
2988 3473 3249 3553 ἐξήγησιν,
3270 3475 3375 3552 εἴγε
3400 3481 3579 3554 μειοῦν

2013 3561 2109 3640 μὲν
2150 3566 2205 3623 ἐν
2247 3561 2406 3621 παντὶ
2449 3560 2728 3630 σπουδάζει
2767 3560 2834 3619 τὰ
2864 3559 3176 3633 Λακωνικὰ,
3206 3558 3377 3629 αὔξειν
3413 3561 3469 3620 δὲ
3509 3560 3581 3621 τὰ

2011 3648 2237 3709 Ἀττικά.
2255 3646 2438 3725 ἀμέλει
2457 3648 2724 3706 κάνταῦθα
2742 3650 2904 3706 ποιῶν
2925 3652 3074 3706 τοῦτο
3096 3645 3358 3728 φαίνεται.
3380 3647 3458 3707 διὸ
3473 3651 3582 3718 τοῖς

2010 3758 2068 3794 τε
2097 3732 2526 3811 Λακεδαιμονίοις
2553 3733 2646 3793 καὶ
2672 3741 2779 3799 τοῖς
2808 3732 3013 3792 ἐκείνων
3044 3731 3347 3814 συμμάχοις
3375 3734 3581 3818 ἐπαρώ-

2013 3820 2163 3899 μενός
2184 3845 2236 3880 τι
2259 3822 2476 3902 φαῦλον,
2504 3812 2612 3879 οἷον
2638 3819 2726 3879 ἐπὶ
2755 3818 2851 3896 μὲν
2875 3823 2978 3878 τῶν
3008 3823 3265 3901 Πρασιῶν
3287 3851 3312 3874 τι
3332 3820 3397 3881 ἰὼ
3422 3827 3575 3907 Πρα·
3607 3857 3663 3899 ⁴0

2012 3906 2123 3967 σιαὶ
2161 3907 2457 3988 τρισάθλιαι
2495 3907 2587 3966 καὶ
2613 3906 2861 3974 πεντάκις
2891 3906 2982 3967 καὶ
3008 3908 3295 3985 πολλάκις,
3332 3913 3402 3979 ὡς
3436 3914 3577 3971 ἀπο-

2010 3998 2184 4056 λεῖσθε
2201 3996 2447 4077 τήμερον,
2462 4023 2486 4047 υ
2499 3994 2590 4055 καὶ
2609 3995 2697 4055 ἐπὶ
2716 3998 2820 4055 τῶν
2840 3993 3103 4078 Μεγάρων
3124 4022 3147 4049 α
3163 4000 3233 4064 ὥς
3248 3998 3581 4081 ἐπιτρίψεσθε

2011 4083 2200 4143 αὐτίκα
2240 4112 2263 4136 υ
2293 4082 2384 4142 καὶ
2422 4110 2448 4135 ιι
2477 4081 2541 4141 ἰὼ
2572 4083 2789 4142 Σικελία
2818 4081 2910 4142 καὶ
2947 4081 3013 4141 σὺ
3045 4081 3100 4142 δὲ
3127 4085 3197 4149 ὥς
3230 4084 3525 4145 ἀπόλλυσαι
3554 4113 3579 4140 ι

2010 4171 2101 4231 καὶ
2125 4199 2148 4225 α
2169 4169 2253 4231 οἵα
2276 4168 2427 4237 πόλις
2451 4169 2675 4229 τάλαινα
2705 4169 3191 4243 διακναισθήσεται·
3224 4198 3250 4223 ²·
3274 4170 3432 4231 ὁπότε
3460 4172 3580 4256 περὶ

2010 4260 2233 4331 Ἀθηνῶν
2276 4257 2331 4318 δὲ
2371 4257 2547 4336 λέγει,
2591 4256 2753 4336 μηδὲν
2792 4257 3039 4340 δυσχερὲς
3075 4256 3208 4337 μηδὲ
3261 4258 3574 4342 βλάσφημον
3605 4292 3659 4331 45

2009 4346 2273 4427 ἐπήγαγέν
2296 4369 2377 4420 τι,
2405 4349 2583 4405 ὁποῖον
2611 4345 2733 4429 περὶ
2761 4345 2970 4406 ἐκείνων
2999 4346 3155 4429 φασὶν
3180 4344 3336 4405 αὐτὸν
3365 4347 3575 4428 εἰρηκέ-

2011 4459 2121 4496 ναι.
2146 4446 2211 4494 V.

2092 4543 2190 4585 25⁴³.
2232 4526 2476 4605 παραινῶ
2503 4545 2585 4582 σοι
2613 4543 2629 4583 :
2665 4522 2761 4583 Ἐν
2783 4523 2996 4589 πολλοῖς
3020 4522 3190 4579 κεῖται
3215 4518 3277 4578 τὸ
3304 4520 3404 4581 σοί.
3436 4520 3575 4603 τάχα

353 4624 388 4690 ἡ
416 4618 520 4701 γὰρ
546 4617 827 4700 Μεγαρικὴ
854 4621 923 4698 γῆ
963 4614 1352 4698 σκοροδοφόρος.
1393 4611 1669 4695 σύμμαχοι
1706 4613 1763 4674 δὲ
1803 4619 1920 4675 Λα·
2007 4610 2062 4673 δὲ
2089 4613 2184 4671 οὔκ
2209 4612 2400 4693 ὠφελεῖ
2427 4609 2514 4669 διὰ
2550 4609 2610 4668 τὸ
2646 4608 2836 4690 μέτρον
2870 4600 3033 4683 εἶναι,
3068 4609 3115 4666 εί
3142 4604 3218 4685 μὴ
3256 4606 3361 4690 ἄρα
3387 4606 3485 4682 τὴν
3520 4634 3576 4671 αι

355 4706 697 4786 κεδαιμονίων
735 4710 1015 4787 Μεγαρεῖς.
1058 4703 1151 4764 καὶ
1190 4703 1271 4763 ὅτι
1306 4712 1454 4762 πᾶσα
1490 4707 1525 4774 ἡ
1553 4709 1644 4762 τοῦ
1682 4700 1917 4781 πολέμου

279 4826 328 4866 50
357 4793 615 4877 πρόφασις
641 4794 706 4854 δι’
734 4792 920 4862 αὖτοὺς
951 4792 1093 4852 δοκεῖ
1128 4790 1394 4872 γεγονέναι
1425 4789 1600 4871 (χάριν
1628 4794 1719 4849 τοῦ
1740 4790 1801 4849 τὸ
1828 4814 1920 4849 πι-

2005 4700 2181 4775 κοινὴν
2203 4699 2481 4778 λάῦοιμεν.
2504 4700 2566 4756 V‘.
3601 4729 3657 4768 ω

2085 4811 2182 4849 254.
2223 4787 2564 4870 (τετρώὸολον
2593 4806 2608 4845 :
2642 4784 2779 4844 Ἀντὶ
2804 4789 2898 4842 τοῦ
2930 4780 3302 4861 πολυτίμητον.
3344 4781 3482 4842 οὕτω
3516 4781 3573 4842 δὲ

356 4880 532 4941 νάκιον
573 4879 840 4947 συνθέντος
877 4878 939 4938 τὸ
974 4877 1091 4938 κατ’
1139 4881 1312 4938 αὐτῶν
1353 4879 1424 4944 εἷς
1465 4877 1562 4949 τὴν
1602 4877 1919 4959 Περικλέους
2004 4875 2214 4954 λέγουσι
2236 4874 2298 4935 τὸ
2317 4872 2737 4954 τετρωὸολιαῖον,
2761 4870 2996 4931 τουτέστι
3012 4869 3074 4929 τὸ
3105 4869 3432 4952 τετρωόόλου
3460 4894 3575 4932 πω-

353 4966 529 5048 χάριν,
548 4965 683 5027 ὥστε
709 4964 841 5044 μήτε
859 4970 955 5045 γῆς
969 4965 1103 5044 μήτε
1120 4964 1347 5043 λιμένων
1364 4965 1610 5025 Ἀττικῶν
1628 4962 1916 5024 ἐπιὸαίνειν
2004 4962 2301 5042 λούμενον.)

354 5054 472 5123 τοὺς
505 5056 786 5136 Μεγαρεῖς.
823 5052 1031 5121 εἰκότως
1059 5045 1148 5112 οὖν
1183 5057 1254 5120 εἷς
1285 5052 1347 5112 τὸ
1386 5050 1768 5134 κεχαρισμένον
1809 5061 1915 5123 τοῖς

2087 5049 2290 5133 (φείδου
2307 5052 2556 5109 τάττικοῦ
2577 5068 2591 5108 :
2614 5038 2746 5109 Οἶον
2770 5045 2929 5128 φειδώ
2947 5070 3064 5106 τινα
3076 5047 3167 5106 καὶ
3178 5047 3424 5130 πρόνοιαν
3433 5047 3571 5110 ποίει
