<?xml version="1.0" encoding="UTF-8"?>
<!DOCTYPE html PUBLIC "-//W3C//DTD XHTML 1.0 Transitional//EN"
    "http://www.w3.org/TR/xhtml1/DTD/xhtml1-transitional.dtd">
<html xmlns="http://www.w3.org/1999/xhtml" xml:lang="en" lang="en">
 <head>
  <title>
</title>
<meta http-equiv="Content-Type" content="text/html;charset=utf-8" />
  <meta name='ocr-system' content='tesseract 3.04.00' />
  <meta name='ocr-capabilities' content='ocr_page ocr_carea ocr_par ocr_line ocrx_word'/>
</head>
<body>
  <div class='ocr_page' id='page_1' title='image "./scholiagraecain02dbgoog/scholiagraecain02dbgoog_0235.png"; bbox 0 0 3859 5725; ppageno 0'>
   <div class='ocr_carea' id='block_1_1' title="bbox 31 1316 40 1517">
    <p class='ocr_par' dir='ltr' id='par_1_1' title="bbox 31 1240 40 1551">
     <span class='ocr_line' id='line_1_1' title="bbox 31 1316 40 1517; baseline 0 0"><span class='ocrx_word' id='word_1_1' title='bbox 31 1316 40 1517; x_wconf 55' lang='lat' dir='ltr'><em>s</em></span> 
     </span>
    </p>
   </div>
   <div class='ocr_carea' id='block_1_2' title="bbox 1446 249 3502 340">
    <p class='ocr_par' dir='ltr' id='par_1_2' title="bbox 1446 249 3502 340">
     <span class='ocr_line' id='line_1_2' title="bbox 1446 249 3502 340; baseline 0.001 -2"><span class='ocrx_word' id='word_1_2' title='bbox 1446 275 1828 338; x_wconf 74' lang='lat' dir='ltr'><strong>scflomA</strong></span> <span class='ocrx_word' id='word_1_3' title='bbox 1880 275 1977 336; x_wconf 83' lang='lat' dir='ltr'>IN</span> <span class='ocrx_word' id='word_1_4' title='bbox 2027 270 2340 336; x_wconf 76' lang='lat' dir='ltr'>PACEM.</span> <span class='ocrx_word' id='word_1_5' title='bbox 3391 249 3502 340; x_wconf 72' lang='lat' dir='ltr'>ios</span> 
     </span>
    </p>
   </div>
   <div class='ocr_carea' id='block_1_3' title="bbox 286 404 1902 489">
    <p class='ocr_par' dir='ltr' id='par_1_3' title="bbox 286 404 1902 489">
     <span class='ocr_line' id='line_1_3' title="bbox 286 404 1902 489; baseline -0.006 -15"><span class='ocrx_word' id='word_1_6' title='bbox 286 410 542 479; x_wconf 75' lang='grc' dir='ltr'><strong>ἐσθίοντες</strong></span> <span class='ocrx_word' id='word_1_7' title='bbox 568 413 807 470; x_wconf 87' lang='grc' dir='ltr'>κυκεῶνα</span> <span class='ocrx_word' id='word_1_8' title='bbox 828 409 1065 469; x_wconf 73' lang='grc' dir='ltr'>πίνουσιν</span> <span class='ocrx_word' id='word_1_9' title='bbox 1084 406 1215 489; x_wconf 77' lang='grc' dir='ltr'>ὑπὲρ</span> <span class='ocrx_word' id='word_1_10' title='bbox 1236 412 1328 468; x_wconf 86' lang='grc' dir='ltr'>τοῦ</span> <span class='ocrx_word' id='word_1_11' title='bbox 1352 406 1519 481; x_wconf 80' lang='grc' dir='ltr'>πῆξαι</span> <span class='ocrx_word' id='word_1_12' title='bbox 1538 406 1635 480; x_wconf 81' lang='grc' dir='ltr'>τὴν</span> <span class='ocrx_word' id='word_1_13' title='bbox 1658 404 1854 489; x_wconf 79' lang='grc' dir='ltr'>τροφὴν</span> <span class='ocrx_word' id='word_1_14' title='bbox 1891 445 1902 489; x_wconf 76' lang='grc'>,</span> 
     </span>
    </p>
   </div>
   <div class='ocr_carea' id='block_1_4' title="bbox 2025 403 3504 490">
    <p class='ocr_par' dir='ltr' id='par_1_4' title="bbox 2025 403 3504 490">
     <span class='ocr_line' id='line_1_4' title="bbox 2025 403 3504 490; baseline 0.005 -27"><span class='ocrx_word' id='word_1_15' title='bbox 2025 404 2117 484; x_wconf 79' lang='grc' dir='ltr'>(τὰ</span> <span class='ocrx_word' id='word_1_16' title='bbox 2142 404 2304 476; x_wconf 85' lang='grc' dir='ltr'>σκεύη</span> <span class='ocrx_word' id='word_1_17' title='bbox 2331 425 2347 467; x_wconf 85' lang='lat'>:</span> <span class='ocrx_word' id='word_1_18' title='bbox 2376 403 2491 474; x_wconf 72' lang='grc' dir='ltr'>Τὰς</span> <span class='ocrx_word' id='word_1_19' title='bbox 2511 403 2765 483; x_wconf 75' lang='grc' dir='ltr'>ἄμας,τᾶ</span> <span class='ocrx_word' id='word_1_20' title='bbox 2794 404 3023 486; x_wconf 87' lang='grc' dir='ltr'>σχοινία.</span> <span class='ocrx_word' id='word_1_21' title='bbox 3044 405 3241 486; x_wconf 77' lang='grc' dir='ltr'>γυμνὸν</span> <span class='ocrx_word' id='word_1_22' title='bbox 3265 406 3366 490; x_wconf 77' lang='grc' dir='ltr'>γὰρ</span> <span class='ocrx_word' id='word_1_23' title='bbox 3386 432 3504 470; x_wconf 87' lang='grc' dir='ltr'>ποι·</span> 
     </span>
    </p>
   </div>
   <div class='ocr_carea' id='block_1_5' title="bbox 287 490 3224 580">
    <p class='ocr_par' dir='ltr' id='par_1_5' title="bbox 287 490 3224 580">
     <span class='ocr_line' id='line_1_5' title="bbox 287 490 3224 580; baseline -0.002 -19"><span class='ocrx_word' id='word_1_24' title='bbox 287 501 381 561; x_wconf 78' lang='grc' dir='ltr'>καὶ</span> <span class='ocrx_word' id='word_1_25' title='bbox 409 499 486 580; x_wconf 78' lang='grc' dir='ltr'>μὴ</span> <span class='ocrx_word' id='word_1_26' title='bbox 513 509 756 559; x_wconf 69' lang='grc' dir='ltr'>ναυτιᾶν·</span> <span class='ocrx_word' id='word_1_27' title='bbox 780 497 873 557; x_wconf 76' lang='grc' dir='ltr'>καὶ</span> <span class='ocrx_word' id='word_1_28' title='bbox 898 496 1002 580; x_wconf 78' lang='grc' dir='ltr'>γὰρ</span> <span class='ocrx_word' id='word_1_29' title='bbox 1030 496 1090 557; x_wconf 78' lang='grc' dir='ltr'>τὸ</span> <span class='ocrx_word' id='word_1_30' title='bbox 1131 495 1268 557; x_wconf 75' lang='grc' dir='ltr'>πολὺ</span> <span class='ocrx_word' id='word_1_31' title='bbox 1291 501 1386 568; x_wconf 90' lang='grc' dir='ltr'>τῆς</span> <span class='ocrx_word' id='word_1_32' title='bbox 1415 495 1625 578; x_wconf 84' lang='grc' dir='ltr'>ὀπώρας</span> <span class='ocrx_word' id='word_1_33' title='bbox 1660 493 1855 575; x_wconf 86' lang='grc' dir='ltr'>προσί-</span> <span class='ocrx_word' id='word_1_34' title='bbox 1893 490 1900 520; x_wconf 70' lang='grc'><strong>“</strong></span> <span class='ocrx_word' id='word_1_35' title='bbox 1941 497 2057 552; x_wconf 90' lang='grc' dir='ltr'>οῦσι</span> <span class='ocrx_word' id='word_1_36' title='bbox 2085 492 2175 552; x_wconf 82' lang='grc' dir='ltr'>τὸν</span> <span class='ocrx_word' id='word_1_37' title='bbox 2202 492 2361 575; x_wconf 85' lang='grc' dir='ltr'>χορὸν</span> <span class='ocrx_word' id='word_1_38' title='bbox 2386 496 2434 551; x_wconf 79' lang='grc' dir='ltr'>οῖ</span> <span class='ocrx_word' id='word_1_39' title='bbox 2458 491 2686 572; x_wconf 71' lang='grc' dir='ltr'>κωμικοὶ</span> <span class='ocrx_word' id='word_1_40' title='bbox 2711 492 2821 567; x_wconf 68' lang='grc' dir='ltr'>ἀεὶ,</span> <span class='ocrx_word' id='word_1_41' title='bbox 2848 492 2936 554; x_wconf 83' lang='grc' dir='ltr'>ἵνα</span> <span class='ocrx_word' id='word_1_42' title='bbox 2959 496 3224 575; x_wconf 84' lang='grc' dir='ltr'>ὀρχῆται.)</span> 
     </span>
    </p>
   </div>
   <div class='ocr_carea' id='block_1_6' title="bbox 205 580 1857 3181">
    <p class='ocr_par' dir='ltr' id='par_1_6' title="bbox 289 580 1857 760">
     <span class='ocr_line' id='line_1_6' title="bbox 291 580 1857 669; baseline -0.006 -19"><span class='ocrx_word' id='word_1_43' title='bbox 291 612 482 650; x_wconf 82' lang='grc' dir='ltr'>σταται</span> <span class='ocrx_word' id='word_1_44' title='bbox 505 592 583 669; x_wconf 80' lang='grc' dir='ltr'>τῷ</span> <span class='ocrx_word' id='word_1_45' title='bbox 610 586 885 669; x_wconf 81' lang='grc' dir='ltr'><strong>στομάχῳ.</strong></span> <span class='ocrx_word' id='word_1_46' title='bbox 1005 584 1226 653; x_wconf 80' lang='grc' dir='ltr'>Ἄλλως.</span> <span class='ocrx_word' id='word_1_47' title='bbox 1256 583 1374 653; x_wconf 73' lang='grc' dir='ltr'>τοὺς</span> <span class='ocrx_word' id='word_1_48' title='bbox 1403 584 1506 644; x_wconf 79' lang='grc' dir='ltr'>ὑπὸ</span> <span class='ocrx_word' id='word_1_49' title='bbox 1533 589 1628 658; x_wconf 88' lang='grc' dir='ltr'>τῆς</span> <span class='ocrx_word' id='word_1_50' title='bbox 1649 580 1857 665; x_wconf 82' lang='grc' dir='ltr'>ὀπώρας</span> 
     </span>
     <span class='ocr_line' id='line_1_7' title="bbox 289 670 1856 760; baseline -0.006 -22"><span class='ocrx_word' id='word_1_51' title='bbox 289 675 672 760; x_wconf 78' lang='grc' dir='ltr'>βαρυνομένους</span> <span class='ocrx_word' id='word_1_52' title='bbox 700 676 877 735; x_wconf 80' lang='grc' dir='ltr'>ἰᾶσθαί</span> <span class='ocrx_word' id='word_1_53' title='bbox 906 699 1083 757; x_wconf 88' lang='grc' dir='ltr'>φασιν,</span> <span class='ocrx_word' id='word_1_54' title='bbox 1119 677 1165 734; x_wconf 89' lang='grc' dir='ltr'>εἰ</span> <span class='ocrx_word' id='word_1_55' title='bbox 1199 672 1580 755; x_wconf 69' lang='grc' dir='ltr'>ἀποδρέξαντες</span> <span class='ocrx_word' id='word_1_56' title='bbox 1603 670 1856 752; x_wconf 83' lang='grc' dir='ltr'>γλήχωνα</span> 
     </span>
    </p>

    <p class='ocr_par' dir='ltr' id='par_1_7' title="bbox 232 758 1857 923">
     <span class='ocr_line' id='line_1_8' title="bbox 232 758 1857 848; baseline -0.005 -22"><span class='ocrx_word' id='word_1_57' title='bbox 232 791 260 830; x_wconf 80' lang='grc' dir='ltr'>τ.</span> <span class='ocrx_word' id='word_1_58' title='bbox 289 769 362 834; x_wconf 90' lang='grc' dir='ltr'>εἰς</span> <span class='ocrx_word' id='word_1_59' title='bbox 383 764 523 848; x_wconf 79' lang='grc' dir='ltr'>ὕδωρ</span> <span class='ocrx_word' id='word_1_60' title='bbox 545 763 737 825; x_wconf 81' lang='grc' dir='ltr'>πίοιεν·</span> <span class='ocrx_word' id='word_1_61' title='bbox 764 766 943 822; x_wconf 79' lang='grc' dir='ltr'>ἰᾶσθαι</span> <span class='ocrx_word' id='word_1_62' title='bbox 964 761 1067 844; x_wconf 80' lang='grc' dir='ltr'>γὰρ</span> <span class='ocrx_word' id='word_1_63' title='bbox 1091 760 1227 822; x_wconf 80' lang='grc' dir='ltr'>οὕτω</span> <span class='ocrx_word' id='word_1_64' title='bbox 1255 761 1376 829; x_wconf 78' lang='grc' dir='ltr'>τοὺς</span> <span class='ocrx_word' id='word_1_65' title='bbox 1399 765 1492 834; x_wconf 84' lang='grc' dir='ltr'>τῆς</span> <span class='ocrx_word' id='word_1_66' title='bbox 1513 760 1728 844; x_wconf 83' lang='grc' dir='ltr'>καρδίας</span> <span class='ocrx_word' id='word_1_67' title='bbox 1757 758 1857 818; x_wconf 87' lang='grc' dir='ltr'>πό-</span> 
     </span>
     <span class='ocr_line' id='line_1_9' title="bbox 287 878 417 923; baseline -0.008 -8"><span class='ocrx_word' id='word_1_68' title='bbox 287 878 417 923; x_wconf 90' lang='grc' dir='ltr'>νους.</span> 
     </span>
    </p>

    <p class='ocr_par' dir='ltr' id='par_1_8' title="bbox 287 856 1857 1201">
     <span class='ocr_line' id='line_1_10' title="bbox 370 856 1857 1022; baseline -0.006 -19"><span class='ocrx_word' id='word_1_69' title='bbox 370 856 468 1003; x_wconf 65' lang='grc' dir='ltr'>ῚΙίι.</span> <span class='ocrx_word' id='word_1_70' title='bbox 513 940 627 1020; x_wconf 76' lang='grc' dir='ltr'>(τὴν</span> <span class='ocrx_word' id='word_1_71' title='bbox 658 939 878 1022; x_wconf 81' lang='grc' dir='ltr'>Θεωρίαν</span> <span class='ocrx_word' id='word_1_72' title='bbox 903 960 917 1000; x_wconf 88' lang='lat'>:</span> <span class='ocrx_word' id='word_1_73' title='bbox 957 942 1008 1000; x_wconf 85' lang='grc' dir='ltr'>Τ</span> <span class='ocrx_word' id='word_1_74' title='bbox 1010 940 1085 1007; x_wconf 86' lang='grc' dir='ltr'>οῖς</span> <span class='ocrx_word' id='word_1_75' title='bbox 1113 938 1208 1016; x_wconf 81' lang='grc' dir='ltr'>μὲν</span> <span class='ocrx_word' id='word_1_76' title='bbox 1230 942 1480 1019; x_wconf 81' lang='grc' dir='ltr'>γεωργοῖς</span> <span class='ocrx_word' id='word_1_77' title='bbox 1503 937 1732 1020; x_wconf 80' lang='grc' dir='ltr'>φέρουσα</span> <span class='ocrx_word' id='word_1_78' title='bbox 1759 934 1857 1008; x_wconf 72' lang='grc' dir='ltr'>τὴν</span> 
     </span>
     <span class='ocr_line' id='line_1_11' title="bbox 287 1024 1855 1112; baseline -0.004 -22"><span class='ocrx_word' id='word_1_79' title='bbox 287 1028 543 1112; x_wconf 82' lang='grc' dir='ltr'>Ὀπώραν</span> <span class='ocrx_word' id='word_1_80' title='bbox 574 1028 763 1100; x_wconf 78' lang='grc' dir='ltr'>ἔδωκε,</span> <span class='ocrx_word' id='word_1_81' title='bbox 786 1031 852 1106; x_wconf 80' lang='grc' dir='ltr'>τῇ</span> <span class='ocrx_word' id='word_1_82' title='bbox 882 1027 936 1086; x_wconf 81' lang='grc' dir='ltr'>δὲ</span> <span class='ocrx_word' id='word_1_83' title='bbox 964 1029 1129 1107; x_wconf 81' lang='grc' dir='ltr'>βουλῇ</span> <span class='ocrx_word' id='word_1_84' title='bbox 1155 1025 1251 1098; x_wconf 65' lang='grc' dir='ltr'>τὴν</span> <span class='ocrx_word' id='word_1_85' title='bbox 1278 1025 1520 1108; x_wconf 83' lang='grc' dir='ltr'>Θεωρίαν</span> <span class='ocrx_word' id='word_1_86' title='bbox 1549 1024 1855 1103; x_wconf 78' lang='grc' dir='ltr'>ἀπένειμεν·</span> 
     </span>
     <span class='ocr_line' id='line_1_12' title="bbox 288 1114 1212 1201; baseline -0.002 -23"><span class='ocrx_word' id='word_1_87' title='bbox 288 1118 458 1178; x_wconf 79' lang='grc' dir='ltr'>ἐδόκει</span> <span class='ocrx_word' id='word_1_88' title='bbox 475 1116 579 1201; x_wconf 80' lang='grc' dir='ltr'>γὰρ</span> <span class='ocrx_word' id='word_1_89' title='bbox 603 1121 637 1188; x_wconf 81' lang='grc' dir='ltr'>ἡ</span> <span class='ocrx_word' id='word_1_90' title='bbox 661 1114 822 1195; x_wconf 79' lang='grc' dir='ltr'>βουλὴ</span> <span class='ocrx_word' id='word_1_91' title='bbox 841 1121 936 1188; x_wconf 86' lang='grc' dir='ltr'>τῆς</span> <span class='ocrx_word' id='word_1_92' title='bbox 955 1115 1212 1197; x_wconf 84' lang='grc' dir='ltr'>θεωρίας.)</span> 
     </span>
    </p>

    <p class='ocr_par' dir='ltr' id='par_1_9' title="bbox 207 1207 1857 1651">
     <span class='ocr_line' id='line_1_13' title="bbox 207 1207 1855 1296; baseline -0.007 -17"><span class='ocrx_word' id='word_1_93' title='bbox 207 1238 263 1278; x_wconf 86' lang='lat'>10</span> <span class='ocrx_word' id='word_1_94' title='bbox 367 1237 465 1278; x_wconf 76' lang='lat'>715.</span> <span class='ocrx_word' id='word_1_95' title='bbox 507 1219 601 1287; x_wconf 86' lang='grc' dir='ltr'>τῆς</span> <span class='ocrx_word' id='word_1_96' title='bbox 640 1210 858 1296; x_wconf 82' lang='grc' dir='ltr'>θεωρίας</span> <span class='ocrx_word' id='word_1_97' title='bbox 888 1232 903 1272; x_wconf 87' lang='lat'>:</span> <span class='ocrx_word' id='word_1_98' title='bbox 934 1211 1003 1272; x_wconf 88' lang='lat' dir='ltr'>‘H</span> <span class='ocrx_word' id='word_1_99' title='bbox 1041 1211 1142 1292; x_wconf 79' lang='grc' dir='ltr'>γὰρ</span> <span class='ocrx_word' id='word_1_100' title='bbox 1175 1209 1338 1291; x_wconf 79' lang='grc' dir='ltr'>βουλὴ</span> <span class='ocrx_word' id='word_1_101' title='bbox 1365 1208 1458 1277; x_wconf 75' lang='grc' dir='ltr'>τὰς</span> <span class='ocrx_word' id='word_1_102' title='bbox 1499 1208 1716 1292; x_wconf 80' lang='grc' dir='ltr'>θεωρίας</span> <span class='ocrx_word' id='word_1_103' title='bbox 1744 1207 1855 1278; x_wconf 80' lang='grc' dir='ltr'>ἐξέ-</span> 
     </span>
     <span class='ocr_line' id='line_1_14' title="bbox 284 1297 1856 1384; baseline -0.005 -19"><span class='ocrx_word' id='word_1_104' title='bbox 284 1327 485 1384; x_wconf 88' lang='grc' dir='ltr'>πεμπε.</span> <span class='ocrx_word' id='word_1_105' title='bbox 521 1338 603 1349; x_wconf 93' lang='grc'>-</span> <span class='ocrx_word' id='word_1_106' title='bbox 629 1301 798 1361; x_wconf 81' lang='grc' dir='ltr'>λείπει</span> <span class='ocrx_word' id='word_1_107' title='bbox 837 1298 894 1359; x_wconf 82' lang='grc' dir='ltr'>δὲ</span> <span class='ocrx_word' id='word_1_108' title='bbox 924 1300 986 1359; x_wconf 85' lang='grc' dir='ltr'>τὸ</span> <span class='ocrx_word' id='word_1_109' title='bbox 1015 1298 1204 1359; x_wconf 74' lang='grc' dir='ltr'>ἕνεκεν.</span> <span class='ocrx_word' id='word_1_110' title='bbox 1233 1310 1292 1359; x_wconf 84' lang='lat' dir='ltr'>R.</span> <span class='ocrx_word' id='word_1_111' title='bbox 1334 1297 1485 1376; x_wconf 83' lang='grc' dir='ltr'>(τινὲς</span> <span class='ocrx_word' id='word_1_112' title='bbox 1513 1297 1568 1357; x_wconf 79' lang='grc' dir='ltr'>δὲ</span> <span class='ocrx_word' id='word_1_113' title='bbox 1597 1298 1856 1368; x_wconf 84' lang='grc' dir='ltr'>στίζουσιν</span> 
     </span>
     <span class='ocr_line' id='line_1_15' title="bbox 286 1384 1856 1473; baseline -0.006 -19"><span class='ocrx_word' id='word_1_114' title='bbox 286 1396 360 1462; x_wconf 81' lang='grc' dir='ltr'>εἰς</span> <span class='ocrx_word' id='word_1_115' title='bbox 384 1392 446 1453; x_wconf 83' lang='grc' dir='ltr'>τὸ</span> <span class='ocrx_word' id='word_1_116' title='bbox 476 1389 668 1473; x_wconf 83' lang='grc' dir='ltr'>βουλὴ,</span> <span class='ocrx_word' id='word_1_117' title='bbox 692 1389 785 1450; x_wconf 75' lang='grc' dir='ltr'>καὶ</span> <span class='ocrx_word' id='word_1_118' title='bbox 813 1388 1139 1449; x_wconf 80' lang='grc' dir='ltr'>συνάπτουσι</span> <span class='ocrx_word' id='word_1_119' title='bbox 1163 1387 1223 1447; x_wconf 84' lang='grc' dir='ltr'>τὸ</span> <span class='ocrx_word' id='word_1_120' title='bbox 1251 1386 1315 1446; x_wconf 73' lang='grc' dir='ltr'>σὺ</span> <span class='ocrx_word' id='word_1_121' title='bbox 1344 1392 1438 1459; x_wconf 86' lang='grc' dir='ltr'>τῆς</span> <span class='ocrx_word' id='word_1_122' title='bbox 1463 1386 1707 1469; x_wconf 81' lang='grc' dir='ltr'>Θεωρίας</span> <span class='ocrx_word' id='word_1_123' title='bbox 1734 1384 1856 1445; x_wconf 80' lang='grc' dir='ltr'>ὅσον</span> 
     </span>
     <span class='ocr_line' id='line_1_16' title="bbox 287 1474 1857 1561; baseline -0.006 -20"><span class='ocrx_word' id='word_1_124' title='bbox 287 1480 460 1559; x_wconf 82' lang='grc' dir='ltr'>ζωμὸν</span> <span class='ocrx_word' id='word_1_125' title='bbox 501 1479 744 1561; x_wconf 78' lang='grc' dir='ltr'>ῥοφήσεις</span> <span class='ocrx_word' id='word_1_126' title='bbox 777 1482 992 1558; x_wconf 84' lang='grc' dir='ltr'>ἡμερῶν</span> <span class='ocrx_word' id='word_1_127' title='bbox 1037 1479 1219 1557; x_wconf 81' lang='grc' dir='ltr'>τριῶν,</span> <span class='ocrx_word' id='word_1_128' title='bbox 1248 1478 1318 1543; x_wconf 78' lang='grc' dir='ltr'>ὣς</span> <span class='ocrx_word' id='word_1_129' title='bbox 1361 1474 1724 1558; x_wconf 78' lang='grc' dir='ltr'>ψηφιουμένης</span> <span class='ocrx_word' id='word_1_130' title='bbox 1761 1478 1857 1546; x_wconf 86' lang='grc' dir='ltr'>τῆς</span> 
     </span>
     <span class='ocr_line' id='line_1_17' title="bbox 291 1564 1196 1651; baseline -0.007 -20"><span class='ocrx_word' id='word_1_131' title='bbox 291 1572 482 1651; x_wconf 84' lang='grc' dir='ltr'>βουλῆς</span> <span class='ocrx_word' id='word_1_132' title='bbox 507 1572 662 1628; x_wconf 84' lang='grc' dir='ltr'>θῦσαι</span> <span class='ocrx_word' id='word_1_133' title='bbox 692 1571 813 1647; x_wconf 91' lang='grc' dir='ltr'>βοῦς</span> <span class='ocrx_word' id='word_1_134' title='bbox 839 1566 926 1625; x_wconf 80' lang='grc' dir='ltr'>ἐπὶ</span> <span class='ocrx_word' id='word_1_135' title='bbox 953 1564 1196 1643; x_wconf 82' lang='grc' dir='ltr'>τούτοις.)</span> 
     </span>
    </p>

    <p class='ocr_par' dir='ltr' id='par_1_10' title="bbox 205 1660 1857 1836">
     <span class='ocr_line' id='line_1_18' title="bbox 205 1660 1857 1747; baseline -0.005 -19"><span class='ocrx_word' id='word_1_136' title='bbox 205 1689 261 1728; x_wconf 78' lang='lat'>15</span> <span class='ocrx_word' id='word_1_137' title='bbox 366 1687 464 1729; x_wconf 74' lang='grc' dir='ltr'>πο.</span> <span class='ocrx_word' id='word_1_138' title='bbox 512 1666 747 1747; x_wconf 83' lang='grc' dir='ltr'>(ἡμερῶν</span> <span class='ocrx_word' id='word_1_139' title='bbox 777 1667 935 1744; x_wconf 83' lang='grc' dir='ltr'>τριῶν</span> <span class='ocrx_word' id='word_1_140' title='bbox 958 1683 973 1724; x_wconf 88' lang='lat'>:</span> <span class='ocrx_word' id='word_1_141' title='bbox 995 1661 1127 1724; x_wconf 77' lang='grc' dir='ltr'>Ἐπὶ</span> <span class='ocrx_word' id='word_1_142' title='bbox 1145 1662 1194 1742; x_wconf 87' lang='grc' dir='ltr'>γ’</span> <span class='ocrx_word' id='word_1_143' title='bbox 1217 1660 1320 1743; x_wconf 79' lang='grc' dir='ltr'>γὰρ</span> <span class='ocrx_word' id='word_1_144' title='bbox 1338 1660 1541 1742; x_wconf 77' lang='grc' dir='ltr'>ἡμέρας</span> <span class='ocrx_word' id='word_1_145' title='bbox 1563 1660 1857 1744; x_wconf 79' lang='grc' dir='ltr'>ἐψηφίσατο</span> 
     </span>
     <span class='ocr_line' id='line_1_19' title="bbox 286 1742 1561 1836; baseline -0.003 -22"><span class='ocrx_word' id='word_1_146' title='bbox 286 1760 322 1828; x_wconf 83' lang='grc' dir='ltr'>ἡ</span> <span class='ocrx_word' id='word_1_147' title='bbox 354 1755 518 1836; x_wconf 81' lang='grc' dir='ltr'>βουλὴ</span> <span class='ocrx_word' id='word_1_148' title='bbox 548 1758 670 1834; x_wconf 88' lang='grc' dir='ltr'>βοῦς</span> <span class='ocrx_word' id='word_1_149' title='bbox 695 1752 850 1811; x_wconf 79' lang='grc' dir='ltr'>θύειν.</span> <span class='ocrx_word' id='word_1_150' title='bbox 878 1751 969 1832; x_wconf 81' lang='grc' dir='ltr'>ἀφ’</span> <span class='ocrx_word' id='word_1_151' title='bbox 996 1742 1070 1811; x_wconf 69' lang='grc' dir='ltr'>ὧν</span> <span class='ocrx_word' id='word_1_152' title='bbox 1097 1750 1190 1810; x_wconf 79' lang='grc' dir='ltr'>καὶ</span> <span class='ocrx_word' id='word_1_153' title='bbox 1222 1748 1373 1830; x_wconf 77' lang='grc' dir='ltr'>ἕτερα</span> <span class='ocrx_word' id='word_1_154' title='bbox 1404 1749 1561 1831; x_wconf 79' lang='grc' dir='ltr'>ζῶα.)</span> 
     </span>
    </p>

    <p class='ocr_par' dir='ltr' id='par_1_11' title="bbox 284 1845 1857 2113">
     <span class='ocr_line' id='line_1_20' title="bbox 365 1845 1855 1931; baseline -0.006 -16"><span class='ocrx_word' id='word_1_155' title='bbox 365 1874 471 1915; x_wconf 83' lang='grc'>717.</span> <span class='ocrx_word' id='word_1_156' title='bbox 513 1850 733 1931; x_wconf 83' lang='grc' dir='ltr'>χόλικας</span> <span class='ocrx_word' id='word_1_157' title='bbox 761 1871 776 1911; x_wconf 84' lang='grc'>;</span> <span class='ocrx_word' id='word_1_158' title='bbox 814 1848 903 1910; x_wconf 78' lang='grc' dir='ltr'>Τὰ</span> <span class='ocrx_word' id='word_1_159' title='bbox 929 1851 1036 1907; x_wconf 90' lang='grc' dir='ltr'>τῶν</span> <span class='ocrx_word' id='word_1_160' title='bbox 1076 1852 1212 1928; x_wconf 85' lang='grc' dir='ltr'>βοῶν</span> <span class='ocrx_word' id='word_1_161' title='bbox 1238 1846 1419 1928; x_wconf 81' lang='grc' dir='ltr'>παχέα</span> <span class='ocrx_word' id='word_1_162' title='bbox 1455 1845 1664 1928; x_wconf 80' lang='grc' dir='ltr'>ἔντερα·</span> <span class='ocrx_word' id='word_1_163' title='bbox 1688 1853 1855 1906; x_wconf 88' lang='grc' dir='ltr'>ταῦτα</span> 
     </span>
     <span class='ocr_line' id='line_1_21' title="bbox 284 1933 1857 2023; baseline -0.004 -22"><span class='ocrx_word' id='word_1_164' title='bbox 284 1940 389 2023; x_wconf 78' lang='grc' dir='ltr'>γὰρ</span> <span class='ocrx_word' id='word_1_165' title='bbox 415 1943 491 2000; x_wconf 60' lang='grc' dir='ltr'>οὐ“</span> <span class='ocrx_word' id='word_1_166' title='bbox 549 1944 807 2020; x_wconf 74' lang='grc' dir='ltr'>ἱεροῦντο,</span> <span class='ocrx_word' id='word_1_167' title='bbox 832 1941 902 2006; x_wconf 82' lang='grc' dir='ltr'>ὣς</span> <span class='ocrx_word' id='word_1_168' title='bbox 927 1936 988 1996; x_wconf 81' lang='grc' dir='ltr'>τὸ</span> <span class='ocrx_word' id='word_1_169' title='bbox 1017 1936 1148 1996; x_wconf 84' lang='grc' dir='ltr'>ἄλλο</span> <span class='ocrx_word' id='word_1_170' title='bbox 1175 1940 1351 2015; x_wconf 90' lang='grc' dir='ltr'>σῶμα.</span> <span class='ocrx_word' id='word_1_171' title='bbox 1392 1933 1525 2003; x_wconf 81' lang='grc' dir='ltr'>τινὲς</span> <span class='ocrx_word' id='word_1_172' title='bbox 1550 1934 1606 1995; x_wconf 82' lang='grc' dir='ltr'>δὲ</span> <span class='ocrx_word' id='word_1_173' title='bbox 1636 1934 1857 2016; x_wconf 87' lang='grc' dir='ltr'>χόλικάς</span> 
     </span>
     <span class='ocr_line' id='line_1_22' title="bbox 287 2024 827 2113; baseline -0.004 -24"><span class='ocrx_word' id='word_1_174' title='bbox 287 2053 444 2113; x_wconf 84' lang='grc' dir='ltr'>φασιν</span> <span class='ocrx_word' id='word_1_175' title='bbox 470 2053 494 2088; x_wconf 90' lang='grc' dir='ltr'>ε</span> <span class='ocrx_word' id='word_1_176' title='bbox 518 2031 619 2096; x_wconf 82' lang='grc' dir='ltr'>δος“</span> <span class='ocrx_word' id='word_1_177' title='bbox 634 2024 827 2108; x_wconf 76' lang='grc' dir='ltr'>ἰχθύος.</span> 
     </span>
    </p>

    <p class='ocr_par' dir='ltr' id='par_1_12' title="bbox 205 2119 1855 2297">
     <span class='ocr_line' id='line_1_23' title="bbox 205 2119 1855 2206; baseline -0.005 -17"><span class='ocrx_word' id='word_1_178' title='bbox 205 2147 261 2188; x_wconf 77' lang='lat'>20</span> <span class='ocrx_word' id='word_1_179' title='bbox 368 2147 464 2187; x_wconf 77' lang='lat'>722.</span> <span class='ocrx_word' id='word_1_180' title='bbox 507 2124 937 2206; x_wconf 77' lang='grc' dir='ltr'>(ἀστραπηφορεῖ</span> <span class='ocrx_word' id='word_1_181' title='bbox 964 2142 979 2183; x_wconf 90' lang='lat'>:</span> <span class='ocrx_word' id='word_1_182' title='bbox 1010 2121 1080 2183; x_wconf 79' lang='lat' dir='ltr'>‘O</span> <span class='ocrx_word' id='word_1_183' title='bbox 1122 2120 1301 2201; x_wconf 87' lang='grc' dir='ltr'>στίχος</span> <span class='ocrx_word' id='word_1_184' title='bbox 1326 2123 1388 2181; x_wconf 82' lang='grc' dir='ltr'>ἐκ</span> <span class='ocrx_word' id='word_1_185' title='bbox 1429 2119 1855 2204; x_wconf 78' lang='grc' dir='ltr'>Βελλεροφόντου</span> 
     </span>
     <span class='ocr_line' id='line_1_24' title="bbox 287 2210 1529 2297; baseline -0.005 -20"><span class='ocrx_word' id='word_1_186' title='bbox 287 2215 595 2297; x_wconf 87' lang='grc' dir='ltr'>Εὐριπίδου.</span> <span class='ocrx_word' id='word_1_187' title='bbox 624 2211 772 2293; x_wconf 73' lang='grc' dir='ltr'>παρὰ</span> <span class='ocrx_word' id='word_1_188' title='bbox 794 2211 855 2271; x_wconf 79' lang='grc' dir='ltr'>τὸ</span> <span class='ocrx_word' id='word_1_189' title='bbox 878 2210 1176 2293; x_wconf 83' lang='grc' dir='ltr'>ἀστραπαῖς</span> <span class='ocrx_word' id='word_1_190' title='bbox 1206 2213 1529 2290; x_wconf 80' lang='grc' dir='ltr'>ὑπηρετεῖν.)</span> 
     </span>
    </p>

    <p class='ocr_par' dir='ltr' id='par_1_13' title="bbox 287 2295 1856 2558">
     <span class='ocr_line' id='line_1_25' title="bbox 367 2295 1852 2378; baseline -0.002 -15"><span class='ocrx_word' id='word_1_191' title='bbox 367 2323 470 2365; x_wconf 68' lang='grc'>724.</span> <span class='ocrx_word' id='word_1_192' title='bbox 513 2300 612 2373; x_wconf 83' lang='grc' dir='ltr'>τὴν</span> <span class='ocrx_word' id='word_1_193' title='bbox 650 2305 742 2359; x_wconf 86' lang='grc' dir='ltr'>τοῦ</span> <span class='ocrx_word' id='word_1_194' title='bbox 784 2298 1127 2377; x_wconf 79' lang='grc' dir='ltr'>Γανυμήδους</span> <span class='ocrx_word' id='word_1_195' title='bbox 1157 2318 1172 2358; x_wconf 86' lang='lat'>:</span> <span class='ocrx_word' id='word_1_196' title='bbox 1218 2296 1354 2359; x_wconf 80' lang='grc' dir='ltr'>Ἀντὶ</span> <span class='ocrx_word' id='word_1_197' title='bbox 1381 2302 1472 2357; x_wconf 89' lang='grc' dir='ltr'>τοῦ</span> <span class='ocrx_word' id='word_1_198' title='bbox 1499 2295 1595 2370; x_wconf 80' lang='grc' dir='ltr'>τὴν</span> <span class='ocrx_word' id='word_1_199' title='bbox 1638 2296 1852 2378; x_wconf 83' lang='grc' dir='ltr'>κόπρον.</span> 
     </span>
     <span class='ocr_line' id='line_1_26' title="bbox 287 2382 1856 2468; baseline -0.006 -16"><span class='ocrx_word' id='word_1_200' title='bbox 287 2394 368 2452; x_wconf 80' lang='grc' dir='ltr'>ὅτι</span> <span class='ocrx_word' id='word_1_201' title='bbox 396 2382 542 2456; x_wconf 68' lang='grc' dir='ltr'>οὗτος</span> <span class='ocrx_word' id='word_1_202' title='bbox 574 2387 726 2468; x_wconf 86' lang='grc' dir='ltr'>μόνος</span> <span class='ocrx_word' id='word_1_203' title='bbox 754 2386 934 2459; x_wconf 82' lang='grc' dir='ltr'>θνητὸς</span> <span class='ocrx_word' id='word_1_204' title='bbox 955 2389 1008 2445; x_wconf 86' lang='grc' dir='ltr'>ἐν</span> <span class='ocrx_word' id='word_1_205' title='bbox 1036 2387 1185 2454; x_wconf 82' lang='grc' dir='ltr'>θεοῖς.</span> <span class='ocrx_word' id='word_1_206' title='bbox 1214 2382 1346 2453; x_wconf 76' lang='grc' dir='ltr'>τινὲς</span> <span class='ocrx_word' id='word_1_207' title='bbox 1364 2383 1419 2444; x_wconf 79' lang='grc' dir='ltr'>δὲ</span> <span class='ocrx_word' id='word_1_208' title='bbox 1445 2383 1532 2443; x_wconf 78' lang='grc' dir='ltr'>διὰ</span> <span class='ocrx_word' id='word_1_209' title='bbox 1557 2382 1617 2444; x_wconf 80' lang='grc' dir='ltr'>τὸ</span> <span class='ocrx_word' id='word_1_210' title='bbox 1642 2386 1694 2443; x_wconf 83' lang='grc' dir='ltr'>ἐν</span> <span class='ocrx_word' id='word_1_211' title='bbox 1715 2386 1856 2466; x_wconf 77' lang='grc' dir='ltr'>ἀρχῇ</span> 
     </span>
     <span class='ocr_line' id='line_1_27' title="bbox 291 2471 1852 2558; baseline -0.004 -19"><span class='ocrx_word' id='word_1_212' title='bbox 291 2480 389 2558; x_wconf 85' lang='lat'>[11]</span> <span class='ocrx_word' id='word_1_213' title='bbox 416 2481 635 2558; x_wconf 80' lang='grc' dir='ltr'>ῥηθῆναι</span> <span class='ocrx_word' id='word_1_214' title='bbox 661 2478 804 2556; x_wconf 77' lang='grc' dir='ltr'>αὐτῷ</span> <span class='ocrx_word' id='word_1_215' title='bbox 829 2502 854 2527; x_wconf 83' lang='lat'>«</span> <span class='ocrx_word' id='word_1_216' title='bbox 887 2473 1069 2556; x_wconf 80' lang='grc' dir='ltr'>ἑτέραν</span> <span class='ocrx_word' id='word_1_217' title='bbox 1114 2471 1296 2555; x_wconf 78' lang='grc' dir='ltr'>ἑτέραν</span> <span class='ocrx_word' id='word_1_218' title='bbox 1338 2473 1525 2541; x_wconf 79' lang='grc' dir='ltr'>παιδὸς</span> <span class='ocrx_word' id='word_1_219' title='bbox 1560 2474 1852 2555; x_wconf 85' lang='grc' dir='ltr'>ἡταιρηκό-</span> 
     </span>
    </p>

    <p class='ocr_par' dir='ltr' id='par_1_14' title="bbox 206 2553 1856 2723">
     <span class='ocr_line' id='line_1_28' title="bbox 206 2553 1856 2644; baseline -0.001 -20"><span class='ocrx_word' id='word_1_220' title='bbox 206 2583 262 2624; x_wconf 71' lang='lat'>2⁶</span> <span class='ocrx_word' id='word_1_221' title='bbox 285 2591 390 2635; x_wconf 86' lang='grc' dir='ltr'>τος·</span> <span class='ocrx_word' id='word_1_222' title='bbox 436 2593 462 2619; x_wconf 70' lang='grc' dir='ltr'>υ</span> <span class='ocrx_word' id='word_1_223' title='bbox 508 2562 677 2623; x_wconf 84' lang='grc' dir='ltr'>ἐδόκει</span> <span class='ocrx_word' id='word_1_224' title='bbox 715 2560 819 2644; x_wconf 72' lang='grc' dir='ltr'>γὰρ</span> <span class='ocrx_word' id='word_1_225' title='bbox 852 2561 945 2622; x_wconf 76' lang='grc' dir='ltr'>καὶ</span> <span class='ocrx_word' id='word_1_226' title='bbox 983 2565 1012 2620; x_wconf 89' lang='lat'><em>6</em></span> <span class='ocrx_word' id='word_1_227' title='bbox 1061 2561 1379 2640; x_wconf 79' lang='grc' dir='ltr'>Γανυμήδης</span> <span class='ocrx_word' id='word_1_228' title='bbox 1415 2561 1673 2642; x_wconf 82' lang='grc' dir='ltr'>ἐρώμενος</span> <span class='ocrx_word' id='word_1_229' title='bbox 1721 2553 1856 2622; x_wconf 73' lang='grc' dir='ltr'>εἶναι</span> 
     </span>
     <span class='ocr_line' id='line_1_29' title="bbox 285 2654 431 2723; baseline 0 -7"><span class='ocrx_word' id='word_1_230' title='bbox 285 2654 431 2723; x_wconf 85' lang='grc' dir='ltr'>Διός.</span> 
     </span>
    </p>

    <p class='ocr_par' dir='ltr' id='par_1_15' title="bbox 285 2745 1857 3008">
     <span class='ocr_line' id='line_1_30' title="bbox 366 2745 1856 2832; baseline -0.003 -21"><span class='ocrx_word' id='word_1_231' title='bbox 366 2772 464 2813; x_wconf 70' lang='lat'>726.</span> <span class='ocrx_word' id='word_1_232' title='bbox 510 2747 676 2832; x_wconf 72' lang='grc' dir='ltr'>(παρὰ</span> <span class='ocrx_word' id='word_1_233' title='bbox 709 2746 804 2820; x_wconf 76' lang='grc' dir='ltr'>τὴν</span> <span class='ocrx_word' id='word_1_234' title='bbox 832 2747 946 2807; x_wconf 80' lang='grc' dir='ltr'>θεὸν</span> <span class='ocrx_word' id='word_1_235' title='bbox 975 2768 990 2808; x_wconf 88' lang='lat'>:</span> <span class='ocrx_word' id='word_1_236' title='bbox 1023 2746 1177 2814; x_wconf 83' lang='grc' dir='ltr'>Τινὲς</span> <span class='ocrx_word' id='word_1_237' title='bbox 1203 2747 1262 2806; x_wconf 91' lang='grc' dir='ltr'>οὐ</span> <span class='ocrx_word' id='word_1_238' title='bbox 1291 2746 1439 2827; x_wconf 76' lang='grc' dir='ltr'>παρὰ</span> <span class='ocrx_word' id='word_1_239' title='bbox 1476 2745 1573 2819; x_wconf 85' lang='grc' dir='ltr'>τὴν</span> <span class='ocrx_word' id='word_1_240' title='bbox 1607 2747 1856 2829; x_wconf 81' lang='grc' dir='ltr'>Εἰρήνην,</span> 
     </span>
     <span class='ocr_line' id='line_1_31' title="bbox 285 2834 1855 2921; baseline -0.004 -21"><span class='ocrx_word' id='word_1_241' title='bbox 285 2839 498 2921; x_wconf 78' lang='grc' dir='ltr'>λέγουσι</span> <span class='ocrx_word' id='word_1_242' title='bbox 520 2837 621 2920; x_wconf 79' lang='grc' dir='ltr'>γὰρ</span> <span class='ocrx_word' id='word_1_243' title='bbox 650 2839 706 2898; x_wconf 82' lang='grc' dir='ltr'>ἐν</span> <span class='ocrx_word' id='word_1_244' title='bbox 738 2840 814 2919; x_wconf 82' lang='grc' dir='ltr'>τῷ</span> <span class='ocrx_word' id='word_1_245' title='bbox 838 2837 1041 2918; x_wconf 80' lang='grc' dir='ltr'>οὐρανῷ</span> <span class='ocrx_word' id='word_1_246' title='bbox 1072 2842 1247 2913; x_wconf 86' lang='grc' dir='ltr'>μεῖναι</span> <span class='ocrx_word' id='word_1_247' title='bbox 1277 2834 1367 2895; x_wconf 78' lang='grc' dir='ltr'>καὶ</span> <span class='ocrx_word' id='word_1_248' title='bbox 1389 2837 1583 2896; x_wconf 82' lang='grc' dir='ltr'>ἐκεῖθεν</span> <span class='ocrx_word' id='word_1_249' title='bbox 1613 2838 1855 2918; x_wconf 87' lang='grc' dir='ltr'>ἐνεργεῖν,</span> 
     </span>
     <span class='ocr_line' id='line_1_32' title="bbox 285 2923 1857 3008; baseline -0.004 -19"><span class='ocrx_word' id='word_1_250' title='bbox 285 2927 467 3008; x_wconf 80' lang='grc' dir='ltr'>ὥσπερ</span> <span class='ocrx_word' id='word_1_251' title='bbox 495 2927 586 2987; x_wconf 75' lang='grc' dir='ltr'>καὶ</span> <span class='ocrx_word' id='word_1_252' title='bbox 612 2926 701 2985; x_wconf 82' lang='grc' dir='ltr'>τὸν</span> <span class='ocrx_word' id='word_1_253' title='bbox 730 2926 995 3004; x_wconf 85' lang='grc' dir='ltr'>Πόλεμον·</span> <span class='ocrx_word' id='word_1_254' title='bbox 1018 2925 1253 3003; x_wconf 77' lang='grc' dir='ltr'>οὐδαμοῦ</span> <span class='ocrx_word' id='word_1_255' title='bbox 1274 2923 1378 3005; x_wconf 78' lang='grc' dir='ltr'>γὰρ</span> <span class='ocrx_word' id='word_1_256' title='bbox 1409 2927 1570 2997; x_wconf 84' lang='grc' dir='ltr'>αὐτῆς</span> <span class='ocrx_word' id='word_1_257' title='bbox 1593 2924 1857 3002; x_wconf 85' lang='grc' dir='ltr'>μέμνηται</span> 
     </span>
    </p>

    <p class='ocr_par' dir='ltr' id='par_1_16' title="bbox 205 3004 1856 3181">
     <span class='ocr_line' id='line_1_33' title="bbox 205 3004 1856 3094; baseline -0.004 -16"><span class='ocrx_word' id='word_1_258' title='bbox 205 3027 260 3069; x_wconf 79' lang='lat'>³⁰</span> <span class='ocrx_word' id='word_1_259' title='bbox 287 3022 342 3078; x_wconf 78' lang='grc' dir='ltr'>ἐν</span> <span class='ocrx_word' id='word_1_260' title='bbox 371 3018 478 3084; x_wconf 85' lang='grc' dir='ltr'>τοῖς</span> <span class='ocrx_word' id='word_1_261' title='bbox 518 3014 635 3087; x_wconf 79' lang='grc' dir='ltr'>ἑξῆς</span> <span class='ocrx_word' id='word_1_262' title='bbox 671 3018 743 3082; x_wconf 82' lang='grc' dir='ltr'>ὡς</span> <span class='ocrx_word' id='word_1_263' title='bbox 772 3011 1141 3085; x_wconf 80' lang='grc' dir='ltr'>κατελθούσης.</span> <span class='ocrx_word' id='word_1_264' title='bbox 1172 3012 1320 3094; x_wconf 80' lang='grc' dir='ltr'>παρὰ</span> <span class='ocrx_word' id='word_1_265' title='bbox 1348 3009 1444 3083; x_wconf 80' lang='grc' dir='ltr'>τὴν</span> <span class='ocrx_word' id='word_1_266' title='bbox 1486 3013 1602 3071; x_wconf 85' lang='grc' dir='ltr'>θεὸν</span> <span class='ocrx_word' id='word_1_267' title='bbox 1635 3004 1724 3072; x_wconf 72' lang='grc' dir='ltr'>οὐν</span> <span class='ocrx_word' id='word_1_268' title='bbox 1760 3012 1856 3084; x_wconf 86' lang='grc' dir='ltr'>τὴν</span> 
     </span>
     <span class='ocr_line' id='line_1_34' title="bbox 285 3091 1852 3181; baseline -0.004 -15"><span class='ocrx_word' id='word_1_269' title='bbox 285 3106 534 3177; x_wconf 75' lang='grc' dir='ltr'>Ἀθηνᾶν·</span> <span class='ocrx_word' id='word_1_270' title='bbox 565 3102 785 3180; x_wconf 79' lang='grc' dir='ltr'>ἄγαλμα</span> <span class='ocrx_word' id='word_1_271' title='bbox 817 3100 920 3181; x_wconf 72' lang='grc' dir='ltr'>γὰρ</span> <span class='ocrx_word' id='word_1_272' title='bbox 953 3091 1019 3171; x_wconf 68' lang='grc' dir='ltr'>ἦν</span> <span class='ocrx_word' id='word_1_273' title='bbox 1055 3100 1109 3157; x_wconf 78' lang='grc' dir='ltr'>ἐν</span> <span class='ocrx_word' id='word_1_274' title='bbox 1147 3103 1224 3180; x_wconf 79' lang='grc' dir='ltr'>τῷ</span> <span class='ocrx_word' id='word_1_275' title='bbox 1252 3097 1454 3181; x_wconf 85' lang='grc' dir='ltr'>θεάτρῳ</span> <span class='ocrx_word' id='word_1_276' title='bbox 1477 3103 1572 3170; x_wconf 87' lang='grc' dir='ltr'>τῆς</span> <span class='ocrx_word' id='word_1_277' title='bbox 1595 3099 1852 3177; x_wconf 82' lang='grc' dir='ltr'>Ἀθηνᾶς.)</span> 
     </span>
    </p>
   </div>
   <div class='ocr_carea' id='block_1_7' title="bbox 367 3181 2010 3304">
    <p class='ocr_par' dir='ltr' id='par_1_17' title="bbox 367 3181 2010 3304">
     <span class='ocr_line' id='line_1_35' title="bbox 367 3181 2010 3304; baseline 0.002 -55"><span class='ocrx_word' id='word_1_278' title='bbox 367 3192 506 3304; x_wconf 57' lang='grc' dir='ltr'>δεῦρ’</span> <span class='ocrx_word' id='word_1_279' title='bbox 541 3181 603 3303; x_wconf 47' lang='grc' dir='ltr'>ὦ,</span> <span class='ocrx_word' id='word_1_280' title='bbox 615 3189 769 3272; x_wconf 87' lang='grc' dir='ltr'>κόραι</span> <span class='ocrx_word' id='word_1_281' title='bbox 799 3209 814 3250; x_wconf 76' lang='lat'>2</span> <span class='ocrx_word' id='word_1_282' title='bbox 843 3192 930 3269; x_wconf 78' lang='grc' dir='ltr'>Τῇ</span> <span class='ocrx_word' id='word_1_283' title='bbox 975 3188 1175 3270; x_wconf 82' lang='grc' dir='ltr'>Εἰρήνῃ</span> <span class='ocrx_word' id='word_1_284' title='bbox 1204 3187 1295 3247; x_wconf 71' lang='grc' dir='ltr'>καὶ</span> <span class='ocrx_word' id='word_1_285' title='bbox 1322 3191 1390 3268; x_wconf 83' lang='grc' dir='ltr'>τῆ</span> <span class='ocrx_word' id='word_1_286' title='bbox 1418 3186 1634 3269; x_wconf 73' lang='grc' dir='ltr'>Θεωρία</span> <span class='ocrx_word' id='word_1_287' title='bbox 1664 3187 1756 3247; x_wconf 73' lang='grc' dir='ltr'>καὶ</span> <span class='ocrx_word' id='word_1_288' title='bbox 1788 3193 1855 3270; x_wconf 73' lang='grc' dir='ltr'>τῇ</span> <span class='ocrx_word' id='word_1_289' title='bbox 1944 3219 2010 3301; x_wconf 70' lang='grc' dir='ltr'>ἄρ</span> 
     </span>
    </p>
   </div>
   <div class='ocr_carea' id='block_1_8' title="bbox 189 3462 1857 5154">
    <p class='ocr_par' dir='ltr' id='par_1_18' title="bbox 189 3462 1857 5154">
     <span class='ocr_line' id='line_1_36' title="bbox 212 3462 1853 3550; baseline 0 -25"><span class='ocrx_word' id='word_1_290' title='bbox 212 3484 262 3525; x_wconf 73' lang='lat'>³5</span> <span class='ocrx_word' id='word_1_291' title='bbox 286 3467 583 3550; x_wconf 77' lang='grc' dir='ltr'>ὑπόκρισιν.</span> <span class='ocrx_word' id='word_1_292' title='bbox 613 3465 817 3526; x_wconf 81' lang='grc' dir='ltr'>κάτεισι</span> <span class='ocrx_word' id='word_1_293' title='bbox 847 3463 952 3546; x_wconf 71' lang='grc' dir='ltr'>γὰρ</span> <span class='ocrx_word' id='word_1_294' title='bbox 990 3462 1076 3523; x_wconf 76' lang='grc' dir='ltr'>ἐπὶ</span> <span class='ocrx_word' id='word_1_295' title='bbox 1118 3462 1215 3535; x_wconf 81' lang='grc' dir='ltr'>τὴν</span> <span class='ocrx_word' id='word_1_296' title='bbox 1249 3463 1549 3546; x_wconf 78' lang='grc' dir='ltr'>ὀρχήστραν</span> <span class='ocrx_word' id='word_1_297' title='bbox 1587 3463 1853 3540; x_wconf 86' lang='grc' dir='ltr'>κλίμαξιν.</span> 
     </span>
     <span class='ocr_line' id='line_1_37' title="bbox 285 3550 1856 3637; baseline -0.001 -22"><span class='ocrx_word' id='word_1_298' title='bbox 285 3554 539 3637; x_wconf 82' lang='grc' dir='ltr'>ἐχόμενος</span> <span class='ocrx_word' id='word_1_299' title='bbox 566 3554 622 3614; x_wconf 82' lang='grc' dir='ltr'>δὲ</span> <span class='ocrx_word' id='word_1_300' title='bbox 648 3558 743 3625; x_wconf 89' lang='grc' dir='ltr'>τῆς</span> <span class='ocrx_word' id='word_1_301' title='bbox 781 3551 1013 3634; x_wconf 81' lang='grc' dir='ltr'>Εἰρήνης</span> <span class='ocrx_word' id='word_1_302' title='bbox 1037 3551 1349 3610; x_wconf 77' lang='grc' dir='ltr'>καταόαίνει</span> <span class='ocrx_word' id='word_1_303' title='bbox 1380 3556 1409 3611; x_wconf 98' lang='lat'><em>6</em></span> <span class='ocrx_word' id='word_1_304' title='bbox 1436 3550 1740 3633; x_wconf 79' lang='grc' dir='ltr'>πρεσὸύτης</span> <span class='ocrx_word' id='word_1_305' title='bbox 1768 3554 1856 3613; x_wconf 77' lang='grc' dir='ltr'>ἐπὶ</span> 
     </span>
     <span class='ocr_line' id='line_1_38' title="bbox 285 3638 1855 3725; baseline -0.001 -25"><span class='ocrx_word' id='word_1_306' title='bbox 285 3643 383 3716; x_wconf 80' lang='grc' dir='ltr'>τὴν</span> <span class='ocrx_word' id='word_1_307' title='bbox 422 3640 743 3725; x_wconf 81' lang='grc' dir='ltr'>ὀρχήστραν.</span> <span class='ocrx_word' id='word_1_308' title='bbox 767 3638 894 3707; x_wconf 79' lang='grc' dir='ltr'>ἴσως</span> <span class='ocrx_word' id='word_1_309' title='bbox 928 3638 983 3699; x_wconf 84' lang='grc' dir='ltr'>δὲ</span> <span class='ocrx_word' id='word_1_310' title='bbox 1007 3638 1100 3699; x_wconf 74' lang='grc' dir='ltr'>καὶ</span> <span class='ocrx_word' id='word_1_311' title='bbox 1136 3642 1165 3698; x_wconf 90' lang='lat'><em>6</em></span> <span class='ocrx_word' id='word_1_312' title='bbox 1190 3638 1346 3721; x_wconf 76' lang='grc' dir='ltr'>χορὸς</span> <span class='ocrx_word' id='word_1_313' title='bbox 1383 3642 1605 3711; x_wconf 77' lang='grc' dir='ltr'>ἀνῆλθεν</span> <span class='ocrx_word' id='word_1_314' title='bbox 1646 3643 1720 3708; x_wconf 88' lang='grc' dir='ltr'>εἰς</span> <span class='ocrx_word' id='word_1_315' title='bbox 1759 3640 1855 3713; x_wconf 80' lang='grc' dir='ltr'>τὴν</span> 
     </span>
     <span class='ocr_line' id='line_1_39' title="bbox 289 3726 992 3810; baseline -0.003 -20"><span class='ocrx_word' id='word_1_316' title='bbox 289 3729 566 3810; x_wconf 79' lang='grc' dir='ltr'>ἀναγωγὴν</span> <span class='ocrx_word' id='word_1_317' title='bbox 601 3734 695 3802; x_wconf 78' lang='grc' dir='ltr'>τῆς</span> <span class='ocrx_word' id='word_1_318' title='bbox 722 3726 992 3810; x_wconf 86' lang='grc' dir='ltr'>Εἰρήνης.)</span> 
     </span>
     <span class='ocr_line' id='line_1_40' title="bbox 367 3819 1856 3907; baseline -0.001 -20"><span class='ocrx_word' id='word_1_319' title='bbox 367 3849 467 3888; x_wconf 73' lang='lat'><strong>728.</strong></span> <span class='ocrx_word' id='word_1_320' title='bbox 511 3823 807 3907; x_wconf 82' lang='grc' dir='ltr'>(ἐστυκότες</span> <span class='ocrx_word' id='word_1_321' title='bbox 831 3844 847 3884; x_wconf 88' lang='lat'><strong>:</strong></span> <span class='ocrx_word' id='word_1_322' title='bbox 875 3819 1029 3884; x_wconf 85' lang='grc' dir='ltr'>Ἔδει</span> <span class='ocrx_word' id='word_1_323' title='bbox 1057 3825 1222 3883; x_wconf 86' lang='grc' dir='ltr'>εἰπεῖν</span> <span class='ocrx_word' id='word_1_324' title='bbox 1253 3827 1492 3892; x_wconf 80' lang='grc' dir='ltr'>ἑστῶτες.</span> <span class='ocrx_word' id='word_1_325' title='bbox 1529 3824 1592 3884; x_wconf 73' lang='grc' dir='ltr'>τὸ</span> <span class='ocrx_word' id='word_1_326' title='bbox 1620 3824 1676 3885; x_wconf 83' lang='grc' dir='ltr'>δὲ</span> <span class='ocrx_word' id='word_1_327' title='bbox 1700 3827 1856 3886; x_wconf 82' lang='grc' dir='ltr'>ἐστυ-</span> 
     </span>
     <span class='ocr_line' id='line_1_41' title="bbox 201 3909 1855 3997; baseline 0.002 -27"><span class='ocrx_word' id='word_1_328' title='bbox 201 3929 263 3970; x_wconf 74' lang='grc'>40</span> <span class='ocrx_word' id='word_1_329' title='bbox 289 3914 439 3983; x_wconf 90' lang='grc' dir='ltr'>κότες</span> <span class='ocrx_word' id='word_1_330' title='bbox 461 3914 725 3997; x_wconf 84' lang='grc' dir='ltr'>ἐχρήσατο</span> <span class='ocrx_word' id='word_1_331' title='bbox 749 3912 837 3971; x_wconf 77' lang='grc' dir='ltr'>διὰ</span> <span class='ocrx_word' id='word_1_332' title='bbox 860 3909 956 3984; x_wconf 78' lang='grc' dir='ltr'>τὴν</span> <span class='ocrx_word' id='word_1_333' title='bbox 982 3911 1244 3993; x_wconf 75' lang='grc' dir='ltr'>Εἰρήνην,</span> <span class='ocrx_word' id='word_1_334' title='bbox 1267 3909 1448 3993; x_wconf 81' lang='grc' dir='ltr'>ὥσπερ</span> <span class='ocrx_word' id='word_1_335' title='bbox 1477 3910 1565 3972; x_wconf 79' lang='grc' dir='ltr'>διὰ</span> <span class='ocrx_word' id='word_1_336' title='bbox 1587 3913 1855 3993; x_wconf 84' lang='grc' dir='ltr'>τὸ“”γαμη·</span> 
     </span>
     <span class='ocr_line' id='line_1_42' title="bbox 287 3999 1854 4084; baseline -0.002 -19"><span class='ocrx_word' id='word_1_337' title='bbox 287 4009 444 4078; x_wconf 84' lang='grc' dir='ltr'>θῆναι</span> <span class='ocrx_word' id='word_1_338' title='bbox 468 4007 639 4064; x_wconf 87' lang='grc' dir='ltr'>αὐτῶν</span> <span class='ocrx_word' id='word_1_339' title='bbox 676 4000 773 4075; x_wconf 61' lang='grc' dir='ltr'>τὴν</span> <span class='ocrx_word' id='word_1_340' title='bbox 809 3999 905 4079; x_wconf 87' lang='grc' dir='ltr'>μὲν</span> <span class='ocrx_word' id='word_1_341' title='bbox 932 4004 1008 4082; x_wconf 81' lang='grc' dir='ltr'>τῷ</span> <span class='ocrx_word' id='word_1_342' title='bbox 1049 4004 1100 4062; x_wconf 91' lang='grc' dir='ltr'><strong>Τ</strong></span> <span class='ocrx_word' id='word_1_343' title='bbox 1104 3999 1305 4083; x_wconf 85' lang='grc' dir='ltr'>ρυγαίῳ</span> <span class='ocrx_word' id='word_1_344' title='bbox 1314 4044 1332 4076; x_wconf 84' lang='grc'>,</span> <span class='ocrx_word' id='word_1_345' title='bbox 1366 3999 1465 4072; x_wconf 67' lang='grc' dir='ltr'>τὴν</span> <span class='ocrx_word' id='word_1_346' title='bbox 1486 4000 1643 4083; x_wconf 36' lang='grc' dir='ltr'>δὲιτῆ</span> <span class='ocrx_word' id='word_1_347' title='bbox 1673 4004 1854 4084; x_wconf 76' lang='grc' dir='ltr'>βουλῇ.</span> 
     </span>
     <span class='ocr_line' id='line_1_43' title="bbox 284 4087 1213 4175; baseline -0.003 -22"><span class='ocrx_word' id='word_1_348' title='bbox 284 4093 478 4175; x_wconf 87' lang='grc' dir='ltr'>πόρναι</span> <span class='ocrx_word' id='word_1_349' title='bbox 505 4091 607 4174; x_wconf 89' lang='grc' dir='ltr'>γάρ</span> <span class='ocrx_word' id='word_1_350' title='bbox 632 4093 760 4150; x_wconf 78' lang='grc' dir='ltr'>εἰσιν</span> <span class='ocrx_word' id='word_1_351' title='bbox 788 4087 1213 4167; x_wconf 83' lang='grc' dir='ltr'>ἐσκευασμέναι.)</span> 
     </span>
     <span class='ocr_line' id='line_1_44' title="bbox 368 4184 1852 4269; baseline -0.005 -16"><span class='ocrx_word' id='word_1_352' title='bbox 368 4210 468 4253; x_wconf 73' lang='grc'>729.</span> <span class='ocrx_word' id='word_1_353' title='bbox 513 4189 649 4268; x_wconf 83' lang='grc' dir='ltr'>(ἀλλ’</span> <span class='ocrx_word' id='word_1_354' title='bbox 687 4187 758 4248; x_wconf 76' lang='grc' dir='ltr'>ἴθι</span> <span class='ocrx_word' id='word_1_355' title='bbox 787 4186 1031 4269; x_wconf 69' lang='grc' dir='ltr'>χαίρωνε</span> <span class='ocrx_word' id='word_1_356' title='bbox 1073 4185 1141 4248; x_wconf 85' lang='lat' dir='ltr'>‘O</span> <span class='ocrx_word' id='word_1_357' title='bbox 1168 4186 1325 4268; x_wconf 80' lang='grc' dir='ltr'>χορὸς</span> <span class='ocrx_word' id='word_1_358' title='bbox 1361 4184 1532 4265; x_wconf 81' lang='grc' dir='ltr'>μένων</span> <span class='ocrx_word' id='word_1_359' title='bbox 1571 4196 1712 4247; x_wconf 86' lang='grc' dir='ltr'>ποιεῖ</span> <span class='ocrx_word' id='word_1_360' title='bbox 1742 4211 1852 4246; x_wconf 88' lang='grc' dir='ltr'>πα-</span> 
     </span>
     <span class='ocr_line' id='line_1_45' title="bbox 285 4273 1856 4364; baseline -0.003 -25"><span class='ocrx_word' id='word_1_361' title='bbox 285 4278 514 4364; x_wconf 74' lang='grc' dir='ltr'>ράὸασιν</span> <span class='ocrx_word' id='word_1_362' title='bbox 565 4278 624 4337; x_wconf 89' lang='grc' dir='ltr'>οὐ</span> <span class='ocrx_word' id='word_1_363' title='bbox 675 4275 904 4352; x_wconf 84' lang='grc' dir='ltr'>τελείαν,</span> <span class='ocrx_word' id='word_1_364' title='bbox 956 4274 1094 4334; x_wconf 75' lang='grc' dir='ltr'>ἀλλὰ</span> <span class='ocrx_word' id='word_1_365' title='bbox 1139 4274 1434 4352; x_wconf 75' lang='grc' dir='ltr'>κομμάτιον</span> <span class='ocrx_word' id='word_1_366' title='bbox 1481 4273 1577 4351; x_wconf 80' lang='grc' dir='ltr'>μέν</span> <span class='ocrx_word' id='word_1_367' title='bbox 1613 4278 1724 4335; x_wconf 84' lang='grc' dir='ltr'>ἐστι</span> <span class='ocrx_word' id='word_1_368' title='bbox 1764 4282 1856 4336; x_wconf 86' lang='grc' dir='ltr'>τοῦ</span> 
     </span>
     <span class='ocr_line' id='line_1_46' title="bbox 195 4358 1855 4450; baseline -0.005 -20"><span class='ocrx_word' id='word_1_369' title='bbox 195 4390 256 4430; x_wconf 73' lang='grc'>45</span> <span class='ocrx_word' id='word_1_370' title='bbox 284 4373 470 4450; x_wconf 80' lang='grc' dir='ltr'>χοροῦ.</span> <span class='ocrx_word' id='word_1_371' title='bbox 504 4358 578 4425; x_wconf 64' lang='grc' dir='ltr'>ὧν</span> <span class='ocrx_word' id='word_1_372' title='bbox 621 4363 954 4446; x_wconf 81' lang='grc' dir='ltr'>τετράμετρα</span> <span class='ocrx_word' id='word_1_373' title='bbox 999 4360 1367 4435; x_wconf 75' lang='grc' dir='ltr'>καταληκτικᾶ</span> <span class='ocrx_word' id='word_1_374' title='bbox 1394 4362 1630 4442; x_wconf 79' lang='grc' dir='ltr'>τέσσαρα</span> <span class='ocrx_word' id='word_1_375' title='bbox 1669 4360 1763 4440; x_wconf 73' lang='grc' dir='ltr'>μὲν</span> <span class='ocrx_word' id='word_1_376' title='bbox 1801 4366 1855 4422; x_wconf 86' lang='grc' dir='ltr'>ἐν</span> 
     </span>
     <span class='ocr_line' id='line_1_47' title="bbox 281 4449 1856 4535; baseline -0.004 -18"><span class='ocrx_word' id='word_1_377' title='bbox 281 4454 490 4517; x_wconf 78' lang='grc' dir='ltr'>ἐκθέσει</span> <span class='ocrx_word' id='word_1_378' title='bbox 510 4452 659 4535; x_wconf 73' lang='grc' dir='ltr'>παρὰ</span> <span class='ocrx_word' id='word_1_379' title='bbox 676 4451 891 4519; x_wconf 82' lang='grc' dir='ltr'>ταύτας.</span> <span class='ocrx_word' id='word_1_380' title='bbox 913 4450 995 4511; x_wconf 78' lang='grc' dir='ltr'>ὅτι</span> <span class='ocrx_word' id='word_1_381' title='bbox 1022 4450 1150 4511; x_wconf 77' lang='grc' dir='ltr'>εἰσὶν</span> <span class='ocrx_word' id='word_1_382' title='bbox 1176 4449 1547 4509; x_wconf 80' lang='grc' dir='ltr'>ἀναπαιστικοὶ</span> <span class='ocrx_word' id='word_1_383' title='bbox 1569 4451 1856 4510; x_wconf 82' lang='grc' dir='ltr'>τελευταῖοι</span> 
     </span>
     <span class='ocr_line' id='line_1_48' title="bbox 283 4537 1853 4628; baseline -0.006 -22"><span class='ocrx_word' id='word_1_384' title='bbox 283 4542 562 4628; x_wconf 74' lang='grc' dir='ltr'>τροχαῖκοὶ</span> <span class='ocrx_word' id='word_1_385' title='bbox 588 4540 797 4602; x_wconf 87' lang='grc' dir='ltr'>κάτισοι</span> <span class='ocrx_word' id='word_1_386' title='bbox 838 4548 944 4608; x_wconf 86' lang='grc' dir='ltr'>τοῖς</span> <span class='ocrx_word' id='word_1_387' title='bbox 967 4540 1163 4608; x_wconf 81' lang='grc' dir='ltr'>ἄλλοις.</span> <span class='ocrx_word' id='word_1_388' title='bbox 1281 4539 1503 4607; x_wconf 83' lang='grc' dir='ltr'>Ἄλλως.</span> <span class='ocrx_word' id='word_1_389' title='bbox 1529 4542 1564 4610; x_wconf 86' lang='grc' dir='ltr'>ἡ</span> <span class='ocrx_word' id='word_1_390' title='bbox 1599 4537 1853 4619; x_wconf 71' lang='grc' dir='ltr'>παράῧα-</span> 
     </span>
     <span class='ocr_line' id='line_1_49' title="bbox 282 4625 1856 4709; baseline -0.004 -15"><span class='ocrx_word' id='word_1_391' title='bbox 282 4653 373 4701; x_wconf 85' lang='grc' dir='ltr'>σις</span> <span class='ocrx_word' id='word_1_392' title='bbox 399 4630 535 4703; x_wconf 76' lang='grc' dir='ltr'>αὕτη</span> <span class='ocrx_word' id='word_1_393' title='bbox 571 4631 667 4689; x_wconf 89' lang='grc' dir='ltr'>οὐκ</span> <span class='ocrx_word' id='word_1_394' title='bbox 692 4628 808 4689; x_wconf 87' lang='grc' dir='ltr'>ἔστι</span> <span class='ocrx_word' id='word_1_395' title='bbox 850 4628 1045 4688; x_wconf 86' lang='grc' dir='ltr'>τελεία.</span> <span class='ocrx_word' id='word_1_396' title='bbox 1086 4634 1178 4689; x_wconf 86' lang='grc' dir='ltr'>τοῦ</span> <span class='ocrx_word' id='word_1_397' title='bbox 1225 4626 1327 4709; x_wconf 77' lang='grc' dir='ltr'>γὰρ</span> <span class='ocrx_word' id='word_1_398' title='bbox 1370 4625 1723 4709; x_wconf 81' lang='grc' dir='ltr'>ἐπιρρήματος</span> <span class='ocrx_word' id='word_1_399' title='bbox 1766 4627 1856 4687; x_wconf 78' lang='grc' dir='ltr'>καὶ</span> 
     </span>
     <span class='ocr_line' id='line_1_50' title="bbox 282 4713 1855 4801; baseline -0.008 -17"><span class='ocrx_word' id='word_1_400' title='bbox 282 4717 743 4801; x_wconf 76' lang='grc' dir='ltr'>ἅντεπιρρήματος</span> <span class='ocrx_word' id='word_1_401' title='bbox 766 4716 1065 4799; x_wconf 73' lang='grc' dir='ltr'>ἐστέρηται.</span> <span class='ocrx_word' id='word_1_402' title='bbox 1092 4716 1208 4776; x_wconf 78' lang='grc' dir='ltr'>ἔστι</span> <span class='ocrx_word' id='word_1_403' title='bbox 1234 4715 1406 4776; x_wconf 87' lang='grc' dir='ltr'>τοίνυν</span> <span class='ocrx_word' id='word_1_404' title='bbox 1429 4714 1491 4774; x_wconf 81' lang='grc' dir='ltr'>τὸ</span> <span class='ocrx_word' id='word_1_405' title='bbox 1516 4713 1612 4793; x_wconf 77' lang='grc' dir='ltr'>μὲν</span> <span class='ocrx_word' id='word_1_406' title='bbox 1634 4714 1855 4793; x_wconf 85' lang='grc' dir='ltr'>κομμά-</span> 
     </span>
     <span class='ocr_line' id='line_1_51' title="bbox 189 4803 1857 4888; baseline -0.005 -19"><span class='ocrx_word' id='word_1_407' title='bbox 189 4828 251 4869; x_wconf 69' lang='lat'>⁵0</span> <span class='ocrx_word' id='word_1_408' title='bbox 280 4831 401 4872; x_wconf 77' lang='grc' dir='ltr'>τιον</span> <span class='ocrx_word' id='word_1_409' title='bbox 425 4806 620 4888; x_wconf 87' lang='grc' dir='ltr'>στίχων</span> <span class='ocrx_word' id='word_1_410' title='bbox 648 4809 1046 4866; x_wconf 82' lang='grc' dir='ltr'>ἀναπαιστικῶν</span> <span class='ocrx_word' id='word_1_411' title='bbox 1067 4803 1435 4886; x_wconf 79' lang='grc' dir='ltr'>τετραμέτρων</span> <span class='ocrx_word' id='word_1_412' title='bbox 1455 4805 1857 4875; x_wconf 87' lang='grc' dir='ltr'>καταληκτικῶν</span> 
     </span>
     <span class='ocr_line' id='line_1_52' title="bbox 282 4888 1855 4974; baseline -0.007 -15"><span class='ocrx_word' id='word_1_413' title='bbox 282 4899 358 4959; x_wconf 79' lang='grc' dir='ltr'>ε’.</span> <span class='ocrx_word' id='word_1_414' title='bbox 386 4895 450 4956; x_wconf 79' lang='grc' dir='ltr'>τὸ</span> <span class='ocrx_word' id='word_1_415' title='bbox 473 4896 530 4954; x_wconf 79' lang='grc' dir='ltr'>δὲ</span> <span class='ocrx_word' id='word_1_416' title='bbox 554 4892 758 4974; x_wconf 81' lang='grc' dir='ltr'>μακρὸν</span> <span class='ocrx_word' id='word_1_417' title='bbox 788 4894 985 4973; x_wconf 86' lang='grc' dir='ltr'>στίχων</span> <span class='ocrx_word' id='word_1_418' title='bbox 1017 4890 1211 4971; x_wconf 83' lang='grc' dir='ltr'>ὁμοίων</span> <span class='ocrx_word' id='word_1_419' title='bbox 1242 4893 1347 4971; x_wconf 90' lang='grc' dir='ltr'>λγ’.</span> <span class='ocrx_word' id='word_1_420' title='bbox 1378 4895 1413 4963; x_wconf 84' lang='grc' dir='ltr'>ἡ</span> <span class='ocrx_word' id='word_1_421' title='bbox 1444 4892 1488 4950; x_wconf 86' lang='grc' dir='ltr'>δ’</span> <span class='ocrx_word' id='word_1_422' title='bbox 1517 4890 1718 4958; x_wconf 83' lang='grc' dir='ltr'>ἔκθεσις</span> <span class='ocrx_word' id='word_1_423' title='bbox 1743 4888 1855 4949; x_wconf 81' lang='grc' dir='ltr'>κώ-</span> 
     </span>
     <span class='ocr_line' id='line_1_53' title="bbox 276 4978 1856 5064; baseline -0.004 -20"><span class='ocrx_word' id='word_1_424' title='bbox 276 4991 395 5049; x_wconf 83' lang='grc' dir='ltr'>λων</span> <span class='ocrx_word' id='word_1_425' title='bbox 414 4982 542 5043; x_wconf 79' lang='grc' dir='ltr'>δέκα</span> <span class='ocrx_word' id='word_1_426' title='bbox 559 4980 819 5064; x_wconf 80' lang='grc' dir='ltr'>διμίτρων</span> <span class='ocrx_word' id='word_1_427' title='bbox 838 4980 978 5055; x_wconf 79' lang='grc' dir='ltr'>πλὴν</span> <span class='ocrx_word' id='word_1_428' title='bbox 998 4986 1092 5041; x_wconf 86' lang='grc' dir='ltr'>τοῦ</span> <span class='ocrx_word' id='word_1_429' title='bbox 1106 4978 1406 5041; x_wconf 83' lang='grc' dir='ltr'>τελευταίου</span> <span class='ocrx_word' id='word_1_430' title='bbox 1429 4981 1856 5052; x_wconf 87' lang='grc' dir='ltr'>καταληκτικῶν.</span> 
     </span>
     <span class='ocr_line' id='line_1_54' title="bbox 284 5070 955 5154; baseline -0.009 -20"><span class='ocrx_word' id='word_1_431' title='bbox 284 5075 381 5137; x_wconf 75' lang='grc' dir='ltr'>ἐπὶ</span> <span class='ocrx_word' id='word_1_432' title='bbox 408 5081 543 5133; x_wconf 77' lang='grc' dir='ltr'>πᾶσι</span> <span class='ocrx_word' id='word_1_433' title='bbox 569 5070 955 5154; x_wconf 82' lang='grc' dir='ltr'>παράγραφος.)</span> 
     </span>
    </p>
   </div>
   <div class='ocr_carea' id='block_1_9' title="bbox 497 5185 935 5226">
    <p class='ocr_par' dir='ltr' id='par_1_19' title="bbox 497 5185 935 5226">
     <span class='ocr_line' id='line_1_55' title="bbox 497 5185 935 5226; baseline -0.014 0"><span class='ocrx_word' id='word_1_434' title='bbox 497 5187 660 5226; x_wconf 66' lang='grc'>101101..</span> <span class='ocrx_word' id='word_1_435' title='bbox 690 5185 935 5223; x_wconf 61' lang='lat' dir='ltr'><strong>umora.</strong></span> 
     </span>
    </p>
   </div>
   <div class='ocr_carea' id='block_1_10' title="bbox 1892 2669 1903 2842">
    <p class='ocr_par' dir='ltr' id='par_1_20' title="bbox 1892 2669 1903 2842">
     <span class='ocr_line' id='line_1_56' title="bbox 1892 2669 1903 2842; baseline 0 0"><span class='ocrx_word' id='word_1_436' title='bbox 1892 2669 1903 2842; x_wconf 95' lang='lat' dir='ltr'> </span> 
     </span>
    </p>
   </div>
   <div class='ocr_carea' id='block_1_11' title="bbox 1892 2846 1902 3088">
    <p class='ocr_par' dir='ltr' id='par_1_21' title="bbox 1892 2846 1902 3088">
     <span class='ocr_line' id='line_1_57' title="bbox 1892 2846 1902 3088; baseline 0 0"><span class='ocrx_word' id='word_1_437' title='bbox 1892 2846 1902 3088; x_wconf 95' lang='lat' dir='ltr'> </span> 
     </span>
    </p>
   </div>
   <div class='ocr_carea' id='block_1_12' title="bbox 1939 580 3681 4972">
    <p class='ocr_par' dir='ltr' id='par_1_22' title="bbox 1940 580 3508 747">
     <span class='ocr_line' id='line_1_58' title="bbox 2020 580 3508 666; baseline 0.002 -26"><span class='ocrx_word' id='word_1_438' title='bbox 2020 600 2120 640; x_wconf 79' lang='lat'><strong>730.</strong></span> <span class='ocrx_word' id='word_1_439' title='bbox 2170 580 2471 658; x_wconf 75' lang='grc' dir='ltr'>(κυπτάζειν</span> <span class='ocrx_word' id='word_1_440' title='bbox 2503 601 2517 642; x_wconf 92' lang='lat'><strong>:</strong></span> <span class='ocrx_word' id='word_1_441' title='bbox 2556 580 2906 664; x_wconf 85' lang='grc' dir='ltr'>Κρυφιμαίως</span> <span class='ocrx_word' id='word_1_442' title='bbox 2929 582 3214 664; x_wconf 79' lang='grc' dir='ltr'>διατρίὸειν</span> <span class='ocrx_word' id='word_1_443' title='bbox 3251 583 3346 643; x_wconf 78' lang='grc' dir='ltr'>καὶ</span> <span class='ocrx_word' id='word_1_444' title='bbox 3374 583 3508 666; x_wconf 82' lang='grc' dir='ltr'>κρό-</span> 
     </span>
     <span class='ocr_line' id='line_1_59' title="bbox 1940 670 2204 747; baseline 0.011 -22"><span class='ocrx_word' id='word_1_445' title='bbox 1940 670 2204 747; x_wconf 85' lang='grc' dir='ltr'>πτεσθαι.)</span> 
     </span>
    </p>

    <p class='ocr_par' dir='ltr' id='par_1_23' title="bbox 1939 755 3598 1813">
     <span class='ocr_line' id='line_1_60' title="bbox 2020 755 3566 841; baseline 0.003 -24"><span class='ocrx_word' id='word_1_446' title='bbox 2020 775 2119 817; x_wconf 79' lang='grc'>733.</span> <span class='ocrx_word' id='word_1_447' title='bbox 2163 761 2301 838; x_wconf 84' lang='grc' dir='ltr'>χρῆν</span> <span class='ocrx_word' id='word_1_448' title='bbox 2338 755 2434 835; x_wconf 83' lang='grc' dir='ltr'>μὲν</span> <span class='ocrx_word' id='word_1_449' title='bbox 2456 755 2669 817; x_wconf 80' lang='grc' dir='ltr'>τύπτειν</span> <span class='ocrx_word' id='word_1_450' title='bbox 2710 778 2725 818; x_wconf 86' lang='lat'>:</span> <span class='ocrx_word' id='word_1_451' title='bbox 2756 760 2886 835; x_wconf 86' lang='grc' dir='ltr'>(Νῦν</span> <span class='ocrx_word' id='word_1_452' title='bbox 2924 757 3230 841; x_wconf 69' lang='grc' dir='ltr'>παραὸάσει</span> <span class='ocrx_word' id='word_1_453' title='bbox 3253 759 3509 841; x_wconf 80' lang='grc' dir='ltr'>κέχρηται</span> <span class='ocrx_word' id='word_1_454' title='bbox 3538 782 3566 821; x_wconf 72' lang='grc' dir='ltr'>ε</span> 
     </span>
     <span class='ocr_line' id='line_1_61' title="bbox 1940 842 3510 929; baseline 0.004 -29"><span class='ocrx_word' id='word_1_455' title='bbox 1940 845 1969 900; x_wconf 98' lang='lat'><em>6</em></span> <span class='ocrx_word' id='word_1_456' title='bbox 2004 842 2189 924; x_wconf 85' lang='grc' dir='ltr'>χορὸς,</span> <span class='ocrx_word' id='word_1_457' title='bbox 2242 845 2405 923; x_wconf 82' lang='grc' dir='ltr'>μηδὲν</span> <span class='ocrx_word' id='word_1_458' title='bbox 2447 844 2569 929; x_wconf 81' lang='grc' dir='ltr'>περὶ</span> <span class='ocrx_word' id='word_1_459' title='bbox 2614 850 2708 904; x_wconf 88' lang='grc' dir='ltr'>τοῦ</span> <span class='ocrx_word' id='word_1_460' title='bbox 2748 845 3093 927; x_wconf 84' lang='grc' dir='ltr'>προκειμένου</span> <span class='ocrx_word' id='word_1_461' title='bbox 3133 846 3299 925; x_wconf 79' lang='grc' dir='ltr'>λέγων</span> <span class='ocrx_word' id='word_1_462' title='bbox 3340 847 3376 921; x_wconf 78' lang='grc' dir='ltr'><strong>ἢ</strong></span> <span class='ocrx_word' id='word_1_463' title='bbox 3421 847 3510 907; x_wconf 80' lang='grc' dir='ltr'>τὸν</span> 
     </span>
     <span class='ocr_line' id='line_1_62' title="bbox 1940 929 3512 1017; baseline 0.004 -28"><span class='ocrx_word' id='word_1_464' title='bbox 1940 929 2167 1003; x_wconf 78' lang='grc' dir='ltr'>ποιητὴν</span> <span class='ocrx_word' id='word_1_465' title='bbox 2205 933 2454 995; x_wconf 85' lang='grc' dir='ltr'>ἐπαινῶν.</span> <span class='ocrx_word' id='word_1_466' title='bbox 2480 932 2785 1015; x_wconf 77' lang='grc' dir='ltr'>παράὸασιν</span> <span class='ocrx_word' id='word_1_467' title='bbox 2827 933 3049 994; x_wconf 82' lang='grc' dir='ltr'>ἐκάλουν</span> <span class='ocrx_word' id='word_1_468' title='bbox 3072 934 3181 994; x_wconf 78' lang='grc' dir='ltr'>ἀπὸ</span> <span class='ocrx_word' id='word_1_469' title='bbox 3206 942 3298 995; x_wconf 85' lang='grc' dir='ltr'>τοῦ</span> <span class='ocrx_word' id='word_1_470' title='bbox 3330 959 3512 1017; x_wconf 90' lang='grc' dir='ltr'>παρα-</span> 
     </span>
     <span class='ocr_line' id='line_1_63' title="bbox 1942 1018 3515 1102; baseline 0.004 -25"><span class='ocrx_word' id='word_1_471' title='bbox 1942 1018 2138 1079; x_wconf 77' lang='grc' dir='ltr'>ὅαίνειν</span> <span class='ocrx_word' id='word_1_472' title='bbox 2177 1020 2265 1081; x_wconf 87' lang='grc' dir='ltr'>τὸν</span> <span class='ocrx_word' id='word_1_473' title='bbox 2296 1021 2457 1102; x_wconf 84' lang='grc' dir='ltr'>χορὸν</span> <span class='ocrx_word' id='word_1_474' title='bbox 2489 1022 2596 1082; x_wconf 72' lang='grc' dir='ltr'>ἀπὸ</span> <span class='ocrx_word' id='word_1_475' title='bbox 2632 1029 2728 1096; x_wconf 88' lang='grc' dir='ltr'>τῆς</span> <span class='ocrx_word' id='word_1_476' title='bbox 2762 1022 3141 1102; x_wconf 81' lang='grc' dir='ltr'>νενομισμένης</span> <span class='ocrx_word' id='word_1_477' title='bbox 3176 1023 3411 1093; x_wconf 88' lang='grc' dir='ltr'>στάσεως</span> <span class='ocrx_word' id='word_1_478' title='bbox 3442 1028 3515 1094; x_wconf 77' lang='grc' dir='ltr'>εἰς</span> 
     </span>
     <span class='ocr_line' id='line_1_64' title="bbox 1940 1106 3514 1193; baseline 0.005 -27"><span class='ocrx_word' id='word_1_479' title='bbox 1940 1106 2037 1180; x_wconf 82' lang='grc' dir='ltr'>τὴν</span> <span class='ocrx_word' id='word_1_480' title='bbox 2081 1109 2401 1192; x_wconf 78' lang='grc' dir='ltr'>καταντικρὺ</span> <span class='ocrx_word' id='word_1_481' title='bbox 2442 1116 2533 1171; x_wconf 86' lang='grc' dir='ltr'>τοῦ</span> <span class='ocrx_word' id='word_1_482' title='bbox 2577 1110 2796 1192; x_wconf 83' lang='grc' dir='ltr'>θεάτρου</span> <span class='ocrx_word' id='word_1_483' title='bbox 2826 1111 2967 1193; x_wconf 81' lang='grc' dir='ltr'>ὄψιν,</span> <span class='ocrx_word' id='word_1_484' title='bbox 3000 1112 3161 1171; x_wconf 81' lang='grc' dir='ltr'>ὁπότε</span> <span class='ocrx_word' id='word_1_485' title='bbox 3202 1112 3514 1174; x_wconf 58' lang='lat' dir='ltr'>&amp;odhra-6</span> 
     </span>
     <span class='ocr_line' id='line_1_65' title="bbox 1941 1195 3595 1278; baseline 0.002 -24"><span class='ocrx_word' id='word_1_486' title='bbox 1941 1195 2165 1267; x_wconf 76' lang='grc' dir='ltr'>ποιητὴς</span> <span class='ocrx_word' id='word_1_487' title='bbox 2209 1198 2552 1278; x_wconf 77' lang='grc' dir='ltr'>διαλεχθῆναί</span> <span class='ocrx_word' id='word_1_488' title='bbox 2577 1223 2628 1258; x_wconf 94' lang='grc' dir='ltr'>τι</span> <span class='ocrx_word' id='word_1_489' title='bbox 2657 1198 2755 1269; x_wconf 82' lang='grc' dir='ltr'>ἔξω</span> <span class='ocrx_word' id='word_1_490' title='bbox 2790 1204 2885 1272; x_wconf 81' lang='grc' dir='ltr'>τῆς</span> <span class='ocrx_word' id='word_1_491' title='bbox 2921 1199 3212 1269; x_wconf 76' lang='grc' dir='ltr'>ὑποθέσεως</span> <span class='ocrx_word' id='word_1_492' title='bbox 3245 1200 3366 1261; x_wconf 84' lang='grc' dir='ltr'>ἄνευ</span> <span class='ocrx_word' id='word_1_493' title='bbox 3407 1206 3513 1263; x_wconf 87' lang='grc' dir='ltr'>τῶν</span> <span class='ocrx_word' id='word_1_494' title='bbox 3543 1219 3595 1258; x_wconf 85' lang='grc' dir='ltr'>ιο</span> 
     </span>
     <span class='ocr_line' id='line_1_66' title="bbox 1943 1286 3515 1373; baseline 0.004 -31"><span class='ocrx_word' id='word_1_495' title='bbox 1943 1288 2239 1367; x_wconf 81' lang='grc' dir='ltr'>ὑποκριτῶν</span> <span class='ocrx_word' id='word_1_496' title='bbox 2269 1286 2400 1368; x_wconf 82' lang='grc' dir='ltr'>πρὸς</span> <span class='ocrx_word' id='word_1_497' title='bbox 2424 1286 2485 1346; x_wconf 84' lang='grc' dir='ltr'>τὸ</span> <span class='ocrx_word' id='word_1_498' title='bbox 2528 1286 2741 1371; x_wconf 84' lang='grc' dir='ltr'>θέατρον</span> <span class='ocrx_word' id='word_1_499' title='bbox 2771 1286 2859 1347; x_wconf 78' lang='grc' dir='ltr'>διὰ</span> <span class='ocrx_word' id='word_1_500' title='bbox 2900 1294 2994 1347; x_wconf 90' lang='grc' dir='ltr'>τοῦ</span> <span class='ocrx_word' id='word_1_501' title='bbox 3031 1294 3211 1371; x_wconf 81' lang='grc' dir='ltr'>χοροῦ.</span> <span class='ocrx_word' id='word_1_502' title='bbox 3239 1289 3515 1373; x_wconf 78' lang='grc' dir='ltr'>ἐστρέφετο</span> 
     </span>
     <span class='ocr_line' id='line_1_67' title="bbox 1942 1366 3516 1456; baseline 0.004 -26"><span class='ocrx_word' id='word_1_503' title='bbox 1942 1370 2000 1430; x_wconf 83' lang='grc' dir='ltr'>δὲ</span> <span class='ocrx_word' id='word_1_504' title='bbox 2027 1376 2056 1430; x_wconf 92' lang='lat'><em>6</em></span> <span class='ocrx_word' id='word_1_505' title='bbox 2079 1371 2238 1454; x_wconf 83' lang='grc' dir='ltr'>χορὸς</span> <span class='ocrx_word' id='word_1_506' title='bbox 2265 1373 2356 1432; x_wconf 83' lang='grc' dir='ltr'>καὶ</span> <span class='ocrx_word' id='word_1_507' title='bbox 2382 1374 2610 1451; x_wconf 83' lang='grc' dir='ltr'>ἐγίνοντο</span> <span class='ocrx_word' id='word_1_508' title='bbox 2635 1380 2837 1456; x_wconf 80' lang='grc' dir='ltr'>στοῖχοι</span> <span class='ocrx_word' id='word_1_509' title='bbox 2861 1377 2930 1438; x_wconf 87' lang='grc' dir='ltr'>δ’.</span> <span class='ocrx_word' id='word_1_510' title='bbox 2956 1366 3071 1435; x_wconf 67' lang='grc' dir='ltr'>εἶτα</span> <span class='ocrx_word' id='word_1_511' title='bbox 3100 1375 3391 1446; x_wconf 83' lang='grc' dir='ltr'>διελθόντες</span> <span class='ocrx_word' id='word_1_512' title='bbox 3417 1377 3516 1451; x_wconf 81' lang='grc' dir='ltr'>τὴν</span> 
     </span>
     <span class='ocr_line' id='line_1_68' title="bbox 1941 1458 3517 1549; baseline 0.004 -31"><span class='ocrx_word' id='word_1_513' title='bbox 1941 1458 2274 1537; x_wconf 82' lang='grc' dir='ltr'>καλουμένην</span> <span class='ocrx_word' id='word_1_514' title='bbox 2296 1461 2602 1541; x_wconf 70' lang='grc' dir='ltr'>παράὸασιν</span> <span class='ocrx_word' id='word_1_515' title='bbox 2632 1462 2946 1547; x_wconf 78' lang='grc' dir='ltr'>ἐστρέφοντο</span> <span class='ocrx_word' id='word_1_516' title='bbox 2971 1463 3132 1523; x_wconf 86' lang='grc' dir='ltr'>πάλιν</span> <span class='ocrx_word' id='word_1_517' title='bbox 3161 1466 3234 1532; x_wconf 83' lang='grc' dir='ltr'>εἰς</span> <span class='ocrx_word' id='word_1_518' title='bbox 3254 1463 3352 1537; x_wconf 83' lang='grc' dir='ltr'>τὴν</span> <span class='ocrx_word' id='word_1_519' title='bbox 3375 1490 3517 1549; x_wconf 83' lang='grc' dir='ltr'>προ-</span> 
     </span>
     <span class='ocr_line' id='line_1_69' title="bbox 1939 1545 3517 1630; baseline 0.007 -25"><span class='ocrx_word' id='word_1_520' title='bbox 1939 1545 2098 1630; x_wconf 85' lang='grc' dir='ltr'>τέραν</span> <span class='ocrx_word' id='word_1_521' title='bbox 2135 1548 2339 1609; x_wconf 83' lang='grc' dir='ltr'>στάσιν.</span> <span class='ocrx_word' id='word_1_522' title='bbox 2367 1551 2525 1622; x_wconf 82' lang='grc' dir='ltr'>δῆλον</span> <span class='ocrx_word' id='word_1_523' title='bbox 2565 1550 2619 1610; x_wconf 83' lang='grc' dir='ltr'>δὲ</span> <span class='ocrx_word' id='word_1_524' title='bbox 2650 1557 2885 1611; x_wconf 82' lang='grc' dir='ltr'>ποιοῦσιν</span> <span class='ocrx_word' id='word_1_525' title='bbox 2910 1551 3059 1611; x_wconf 79' lang='grc' dir='ltr'>αὐτοὶ</span> <span class='ocrx_word' id='word_1_526' title='bbox 3085 1554 3134 1613; x_wconf 80' lang='grc' dir='ltr'>οἱ</span> <span class='ocrx_word' id='word_1_527' title='bbox 3173 1554 3425 1627; x_wconf 83' lang='grc' dir='ltr'>ποιηταὶ,</span> <span class='ocrx_word' id='word_1_528' title='bbox 3454 1556 3517 1616; x_wconf 83' lang='grc' dir='ltr'>τὸ</span> 
     </span>
     <span class='ocr_line' id='line_1_70' title="bbox 1942 1635 3598 1752; baseline 0.006 -58"><span class='ocrx_word' id='word_1_529' title='bbox 1942 1635 2257 1717; x_wconf 87' lang='grc' dir='ltr'>στρέφεσθαι</span> <span class='ocrx_word' id='word_1_530' title='bbox 2295 1637 2637 1715; x_wconf 88' lang='grc' dir='ltr'>σημαίνοντες</span> <span class='ocrx_word' id='word_1_531' title='bbox 2662 1639 2754 1699; x_wconf 72' lang='grc' dir='ltr'>καὶ</span> <span class='ocrx_word' id='word_1_532' title='bbox 2791 1639 2853 1699; x_wconf 82' lang='grc' dir='ltr'>τὸ</span> <span class='ocrx_word' id='word_1_533' title='bbox 2879 1639 3251 1752; x_wconf 66' lang='grc' dir='ltr'>παραὸαίνειν.</span> <span class='ocrx_word' id='word_1_534' title='bbox 3284 1641 3516 1704; x_wconf 90' lang='grc' dir='ltr'>Πλάτων</span> <span class='ocrx_word' id='word_1_535' title='bbox 3547 1665 3598 1704; x_wconf 78' lang='lat'>15</span> 
     </span>
     <span class='ocr_line' id='line_1_71' title="bbox 1942 1725 3518 1813; baseline 0.006 -32"><span class='ocrx_word' id='word_1_536' title='bbox 1942 1726 1995 1782; x_wconf 81' lang='grc' dir='ltr'>ἐν</span> <span class='ocrx_word' id='word_1_537' title='bbox 2024 1727 2100 1805; x_wconf 81' lang='grc' dir='ltr'>τῷ</span> <span class='ocrx_word' id='word_1_538' title='bbox 2130 1725 2413 1807; x_wconf 83' lang='grc' dir='ltr'>Παιδαρίῳ</span> <span class='ocrx_word' id='word_1_539' title='bbox 2437 1753 2461 1781; x_wconf 74' lang='grc' dir='ltr'>ιι</span> <span class='ocrx_word' id='word_1_540' title='bbox 2492 1729 2539 1785; x_wconf 87' lang='grc' dir='ltr'>εἰ</span> <span class='ocrx_word' id='word_1_541' title='bbox 2568 1725 2666 1804; x_wconf 83' lang='grc' dir='ltr'>μὲν</span> <span class='ocrx_word' id='word_1_542' title='bbox 2698 1727 2774 1806; x_wconf 84' lang='grc' dir='ltr'>μὴ</span> <span class='ocrx_word' id='word_1_543' title='bbox 2799 1728 2920 1788; x_wconf 87' lang='grc' dir='ltr'>λίαν</span> <span class='ocrx_word' id='word_1_544' title='bbox 2949 1755 2994 1789; x_wconf 93' lang='grc' dir='ltr'>ω</span> <span class='ocrx_word' id='word_1_545' title='bbox 3020 1725 3193 1813; x_wconf 68' lang='grc' dir='ltr'>ννδρες</span> <span class='ocrx_word' id='word_1_546' title='bbox 3215 1732 3518 1812; x_wconf 81' lang='grc' dir='ltr'>ἠναγκαζό-</span> 
     </span>
    </p>

    <p class='ocr_par' dir='ltr' id='par_1_24' title="bbox 1942 1812 3518 1900">
     <span class='ocr_line' id='line_1_72' title="bbox 1942 1812 3518 1900; baseline 0.008 -32"><span class='ocrx_word' id='word_1_547' title='bbox 1942 1840 1967 1864; x_wconf 81' lang='grc'><strong>«</strong></span> <span class='ocrx_word' id='word_1_548' title='bbox 1998 1835 2104 1889; x_wconf 90' lang='grc' dir='ltr'>μην</span> <span class='ocrx_word' id='word_1_549' title='bbox 2135 1813 2146 1893; x_wconf 80' lang='grc' dir='ltr'>Ι</span> <span class='ocrx_word' id='word_1_550' title='bbox 2176 1812 2402 1895; x_wconf 78' lang='grc' dir='ltr'>στρέψαι</span> <span class='ocrx_word' id='word_1_551' title='bbox 2427 1814 2588 1896; x_wconf 90' lang='grc' dir='ltr'>δεῦρ’,</span> <span class='ocrx_word' id='word_1_552' title='bbox 2607 1817 2702 1875; x_wconf 87' lang='grc' dir='ltr'>οὐκ</span> <span class='ocrx_word' id='word_1_553' title='bbox 2722 1814 2788 1875; x_wconf 79' lang='grc' dir='ltr'>ἂν</span> <span class='ocrx_word' id='word_1_554' title='bbox 2810 1815 3052 1900; x_wconf 74' lang='grc' dir='ltr'>παρέὸην</span> <span class='ocrx_word' id='word_1_555' title='bbox 3075 1821 3148 1885; x_wconf 87' lang='grc' dir='ltr'>εἷς</span> <span class='ocrx_word' id='word_1_556' title='bbox 3169 1817 3307 1889; x_wconf 80' lang='grc' dir='ltr'>λέξιν</span> <span class='ocrx_word' id='word_1_557' title='bbox 3325 1819 3518 1881; x_wconf 84' lang='grc' dir='ltr'>τοιάνδ’</span> 
     </span>
    </p>

    <p class='ocr_par' dir='ltr' id='par_1_25' title="bbox 1940 1900 3604 2512">
     <span class='ocr_line' id='line_1_73' title="bbox 1942 1900 3520 1987; baseline 0.007 -29"><span class='ocrx_word' id='word_1_558' title='bbox 1942 1926 1967 1952; x_wconf 76' lang='grc' dir='ltr'>α</span> <span class='ocrx_word' id='word_1_559' title='bbox 1997 1901 2159 1972; x_wconf 82' lang='grc' dir='ltr'>ἐπῶν,</span> <span class='ocrx_word' id='word_1_560' title='bbox 2188 1926 2213 1953; x_wconf 75' lang='lat'>²·</span> <span class='ocrx_word' id='word_1_561' title='bbox 2251 1900 2413 1982; x_wconf 83' lang='grc' dir='ltr'>ἄμφω</span> <span class='ocrx_word' id='word_1_562' title='bbox 2451 1901 2726 1980; x_wconf 86' lang='grc' dir='ltr'>σημάνας,</span> <span class='ocrx_word' id='word_1_563' title='bbox 2763 1904 2856 1964; x_wconf 76' lang='grc' dir='ltr'>καὶ</span> <span class='ocrx_word' id='word_1_564' title='bbox 2892 1903 2953 1964; x_wconf 81' lang='grc' dir='ltr'>τὸ</span> <span class='ocrx_word' id='word_1_565' title='bbox 2987 1905 3303 1987; x_wconf 78' lang='grc' dir='ltr'>στρέφεσθαι</span> <span class='ocrx_word' id='word_1_566' title='bbox 3339 1909 3520 1970; x_wconf 77' lang='grc' dir='ltr'>καὶτὸ</span> 
     </span>
     <span class='ocr_line' id='line_1_74' title="bbox 1940 1987 3521 2076; baseline 0.008 -31"><span class='ocrx_word' id='word_1_567' title='bbox 1940 1987 2308 2070; x_wconf 76' lang='grc' dir='ltr'>παραὸαίνειν.</span> <span class='ocrx_word' id='word_1_568' title='bbox 2339 1991 2600 2070; x_wconf 86' lang='grc' dir='ltr'>Κρατῖνος</span> <span class='ocrx_word' id='word_1_569' title='bbox 2645 1988 2702 2050; x_wconf 76' lang='grc' dir='ltr'>δὲ</span> <span class='ocrx_word' id='word_1_570' title='bbox 2733 1990 2807 2052; x_wconf 81' lang='grc' dir='ltr'>ἐν</span> <span class='ocrx_word' id='word_1_571' title='bbox 2835 1997 2901 2073; x_wconf 76' lang='grc' dir='ltr'>τῇ</span> <span class='ocrx_word' id='word_1_572' title='bbox 2933 1992 3149 2076; x_wconf 66' lang='grc' dir='ltr'>Πυλαία</span> <span class='ocrx_word' id='word_1_573' title='bbox 3176 1995 3329 2069; x_wconf 89' lang='grc' dir='ltr'>δηλοῖ</span> <span class='ocrx_word' id='word_1_574' title='bbox 3359 1993 3440 2056; x_wconf 72' lang='grc' dir='ltr'>ὅτι</span> <span class='ocrx_word' id='word_1_575' title='bbox 3468 1995 3521 2067; x_wconf 65' lang='grc' dir='ltr'>ἕξ</span> 
     </span>
     <span class='ocr_line' id='line_1_75' title="bbox 1940 2076 3604 2163; baseline 0.008 -28"><span class='ocrx_word' id='word_1_576' title='bbox 1940 2078 2053 2135; x_wconf 81' lang='grc' dir='ltr'>ἐστι</span> <span class='ocrx_word' id='word_1_577' title='bbox 2075 2076 2210 2155; x_wconf 82' lang='grc' dir='ltr'>ζυγὰ</span> <span class='ocrx_word' id='word_1_578' title='bbox 2231 2081 2324 2137; x_wconf 86' lang='grc' dir='ltr'>τοῦ</span> <span class='ocrx_word' id='word_1_579' title='bbox 2351 2082 2538 2158; x_wconf 80' lang='grc' dir='ltr'>χοροῦ.</span> <span class='ocrx_word' id='word_1_580' title='bbox 2562 2082 2591 2138; x_wconf 90' lang='lat'><em>6</em></span> <span class='ocrx_word' id='word_1_581' title='bbox 2622 2077 2679 2139; x_wconf 73' lang='grc' dir='ltr'>δὲ</span> <span class='ocrx_word' id='word_1_582' title='bbox 2701 2080 2872 2159; x_wconf 89' lang='grc' dir='ltr'>νοῦς,)</span> <span class='ocrx_word' id='word_1_583' title='bbox 2896 2083 3059 2163; x_wconf 78' lang='grc' dir='ltr'>ἐχρῆν</span> <span class='ocrx_word' id='word_1_584' title='bbox 3088 2080 3203 2161; x_wconf 82' lang='grc' dir='ltr'>μὲν,</span> <span class='ocrx_word' id='word_1_585' title='bbox 3233 2083 3383 2153; x_wconf 82' lang='grc' dir='ltr'>εἴτις</span> <span class='ocrx_word' id='word_1_586' title='bbox 3409 2109 3523 2147; x_wconf 89' lang='grc' dir='ltr'>κω-</span> <span class='ocrx_word' id='word_1_587' title='bbox 3547 2110 3604 2150; x_wconf 73' lang='lat'>20</span> 
     </span>
     <span class='ocr_line' id='line_1_76' title="bbox 1943 2163 3523 2252; baseline 0.006 -30"><span class='ocrx_word' id='word_1_588' title='bbox 1943 2163 2310 2246; x_wconf 73' lang='grc' dir='ltr'>μῳδοποιητῆς</span> <span class='ocrx_word' id='word_1_589' title='bbox 2333 2165 2726 2246; x_wconf 12' lang='grc' dir='ltr'>ἕαυτὸνιέπῇνει</span> <span class='ocrx_word' id='word_1_590' title='bbox 2749 2168 3054 2251; x_wconf 76' lang='grc' dir='ltr'>παραὸάσει</span> <span class='ocrx_word' id='word_1_591' title='bbox 3077 2168 3345 2252; x_wconf 82' lang='grc' dir='ltr'>χρώμενος</span> <span class='ocrx_word' id='word_1_592' title='bbox 3360 2218 3376 2246; x_wconf 93' lang='grc'>,</span> <span class='ocrx_word' id='word_1_593' title='bbox 3404 2171 3523 2241; x_wconf 75' lang='grc' dir='ltr'>τοὺς</span> 
     </span>
     <span class='ocr_line' id='line_1_77' title="bbox 1944 2249 3522 2341; baseline 0.006 -31"><span class='ocrx_word' id='word_1_594' title='bbox 1944 2249 2267 2332; x_wconf 73' lang='grc' dir='ltr'>ῥαὸδούχους</span> <span class='ocrx_word' id='word_1_595' title='bbox 2288 2251 2515 2322; x_wconf 75' lang='grc' dir='ltr'>ἐκείνους</span> <span class='ocrx_word' id='word_1_596' title='bbox 2540 2251 2755 2313; x_wconf 80' lang='grc' dir='ltr'>τύπτειν</span> <span class='ocrx_word' id='word_1_597' title='bbox 2782 2253 2939 2314; x_wconf 80' lang='grc' dir='ltr'>αὐτὸν</span> <span class='ocrx_word' id='word_1_598' title='bbox 2970 2257 3312 2341; x_wconf 59' lang='lat' dir='ltr'>‹bedu-percle</span> <span class='ocrx_word' id='word_1_599' title='bbox 3335 2283 3388 2318; x_wconf 91' lang='grc' dir='ltr'>τι</span> <span class='ocrx_word' id='word_1_600' title='bbox 3419 2284 3522 2338; x_wconf 78' lang='grc' dir='ltr'>με-</span> 
     </span>
     <span class='ocr_line' id='line_1_78' title="bbox 1940 2333 3522 2425; baseline 0.006 -28"><span class='ocrx_word' id='word_1_601' title='bbox 1940 2339 2382 2422; x_wconf 86' lang='grc' dir='ltr'>ταχειριζόμενον.</span> <span class='ocrx_word' id='word_1_602' title='bbox 2416 2343 2463 2400; x_wconf 86' lang='grc' dir='ltr'>εἰ</span> <span class='ocrx_word' id='word_1_603' title='bbox 2484 2339 2553 2400; x_wconf 73' lang='grc' dir='ltr'>δὲ</span> <span class='ocrx_word' id='word_1_604' title='bbox 2580 2341 2779 2425; x_wconf 84' lang='grc' dir='ltr'>πρέπον</span> <span class='ocrx_word' id='word_1_605' title='bbox 2813 2341 2977 2422; x_wconf 72' lang='grc' dir='ltr'>ἐστὶν,</span> <span class='ocrx_word' id='word_1_606' title='bbox 3003 2333 3048 2404; x_wconf 68' lang='grc' dir='ltr'><em>ὦ</em></span> <span class='ocrx_word' id='word_1_607' title='bbox 3076 2347 3302 2419; x_wconf 86' lang='grc' dir='ltr'>Μοῦσα,</span> <span class='ocrx_word' id='word_1_608' title='bbox 3333 2347 3522 2407; x_wconf 69' lang='grc' dir='ltr'>ἑαυτὸν</span> 
     </span>
     <span class='ocr_line' id='line_1_79' title="bbox 1943 2427 3520 2512; baseline 0.007 -27"><span class='ocrx_word' id='word_1_609' title='bbox 1943 2427 2217 2487; x_wconf 80' lang='grc' dir='ltr'>ἐπαινέσαι</span> <span class='ocrx_word' id='word_1_610' title='bbox 2247 2427 2396 2503; x_wconf 73' lang='grc' dir='ltr'>τινὰ,</span> <span class='ocrx_word' id='word_1_611' title='bbox 2426 2430 2584 2511; x_wconf 78' lang='grc' dir='ltr'>φησὶν</span> <span class='ocrx_word' id='word_1_612' title='bbox 2617 2434 2646 2489; x_wconf 98' lang='lat'><em>6</em></span> <span class='ocrx_word' id='word_1_613' title='bbox 2678 2431 2996 2501; x_wconf 82' lang='grc' dir='ltr'>διδάσκαλος</span> <span class='ocrx_word' id='word_1_614' title='bbox 3032 2437 3188 2512; x_wconf 87' lang='grc' dir='ltr'>ἡμῶν</span> <span class='ocrx_word' id='word_1_615' title='bbox 3206 2470 3224 2499; x_wconf 82' lang='lat'>‚</span> <span class='ocrx_word' id='word_1_616' title='bbox 3250 2436 3520 2503; x_wconf 77' lang='grc' dir='ltr'>τουτέστιν</span> 
     </span>
    </p>

    <p class='ocr_par' dir='ltr' id='par_1_26' title="bbox 1940 2512 3681 2947">
     <span class='ocr_line' id='line_1_80' title="bbox 1941 2512 3681 2608; baseline 0.006 -33"><span class='ocrx_word' id='word_1_617' title='bbox 1941 2520 1970 2575; x_wconf 98' lang='lat'><em>6</em></span> <span class='ocrx_word' id='word_1_618' title='bbox 1986 2516 2359 2602; x_wconf 80' lang='grc' dir='ltr'>Ἀριστοφάνης</span> <span class='ocrx_word' id='word_1_619' title='bbox 2383 2572 2401 2605; x_wconf 82' lang='grc'>,</span> <span class='ocrx_word' id='word_1_620' title='bbox 2440 2519 2581 2589; x_wconf 78' lang='grc' dir='ltr'>ἄξιος</span> <span class='ocrx_word' id='word_1_621' title='bbox 2604 2512 2737 2582; x_wconf 73' lang='grc' dir='ltr'>εἶναι</span> <span class='ocrx_word' id='word_1_622' title='bbox 2756 2524 2965 2597; x_wconf 86' lang='grc' dir='ltr'>πολλῆς</span> <span class='ocrx_word' id='word_1_623' title='bbox 2985 2529 3172 2601; x_wconf 80' lang='grc' dir='ltr'>τιμῆς,</span> <span class='ocrx_word' id='word_1_624' title='bbox 3192 2524 3356 2599; x_wconf 80' lang='grc' dir='ltr'>ὅστις,</span> <span class='ocrx_word' id='word_1_625' title='bbox 3377 2525 3520 2608; x_wconf 83' lang='grc' dir='ltr'>Ἀρι-</span> <span class='ocrx_word' id='word_1_626' title='bbox 3548 2547 3601 2586; x_wconf 74' lang='lat'>2⁶</span> <span class='ocrx_word' id='word_1_627' title='bbox 3668 2526 3681 2533; x_wconf 71' lang='grc'><strong>’</strong></span> 
     </span>
     <span class='ocr_line' id='line_1_81' title="bbox 1942 2601 3524 2692; baseline 0.007 -29"><span class='ocrx_word' id='word_1_628' title='bbox 1942 2604 2230 2686; x_wconf 87' lang='grc' dir='ltr'>στοφάνης,</span> <span class='ocrx_word' id='word_1_629' title='bbox 2255 2607 2465 2687; x_wconf 76' lang='grc' dir='ltr'>ἄριστος</span> <span class='ocrx_word' id='word_1_630' title='bbox 2491 2608 2789 2687; x_wconf 82' lang='grc' dir='ltr'>γεγένηται.</span> <span class='ocrx_word' id='word_1_631' title='bbox 2818 2601 2956 2682; x_wconf 73' lang='grc' dir='ltr'>ἦσαν</span> <span class='ocrx_word' id='word_1_632' title='bbox 2977 2609 3034 2670; x_wconf 83' lang='grc' dir='ltr'>δὲ</span> <span class='ocrx_word' id='word_1_633' title='bbox 3064 2613 3153 2672; x_wconf 76' lang='grc' dir='ltr'>ἐπὶ</span> <span class='ocrx_word' id='word_1_634' title='bbox 3176 2617 3269 2684; x_wconf 81' lang='grc' dir='ltr'>τῆς</span> <span class='ocrx_word' id='word_1_635' title='bbox 3296 2613 3524 2692; x_wconf 84' lang='grc' dir='ltr'>θυμέλης</span> 
     </span>
     <span class='ocr_line' id='line_1_82' title="bbox 1943 2691 3522 2778; baseline 0.008 -28"><span class='ocrx_word' id='word_1_636' title='bbox 1943 2691 2257 2775; x_wconf 74' lang='grc' dir='ltr'>ῥαὸδοφόροι</span> <span class='ocrx_word' id='word_1_637' title='bbox 2281 2693 2445 2773; x_wconf 85' lang='grc' dir='ltr'>τινὲς,</span> <span class='ocrx_word' id='word_1_638' title='bbox 2474 2695 2526 2754; x_wconf 88' lang='grc' dir='ltr'>οἳ</span> <span class='ocrx_word' id='word_1_639' title='bbox 2550 2700 2645 2768; x_wconf 85' lang='grc' dir='ltr'>τῆς</span> <span class='ocrx_word' id='word_1_640' title='bbox 2678 2698 2964 2778; x_wconf 86' lang='grc' dir='ltr'>εὐκοσμίας</span> <span class='ocrx_word' id='word_1_641' title='bbox 2991 2698 3245 2778; x_wconf 80' lang='grc' dir='ltr'>ἐμέλοντο</span> <span class='ocrx_word' id='word_1_642' title='bbox 3266 2704 3370 2760; x_wconf 87' lang='grc' dir='ltr'>τῶν</span> <span class='ocrx_word' id='word_1_643' title='bbox 3400 2705 3522 2763; x_wconf 90' lang='grc' dir='ltr'>θεα-</span> 
     </span>
     <span class='ocr_line' id='line_1_83' title="bbox 1940 2775 3521 2869; baseline 0.006 -31"><span class='ocrx_word' id='word_1_644' title='bbox 1940 2784 2066 2842; x_wconf 86' lang='grc' dir='ltr'>τῶν.</span> <span class='ocrx_word' id='word_1_645' title='bbox 2098 2778 2132 2851; x_wconf 76' lang='grc' dir='ltr'>ἢ</span> <span class='ocrx_word' id='word_1_646' title='bbox 2159 2781 2477 2865; x_wconf 77' lang='grc' dir='ltr'>ῥαὸδούχους</span> <span class='ocrx_word' id='word_1_647' title='bbox 2505 2775 2620 2843; x_wconf 71' lang='grc' dir='ltr'>εἰπε</span> <span class='ocrx_word' id='word_1_648' title='bbox 2646 2784 2766 2854; x_wconf 79' lang='grc' dir='ltr'>τοὺς</span> <span class='ocrx_word' id='word_1_649' title='bbox 2791 2785 2972 2869; x_wconf 72' lang='grc' dir='ltr'>κριτὰς</span> <span class='ocrx_word' id='word_1_650' title='bbox 2993 2793 3088 2848; x_wconf 86' lang='grc' dir='ltr'>τοῦ</span> <span class='ocrx_word' id='word_1_651' title='bbox 3122 2789 3321 2868; x_wconf 80' lang='grc' dir='ltr'>ἀγῶνος</span> <span class='ocrx_word' id='word_1_652' title='bbox 3335 2833 3352 2862; x_wconf 90' lang='grc'>,</span> <span class='ocrx_word' id='word_1_653' title='bbox 3381 2788 3468 2858; x_wconf 73' lang='grc' dir='ltr'>οὓς</span> <span class='ocrx_word' id='word_1_654' title='bbox 3492 2793 3521 2848; x_wconf 98' lang='lat'><em>6</em></span> 
     </span>
     <span class='ocr_line' id='line_1_84' title="bbox 1940 2863 2717 2947; baseline 0.01 -21"><span class='ocrx_word' id='word_1_655' title='bbox 1940 2868 2165 2940; x_wconf 80' lang='grc' dir='ltr'>ποιητὴς</span> <span class='ocrx_word' id='word_1_656' title='bbox 2197 2871 2527 2947; x_wconf 79' lang='grc' dir='ltr'>αἰσυμνήτας</span> <span class='ocrx_word' id='word_1_657' title='bbox 2555 2863 2717 2934; x_wconf 66' lang='grc' dir='ltr'>εἶπεν.</span> 
     </span>
    </p>

    <p class='ocr_par' dir='ltr' id='par_1_27' title="bbox 1945 2957 3599 3128">
     <span class='ocr_line' id='line_1_85' title="bbox 2020 2957 3599 3047; baseline 0.006 -30"><span class='ocrx_word' id='word_1_658' title='bbox 2020 2976 2119 3018; x_wconf 73' lang='grc'>735.</span> <span class='ocrx_word' id='word_1_659' title='bbox 2163 2957 2411 3038; x_wconf 73' lang='grc' dir='ltr'>παραὸὂις</span> <span class='ocrx_word' id='word_1_660' title='bbox 2452 2963 2506 3019; x_wconf 85' lang='grc' dir='ltr'>ἐν</span> <span class='ocrx_word' id='word_1_661' title='bbox 2533 2969 2641 3029; x_wconf 86' lang='grc' dir='ltr'>τοῖς</span> <span class='ocrx_word' id='word_1_662' title='bbox 2670 2965 3014 3032; x_wconf 83' lang='grc' dir='ltr'>ἀναπαίστοις</span> <span class='ocrx_word' id='word_1_663' title='bbox 3039 2983 3054 3024; x_wconf 73' lang='lat'>2</span> <span class='ocrx_word' id='word_1_664' title='bbox 3097 2966 3291 3025; x_wconf 77' lang='grc' dir='ltr'>Πᾶσαν</span> <span class='ocrx_word' id='word_1_665' title='bbox 3313 2963 3517 3047; x_wconf 79' lang='grc' dir='ltr'>παρέκ-</span> <span class='ocrx_word' id='word_1_666' title='bbox 3545 2994 3599 3034; x_wconf 76' lang='lat' dir='ltr'>ao</span> 
     </span>
     <span class='ocr_line' id='line_1_86' title="bbox 1945 3043 2663 3128; baseline 0.007 -26"><span class='ocrx_word' id='word_1_667' title='bbox 1945 3043 2098 3104; x_wconf 76' lang='grc' dir='ltr'>ὄασιν</span> <span class='ocrx_word' id='word_1_668' title='bbox 2125 3045 2479 3113; x_wconf 83' lang='grc' dir='ltr'>ἄναπαίστους</span> <span class='ocrx_word' id='word_1_669' title='bbox 2505 3048 2663 3128; x_wconf 82' lang='grc' dir='ltr'>λέγει.</span> 
     </span>
    </p>

    <p class='ocr_par' dir='ltr' id='par_1_28' title="bbox 1940 3132 3520 3388">
     <span class='ocr_line' id='line_1_87' title="bbox 2021 3132 3518 3216; baseline 0.003 -22"><span class='ocrx_word' id='word_1_670' title='bbox 2021 3152 2121 3194; x_wconf 71' lang='grc'>736.</span> <span class='ocrx_word' id='word_1_671' title='bbox 2164 3132 2315 3215; x_wconf 80' lang='grc' dir='ltr'>παρὰ</span> <span class='ocrx_word' id='word_1_672' title='bbox 2352 3132 2421 3193; x_wconf 73' lang='grc' dir='ltr'>τὰ</span> <span class='ocrx_word' id='word_1_673' title='bbox 2450 3136 2757 3213; x_wconf 86' lang='grc' dir='ltr'>Σιμωνίδου</span> <span class='ocrx_word' id='word_1_674' title='bbox 2787 3138 2850 3196; x_wconf 83' lang='grc' dir='ltr'>ἐκ</span> <span class='ocrx_word' id='word_1_675' title='bbox 2883 3140 2988 3196; x_wconf 89' lang='grc' dir='ltr'>τῶν</span> <span class='ocrx_word' id='word_1_676' title='bbox 3035 3138 3294 3216; x_wconf 77' lang='grc' dir='ltr'>ἐλεγείων·</span> <span class='ocrx_word' id='word_1_677' title='bbox 3318 3167 3349 3201; x_wconf 77' lang='grc' dir='ltr'>,σι</span> <span class='ocrx_word' id='word_1_678' title='bbox 3379 3143 3427 3199; x_wconf 85' lang='grc' dir='ltr'>εἰ</span> <span class='ocrx_word' id='word_1_679' title='bbox 3473 3141 3518 3199; x_wconf 86' lang='grc' dir='ltr'>δ’</span> 
     </span>
     <span class='ocr_line' id='line_1_88' title="bbox 2013 3220 3520 3308; baseline 0.006 -30"><span class='ocrx_word' id='word_1_680' title='bbox 2013 3244 2046 3278; x_wconf 90' lang='grc' dir='ltr'>α</span> <span class='ocrx_word' id='word_1_681' title='bbox 2074 3225 2328 3298; x_wconf 84' lang='grc' dir='ltr'>τιμῆσαι,</span> <span class='ocrx_word' id='word_1_682' title='bbox 2358 3220 2583 3304; x_wconf 74' lang='grc' dir='ltr'>θύγατερ</span> <span class='ocrx_word' id='word_1_683' title='bbox 2611 3223 2763 3295; x_wconf 83' lang='grc' dir='ltr'>Διὸς,</span> <span class='ocrx_word' id='word_1_684' title='bbox 2790 3223 2931 3292; x_wconf 81' lang='grc' dir='ltr'>ὅστις</span> <span class='ocrx_word' id='word_1_685' title='bbox 2961 3222 3172 3306; x_wconf 80' lang='grc' dir='ltr'>ἄριστος</span> <span class='ocrx_word' id='word_1_686' title='bbox 3194 3225 3349 3308; x_wconf 77' lang='grc' dir='ltr'>δήμῳ</span> <span class='ocrx_word' id='word_1_687' title='bbox 3375 3226 3520 3300; x_wconf 78' lang='grc' dir='ltr'>Ἀθη·</span> 
     </span>
     <span class='ocr_line' id='line_1_89' title="bbox 1940 3307 2769 3388; baseline 0.002 -21"><span class='ocrx_word' id='word_1_688' title='bbox 1940 3307 2100 3368; x_wconf 87' lang='grc' dir='ltr'>ναίων</span> <span class='ocrx_word' id='word_1_689' title='bbox 2124 3307 2431 3379; x_wconf 79' lang='grc' dir='ltr'>ἐξετέλεσσα</span> <span class='ocrx_word' id='word_1_690' title='bbox 2459 3310 2630 3388; x_wconf 88' lang='grc' dir='ltr'>μόνος.</span> <span class='ocrx_word' id='word_1_691' title='bbox 2656 3339 2681 3363; x_wconf 71' lang='grc' dir='ltr'><strong>υ</strong></span> <span class='ocrx_word' id='word_1_692' title='bbox 2705 3324 2769 3371; x_wconf 82' lang='lat' dir='ltr'>V.</span> 
     </span>
    </p>

    <p class='ocr_par' dir='ltr' id='par_1_29' title="bbox 1943 3397 3599 3633">
     <span class='ocr_line' id='line_1_90' title="bbox 2020 3397 3599 3480; baseline 0.003 -22"><span class='ocrx_word' id='word_1_693' title='bbox 2020 3416 2120 3458; x_wconf 70' lang='lat'><strong>740.</strong></span> <span class='ocrx_word' id='word_1_694' title='bbox 2166 3399 2218 3465; x_wconf 79' lang='grc' dir='ltr'>ἐς</span> <span class='ocrx_word' id='word_1_695' title='bbox 2255 3397 2325 3457; x_wconf 82' lang='grc' dir='ltr'>τὰ</span> <span class='ocrx_word' id='word_1_696' title='bbox 2373 3397 2531 3480; x_wconf 77' lang='grc' dir='ltr'>ῥάκια</span> <span class='ocrx_word' id='word_1_697' title='bbox 2580 3417 2594 3459; x_wconf 75' lang='lat'>2</span> <span class='ocrx_word' id='word_1_698' title='bbox 2638 3398 2735 3468; x_wconf 82' lang='grc' dir='ltr'>Ὡς</span> <span class='ocrx_word' id='word_1_699' title='bbox 2778 3404 3001 3459; x_wconf 85' lang='grc' dir='ltr'>τοιαῦτα</span> <span class='ocrx_word' id='word_1_700' title='bbox 3044 3399 3362 3480; x_wconf 86' lang='grc' dir='ltr'>εἰσαγόντων</span> <span class='ocrx_word' id='word_1_701' title='bbox 3412 3407 3517 3462; x_wconf 87' lang='grc' dir='ltr'>τῶν</span> <span class='ocrx_word' id='word_1_702' title='bbox 3546 3434 3599 3473; x_wconf 76' lang='lat'>³⁶</span> 
     </span>
     <span class='ocr_line' id='line_1_91' title="bbox 1943 3484 3522 3569; baseline 0.005 -26"><span class='ocrx_word' id='word_1_703' title='bbox 1943 3484 2118 3544; x_wconf 81' lang='grc' dir='ltr'>ἄλλων</span> <span class='ocrx_word' id='word_1_704' title='bbox 2160 3489 2438 3564; x_wconf 80' lang='grc' dir='ltr'>κωμικῶν,</span> <span class='ocrx_word' id='word_1_705' title='bbox 2491 3488 2968 3569; x_wconf 76' lang='grc' dir='ltr'>(ῥακοφοροῦντας).</span> <span class='ocrx_word' id='word_1_706' title='bbox 3013 3486 3297 3549; x_wconf 84' lang='grc' dir='ltr'>αἰνίττεται</span> <span class='ocrx_word' id='word_1_707' title='bbox 3347 3487 3403 3549; x_wconf 77' lang='grc' dir='ltr'>δὲ</span> <span class='ocrx_word' id='word_1_708' title='bbox 3447 3493 3522 3558; x_wconf 88' lang='grc' dir='ltr'>εἰς</span> 
     </span>
     <span class='ocr_line' id='line_1_92' title="bbox 1944 3571 2202 3633; baseline 0.004 -1"><span class='ocrx_word' id='word_1_709' title='bbox 1944 3571 2202 3633; x_wconf 82' lang='grc' dir='ltr'>Εὔπολιν.</span> 
     </span>
    </p>

    <p class='ocr_par' dir='ltr' id='par_1_30' title="bbox 1944 3660 3614 3819">
     <span class='ocr_line' id='line_1_93' title="bbox 2023 3660 3519 3747; baseline 0.003 -28"><span class='ocrx_word' id='word_1_710' title='bbox 2023 3660 2115 3720; x_wconf 83' lang='grc' dir='ltr'>καὶ</span> <span class='ocrx_word' id='word_1_711' title='bbox 2153 3665 2261 3728; x_wconf 88' lang='grc' dir='ltr'>τοῖς</span> <span class='ocrx_word' id='word_1_712' title='bbox 2301 3660 2531 3744; x_wconf 77' lang='grc' dir='ltr'>φθειρσὶν</span> <span class='ocrx_word' id='word_1_713' title='bbox 2564 3683 2580 3722; x_wconf 86' lang='lat'>:</span> <span class='ocrx_word' id='word_1_714' title='bbox 2625 3662 2767 3723; x_wconf 60' lang='grc' dir='ltr'>,Ἀντὶ</span> <span class='ocrx_word' id='word_1_715' title='bbox 2807 3668 2899 3724; x_wconf 86' lang='grc' dir='ltr'>τοῦ</span> <span class='ocrx_word' id='word_1_716' title='bbox 2944 3666 3169 3733; x_wconf 83' lang='grc' dir='ltr'>εὐτελεῖς</span> <span class='ocrx_word' id='word_1_717' title='bbox 3210 3664 3401 3747; x_wconf 82' lang='grc' dir='ltr'>ἄνδρας</span> <span class='ocrx_word' id='word_1_718' title='bbox 3427 3666 3519 3727; x_wconf 81' lang='grc' dir='ltr'>καὶ</span> 
     </span>
     <span class='ocr_line' id='line_1_94' title="bbox 1944 3748 3614 3819; baseline 0.007 -12"><span class='ocrx_word' id='word_1_719' title='bbox 1944 3748 2172 3819; x_wconf 75' lang='grc' dir='ltr'>ἀδόξους.</span> <span class='ocrx_word' id='word_1_720' title='bbox 3608 3759 3614 3764; x_wconf 69' lang='grc'><strong>’</strong></span> 
     </span>
    </p>

    <p class='ocr_par' dir='ltr' id='par_1_31' title="bbox 1940 3836 3621 4890">
     <span class='ocr_line' id='line_1_95' title="bbox 2021 3836 3597 3920; baseline 0.004 -23"><span class='ocrx_word' id='word_1_721' title='bbox 2021 3856 2120 3898; x_wconf 74' lang='grc'>741.</span> <span class='ocrx_word' id='word_1_722' title='bbox 2164 3837 2282 3904; x_wconf 80' lang='grc' dir='ltr'>τούς</span> <span class='ocrx_word' id='word_1_723' title='bbox 2303 3837 2349 3897; x_wconf 89' lang='grc' dir='ltr'>θ’</span> <span class='ocrx_word' id='word_1_724' title='bbox 2372 3836 2670 3920; x_wconf 75' lang='grc' dir='ltr'>Ἡρακλέας</span> <span class='ocrx_word' id='word_1_725' title='bbox 2696 3859 2713 3900; x_wconf 89' lang='lat'><strong>:</strong></span> <span class='ocrx_word' id='word_1_726' title='bbox 2744 3839 3000 3918; x_wconf 88' lang='grc' dir='ltr'>(Μάττειν</span> <span class='ocrx_word' id='word_1_727' title='bbox 3025 3838 3087 3899; x_wconf 81' lang='grc' dir='ltr'>τὸ</span> <span class='ocrx_word' id='word_1_728' title='bbox 3108 3838 3283 3900; x_wconf 79' lang='grc' dir='ltr'>πολλὰ</span> <span class='ocrx_word' id='word_1_729' title='bbox 3305 3841 3511 3902; x_wconf 83' lang='grc' dir='ltr'>ἐσθίειν.</span> <span class='ocrx_word' id='word_1_730' title='bbox 3540 3872 3597 3911; x_wconf 71' lang='lat'>⁴0</span> 
     </span>
     <span class='ocr_line' id='line_1_96' title="bbox 1946 3923 3511 4004; baseline 0.003 -21"><span class='ocrx_word' id='word_1_731' title='bbox 1946 3923 2049 3983; x_wconf 82' lang='grc' dir='ltr'>ἀπὸ</span> <span class='ocrx_word' id='word_1_732' title='bbox 2074 3928 2169 3996; x_wconf 84' lang='grc' dir='ltr'>τῆς</span> <span class='ocrx_word' id='word_1_733' title='bbox 2197 3926 2530 4003; x_wconf 82' lang='grc' dir='ltr'>ματτομένης</span> <span class='ocrx_word' id='word_1_734' title='bbox 2565 3926 2753 4004; x_wconf 81' lang='grc' dir='ltr'>ζύμης.</span> <span class='ocrx_word' id='word_1_735' title='bbox 2796 3926 3082 3987; x_wconf 85' lang='grc' dir='ltr'>αἰνίττεται</span> <span class='ocrx_word' id='word_1_736' title='bbox 3117 3925 3174 3986; x_wconf 82' lang='grc' dir='ltr'>δὲ</span> <span class='ocrx_word' id='word_1_737' title='bbox 3212 3933 3387 3988; x_wconf 88' lang='grc' dir='ltr'>ταῦτα</span> <span class='ocrx_word' id='word_1_738' title='bbox 3437 3930 3511 3995; x_wconf 90' lang='grc' dir='ltr'>εἰς</span> 
     </span>
     <span class='ocr_line' id='line_1_97' title="bbox 1944 4010 3511 4095; baseline 0.001 -22"><span class='ocrx_word' id='word_1_739' title='bbox 1944 4010 2197 4086; x_wconf 83' lang='grc' dir='ltr'>Εὔπολιν,</span> <span class='ocrx_word' id='word_1_740' title='bbox 2221 4012 2275 4080; x_wconf 84' lang='grc' dir='ltr'>ὃς</span> <span class='ocrx_word' id='word_1_741' title='bbox 2293 4013 2535 4087; x_wconf 84' lang='grc' dir='ltr'>ἐποίησεν</span> <span class='ocrx_word' id='word_1_742' title='bbox 2562 4012 2834 4095; x_wconf 79' lang='grc' dir='ltr'>Ἡρακλέα</span> <span class='ocrx_word' id='word_1_743' title='bbox 2851 4019 3114 4075; x_wconf 86' lang='grc' dir='ltr'>πεινῶντα</span> <span class='ocrx_word' id='word_1_744' title='bbox 3142 4014 3235 4074; x_wconf 80' lang='grc' dir='ltr'>καὶ</span> <span class='ocrx_word' id='word_1_745' title='bbox 3257 4014 3511 4076; x_wconf 89' lang='grc' dir='ltr'>Διόνυσον</span> 
     </span>
     <span class='ocr_line' id='line_1_98' title="bbox 1942 4099 3517 4181; baseline 0.003 -22"><span class='ocrx_word' id='word_1_746' title='bbox 1942 4099 2110 4160; x_wconf 83' lang='grc' dir='ltr'>δειλὸν</span> <span class='ocrx_word' id='word_1_747' title='bbox 2149 4099 2242 4160; x_wconf 82' lang='grc' dir='ltr'>καὶ</span> <span class='ocrx_word' id='word_1_748' title='bbox 2269 4100 2373 4160; x_wconf 87' lang='grc' dir='ltr'>Δία</span> <span class='ocrx_word' id='word_1_749' title='bbox 2416 4100 2604 4181; x_wconf 75' lang='grc' dir='ltr'>μοιχὸν</span> <span class='ocrx_word' id='word_1_750' title='bbox 2643 4103 2736 4161; x_wconf 77' lang='grc' dir='ltr'>καὶ</span> <span class='ocrx_word' id='word_1_751' title='bbox 2780 4104 2962 4162; x_wconf 88' lang='grc' dir='ltr'>δοῦλον</span> <span class='ocrx_word' id='word_1_752' title='bbox 2992 4103 3264 4163; x_wconf 89' lang='grc' dir='ltr'>κλαίοντα.</span> <span class='ocrx_word' id='word_1_753' title='bbox 3299 4102 3433 4171; x_wconf 83' lang='grc' dir='ltr'>τινὲς</span> <span class='ocrx_word' id='word_1_754' title='bbox 3458 4103 3517 4164; x_wconf 77' lang='grc' dir='ltr'>δέ</span> 
     </span>
     <span class='ocr_line' id='line_1_99' title="bbox 1942 4188 3512 4270; baseline 0.002 -23"><span class='ocrx_word' id='word_1_755' title='bbox 1942 4211 2099 4270; x_wconf 84' lang='grc' dir='ltr'>φασιν</span> <span class='ocrx_word' id='word_1_756' title='bbox 2125 4191 2197 4255; x_wconf 84' lang='grc' dir='ltr'>εἰς</span> <span class='ocrx_word' id='word_1_757' title='bbox 2236 4191 2498 4268; x_wconf 84' lang='grc' dir='ltr'>Κρατῖνον</span> <span class='ocrx_word' id='word_1_758' title='bbox 2529 4188 2878 4265; x_wconf 84' lang='grc' dir='ltr'>αἰνίττεσθαι,</span> <span class='ocrx_word' id='word_1_759' title='bbox 2903 4194 2973 4259; x_wconf 81' lang='grc' dir='ltr'>ὡς</span> <span class='ocrx_word' id='word_1_760' title='bbox 3011 4195 3231 4251; x_wconf 88' lang='grc' dir='ltr'>τοιαῦτα</span> <span class='ocrx_word' id='word_1_761' title='bbox 3257 4198 3512 4253; x_wconf 82' lang='grc' dir='ltr'>ποιοῦντα</span> 
     </span>
     <span class='ocr_line' id='line_1_100' title="bbox 1941 4275 3596 4358; baseline 0.006 -23"><span class='ocrx_word' id='word_1_762' title='bbox 1941 4275 2209 4358; x_wconf 83' lang='grc' dir='ltr'>δράματα.</span> <span class='ocrx_word' id='word_1_763' title='bbox 2245 4276 2544 4337; x_wconf 83' lang='grc' dir='ltr'>ἐπεπόλασε</span> <span class='ocrx_word' id='word_1_764' title='bbox 2567 4277 2623 4337; x_wconf 78' lang='grc' dir='ltr'>δὲ</span> <span class='ocrx_word' id='word_1_765' title='bbox 2654 4284 2826 4338; x_wconf 89' lang='grc' dir='ltr'>ταῦτα</span> <span class='ocrx_word' id='word_1_766' title='bbox 2860 4278 2980 4338; x_wconf 87' lang='grc' dir='ltr'>τότε</span> <span class='ocrx_word' id='word_1_767' title='bbox 3013 4279 3084 4339; x_wconf 79' lang='grc' dir='ltr'>τὰ</span> <span class='ocrx_word' id='word_1_768' title='bbox 3109 4278 3390 4358; x_wconf 88' lang='grc' dir='ltr'>λήμματα.</span> <span class='ocrx_word' id='word_1_769' title='bbox 3422 4280 3514 4341; x_wconf 71' lang='grc' dir='ltr'>καὶ</span> <span class='ocrx_word' id='word_1_770' title='bbox 3542 4306 3596 4347; x_wconf 66' lang='grc' dir='ltr'>σε</span> 
     </span>
     <span class='ocr_line' id='line_1_101' title="bbox 1942 4363 3515 4450; baseline 0.003 -28"><span class='ocrx_word' id='word_1_771' title='bbox 1942 4363 2093 4432; x_wconf 86' lang='grc' dir='ltr'>αὐτὸς</span> <span class='ocrx_word' id='word_1_772' title='bbox 2112 4364 2167 4423; x_wconf 85' lang='grc' dir='ltr'>δὲ</span> <span class='ocrx_word' id='word_1_773' title='bbox 2186 4369 2215 4423; x_wconf 91' lang='lat'><em>6</em></span> <span class='ocrx_word' id='word_1_774' title='bbox 2229 4364 2604 4447; x_wconf 81' lang='grc' dir='ltr'>Ἀριστοφάνης</span> <span class='ocrx_word' id='word_1_775' title='bbox 2625 4369 2697 4434; x_wconf 79' lang='grc' dir='ltr'>ὡς</span> <span class='ocrx_word' id='word_1_776' title='bbox 2715 4365 3110 4448; x_wconf 87' lang='grc' dir='ltr'>γαστρίμαργον</span> <span class='ocrx_word' id='word_1_777' title='bbox 3129 4366 3218 4426; x_wconf 75' lang='grc' dir='ltr'>τὸν</span> <span class='ocrx_word' id='word_1_778' title='bbox 3240 4366 3515 4450; x_wconf 67' lang='grc' dir='ltr'>Ἡρακλέα</span> 
     </span>
     <span class='ocr_line' id='line_1_102' title="bbox 1940 4450 3621 4535; baseline 0.004 -24"><span class='ocrx_word' id='word_1_779' title='bbox 1940 4453 2187 4534; x_wconf 83' lang='grc' dir='ltr'>κωμῳδεῖ</span> <span class='ocrx_word' id='word_1_780' title='bbox 2227 4451 2317 4511; x_wconf 78' lang='grc' dir='ltr'>καὶ</span> <span class='ocrx_word' id='word_1_781' title='bbox 2354 4456 2407 4512; x_wconf 89' lang='grc' dir='ltr'>ἐν</span> <span class='ocrx_word' id='word_1_782' title='bbox 2442 4450 2653 4535; x_wconf 88' lang='grc' dir='ltr'>Ὄρνισι</span> <span class='ocrx_word' id='word_1_783' title='bbox 2693 4453 2787 4514; x_wconf 81' lang='grc' dir='ltr'>καὶ</span> <span class='ocrx_word' id='word_1_784' title='bbox 2823 4457 2879 4513; x_wconf 69' lang='grc' dir='ltr'>ἐν</span> <span class='ocrx_word' id='word_1_785' title='bbox 2929 4454 3295 4518; x_wconf 87' lang='grc' dir='ltr'>Αἰολοσίκωνι.</span> <span class='ocrx_word' id='word_1_786' title='bbox 3324 4455 3419 4516; x_wconf 69' lang='grc' dir='ltr'>καὶ</span> <span class='ocrx_word' id='word_1_787' title='bbox 3459 4459 3514 4516; x_wconf 78' lang='grc' dir='ltr'>ἐν</span> <span class='ocrx_word' id='word_1_788' title='bbox 3618 4491 3621 4492; x_wconf 41' lang='grc'>’</span> 
     </span>
     <span class='ocr_line' id='line_1_103' title="bbox 1941 4537 3515 4625; baseline 0.004 -27"><span class='ocrx_word' id='word_1_789' title='bbox 1941 4546 2048 4605; x_wconf 85' lang='grc' dir='ltr'>τοῖς</span> <span class='ocrx_word' id='word_1_790' title='bbox 2079 4537 2251 4620; x_wconf 85' lang='grc' dir='ltr'>Σφηξὶ</span> <span class='ocrx_word' id='word_1_791' title='bbox 2284 4540 2385 4620; x_wconf 79' lang='grc' dir='ltr'>[συ]</span> <span class='ocrx_word' id='word_1_792' title='bbox 2421 4539 2544 4620; x_wconf 87' lang='grc' dir='ltr'>περὶ</span> <span class='ocrx_word' id='word_1_793' title='bbox 2571 4539 2766 4601; x_wconf 81' lang='grc' dir='ltr'>τούτων</span> <span class='ocrx_word' id='word_1_794' title='bbox 2803 4541 2960 4623; x_wconf 77' lang='grc' dir='ltr'>φησὶ,</span> <span class='ocrx_word' id='word_1_795' title='bbox 2982 4548 3078 4602; x_wconf 87' lang='grc' dir='ltr'>τοῦ</span> <span class='ocrx_word' id='word_1_796' title='bbox 3099 4566 3158 4603; x_wconf 86' lang='grc' dir='ltr'>τε</span> <span class='ocrx_word' id='word_1_797' title='bbox 3188 4542 3515 4625; x_wconf 78' lang='grc' dir='ltr'>Ἡρακλέους</span> 
     </span>
     <span class='ocr_line' id='line_1_104' title="bbox 1940 4626 3514 4714; baseline 0.003 -27"><span class='ocrx_word' id='word_1_798' title='bbox 1940 4626 2033 4687; x_wconf 80' lang='grc' dir='ltr'>καὶ</span> <span class='ocrx_word' id='word_1_799' title='bbox 2059 4633 2151 4686; x_wconf 88' lang='grc' dir='ltr'>τοῦ</span> <span class='ocrx_word' id='word_1_800' title='bbox 2173 4627 2379 4689; x_wconf 86' lang='grc' dir='ltr'>δούλου.</span> <span class='ocrx_word' id='word_1_801' title='bbox 2408 4628 2705 4698; x_wconf 82' lang='grc' dir='ltr'>ἐπεπόλαζε</span> <span class='ocrx_word' id='word_1_802' title='bbox 2726 4627 2829 4710; x_wconf 72' lang='grc' dir='ltr'>γὰρ</span> <span class='ocrx_word' id='word_1_803' title='bbox 2856 4629 2975 4689; x_wconf 86' lang='grc' dir='ltr'>τότε</span> <span class='ocrx_word' id='word_1_804' title='bbox 3001 4636 3173 4692; x_wconf 89' lang='grc' dir='ltr'>ταῦτα</span> <span class='ocrx_word' id='word_1_805' title='bbox 3189 4677 3208 4709; x_wconf 98' lang='grc'>,</span> <span class='ocrx_word' id='word_1_806' title='bbox 3239 4632 3514 4714; x_wconf 82' lang='grc' dir='ltr'>Ἡρακλῆς</span> 
     </span>
     <span class='ocr_line' id='line_1_105' title="bbox 1942 4714 3591 4799; baseline 0.004 -25"><span class='ocrx_word' id='word_1_807' title='bbox 1942 4720 2134 4774; x_wconf 88' lang='grc' dir='ltr'>πεινῶν</span> <span class='ocrx_word' id='word_1_808' title='bbox 2174 4715 2268 4776; x_wconf 77' lang='grc' dir='ltr'>καὶ</span> <span class='ocrx_word' id='word_1_809' title='bbox 2308 4714 2556 4785; x_wconf 88' lang='grc' dir='ltr'>Διόνυσος</span> <span class='ocrx_word' id='word_1_810' title='bbox 2597 4716 2763 4784; x_wconf 85' lang='grc' dir='ltr'>δειλὸς</span> <span class='ocrx_word' id='word_1_811' title='bbox 2800 4716 2892 4777; x_wconf 78' lang='grc' dir='ltr'>καὶ</span> <span class='ocrx_word' id='word_1_812' title='bbox 2939 4717 3125 4798; x_wconf 80' lang='grc' dir='ltr'>μοιχὸς</span> <span class='ocrx_word' id='word_1_813' title='bbox 3166 4719 3344 4799; x_wconf 80' lang='grc' dir='ltr'>Ζεὺς,)</span> <span class='ocrx_word' id='word_1_814' title='bbox 3375 4718 3514 4781; x_wconf 78' lang='grc' dir='ltr'>ὥστε</span> <span class='ocrx_word' id='word_1_815' title='bbox 3540 4746 3591 4788; x_wconf 75' lang='grc' dir='ltr'>ω</span> 
     </span>
     <span class='ocr_line' id='line_1_106' title="bbox 1942 4803 3513 4890; baseline 0.004 -27"><span class='ocrx_word' id='word_1_816' title='bbox 1942 4803 2035 4863; x_wconf 81' lang='grc' dir='ltr'>καὶ</span> <span class='ocrx_word' id='word_1_817' title='bbox 2062 4803 2249 4872; x_wconf 80' lang='grc' dir='ltr'>αὐτοὺς</span> <span class='ocrx_word' id='word_1_818' title='bbox 2276 4805 2484 4884; x_wconf 82' lang='grc' dir='ltr'>(δοκεῖν)</span> <span class='ocrx_word' id='word_1_819' title='bbox 2511 4805 2784 4885; x_wconf 83' lang='grc' dir='ltr'>ἄχθεσθαι.</span> <span class='ocrx_word' id='word_1_820' title='bbox 2815 4807 3074 4887; x_wconf 84' lang='grc' dir='ltr'>Κρατῖνος</span> <span class='ocrx_word' id='word_1_821' title='bbox 3095 4834 3118 4860; x_wconf 69' lang='grc' dir='ltr'>ι</span> <span class='ocrx_word' id='word_1_822' title='bbox 3147 4806 3250 4867; x_wconf 73' lang='grc' dir='ltr'>ὑπὸ</span> <span class='ocrx_word' id='word_1_823' title='bbox 3272 4807 3316 4867; x_wconf 88' lang='grc' dir='ltr'>δ’</span> <span class='ocrx_word' id='word_1_824' title='bbox 3342 4807 3513 4890; x_wconf 83' lang='grc' dir='ltr'>Ἤρα-</span> 
     </span>
    </p>

    <p class='ocr_par' dir='ltr' id='par_1_32' title="bbox 1943 4892 3513 4972">
     <span class='ocr_line' id='line_1_107' title="bbox 1943 4892 3513 4972; baseline 0.008 -25"><span class='ocrx_word' id='word_1_825' title='bbox 1943 4918 1969 4945; x_wconf 64' lang='lat' dir='ltr'>a</span> <span class='ocrx_word' id='word_1_826' title='bbox 1996 4892 2178 4960; x_wconf 82' lang='grc' dir='ltr'>κλέους</span> <span class='ocrx_word' id='word_1_827' title='bbox 2220 4896 2500 4960; x_wconf 89' lang='grc' dir='ltr'>πεινῶντος</span> <span class='ocrx_word' id='word_1_828' title='bbox 2553 4892 2671 4972; x_wconf 79' lang='grc' dir='ltr'>ἄγει</span> <span class='ocrx_word' id='word_1_829' title='bbox 2714 4893 2807 4953; x_wconf 79' lang='grc' dir='ltr'>καὶ</span> <span class='ocrx_word' id='word_1_830' title='bbox 2852 4892 3181 4963; x_wconf 79' lang='grc' dir='ltr'>σκώπτοντες</span> <span class='ocrx_word' id='word_1_831' title='bbox 3225 4901 3398 4957; x_wconf 88' lang='grc' dir='ltr'>ταῦτα</span> <span class='ocrx_word' id='word_1_832' title='bbox 3452 4901 3513 4959; x_wconf 83' lang='grc' dir='ltr'>οὐ</span> 
     </span>
    </p>
   </div>
   <div class='ocr_carea' id='block_1_13' title="bbox 1945 4980 3513 5068">
    <p class='ocr_par' dir='ltr' id='par_1_33' title="bbox 1945 4980 3513 5068">
     <span class='ocr_line' id='line_1_108' title="bbox 1945 4980 3513 5068; baseline 0.007 -34"><span class='ocrx_word' id='word_1_833' title='bbox 1945 5008 1971 5034; x_wconf 77' lang='grc' dir='ltr'>ιι</span> <span class='ocrx_word' id='word_1_834' title='bbox 2003 4980 2220 5060; x_wconf 88' lang='grc' dir='ltr'>βοιωτόν</span> <span class='ocrx_word' id='word_1_835' title='bbox 2240 4984 2372 5042; x_wconf 81' lang='grc' dir='ltr'>ἐστι.</span> <span class='ocrx_word' id='word_1_836' title='bbox 2399 5008 2424 5036; x_wconf 72' lang='grc' dir='ltr'>υ</span> <span class='ocrx_word' id='word_1_837' title='bbox 2449 4980 2572 5063; x_wconf 80' lang='grc' dir='ltr'>περὶ</span> <span class='ocrx_word' id='word_1_838' title='bbox 2592 4980 2648 5041; x_wconf 79' lang='grc' dir='ltr'>δὲ</span> <span class='ocrx_word' id='word_1_839' title='bbox 2674 4984 2780 5041; x_wconf 88' lang='grc' dir='ltr'>τῶν</span> <span class='ocrx_word' id='word_1_840' title='bbox 2804 4980 3001 5043; x_wconf 80' lang='grc' dir='ltr'>δούλων</span> <span class='ocrx_word' id='word_1_841' title='bbox 3021 4983 3114 5044; x_wconf 78' lang='grc' dir='ltr'>καὶ</span> <span class='ocrx_word' id='word_1_842' title='bbox 3137 4986 3191 5045; x_wconf 82' lang='grc' dir='ltr'>ἐν</span> <span class='ocrx_word' id='word_1_843' title='bbox 3215 4984 3513 5068; x_wconf 86' lang='grc' dir='ltr'>Βατράχοις</span> 
     </span>
    </p>
   </div>
   <div class='ocr_carea' id='block_1_14' title="bbox 1943 5067 3297 5222">
    <p class='ocr_par' dir='ltr' id='par_1_34' title="bbox 1943 5067 3297 5222">
     <span class='ocr_line' id='line_1_109' title="bbox 1943 5067 3086 5150; baseline 0.002 -24"><span class='ocrx_word' id='word_1_844' title='bbox 1943 5067 2118 5150; x_wconf 88' lang='grc' dir='ltr'>φησίν.</span> <span class='ocrx_word' id='word_1_845' title='bbox 3082 5099 3086 5103; x_wconf 94' lang='grc'><strong><em>·</em></strong></span> 
     </span>
     <span class='ocr_line' id='line_1_110' title="bbox 2590 5183 3297 5222; baseline 0.003 -2"><span class='ocrx_word' id='word_1_846' title='bbox 2590 5189 2595 5194; x_wconf 70' lang='grc'><strong><em>’</em></strong></span> <span class='ocrx_word' id='word_1_847' title='bbox 3251 5183 3297 5222; x_wconf 70' lang='grc' dir='ltr'>ιε</span> 
     </span>
    </p>
   </div>
  </div>
 </body>
</html>
