3859 5725
433 283 551 339 6⁹2

513 402 628 478 923
659 398 834 458 habet
868 399 1073 458 Suidas
1101 399 1161 457 iu
1189 398 1466 480 Διατριὸή.
1491 444 1549 453 -
1574 404 1611 458 6
1639 401 1729 480 ἀφ’
1763 394 1826 474 ἧς
1863 401 1961 479 μί-

431 510 590 566 μημα
609 486 730 569 περὶ
754 488 824 548 Θ.
843 521 908 535 -
931 507 963 560 7
982 485 1051 544 τὰ
1071 484 1313 567 πρόὸατα
1335 491 1405 546 R.
1424 528 1498 539 -
1522 488 1558 545 8
1581 486 1961 561 ἐπιτηδειότης.

428 576 728 634 Glossator
766 572 1037 655 διατριὸὴν
1078 574 1397 647 intellexit,
1440 587 1504 632 ut
1543 575 1793 649 videtur,
1821 577 1960 635 ido-

426 681 592 720 neam
633 663 835 741 agendi
877 662 1240 734 facultatem,
1273 683 1381 721 usu
1410 682 1603 721 rerum
1626 663 1883 722 civilium
1904 679 1962 723 et

426 750 704 808 exercitio
728 750 1070 827 quotidiano
1098 749 1377 808 firmatam
1402 769 1625 828 :neque
1652 752 1809 810 enim
1838 772 1962 810 me—

391 882 394 885 ,
426 837 571 895 mini
596 835 1024 908 ἐπιτηδειότητα,
1061 856 1135 894 ne
1168 856 1240 894 ex
1268 857 1428 897 more
1456 838 1692 916 quidem
1725 841 1962 897 Graeciae

423 924 690 996 serioris,
718 925 948 996 vocari,
980 943 1107 1000 quae
1142 924 1434 983 veteribus
1470 938 1593 983 erat
1635 924 1962 997 ἐπιτήδευσις

422 1012 511 1069 vel
538 1010 881 1087 ἐπιτήδευμα.
906 1013 1131 1068 nnus-r.

500 1107 637 1175 924,
662 1118 701 1174 9
718 1094 980 1155 παύσαιτο
998 1097 1073 1156 Θ.
1104 1096 1429 1156 ἀναπαύσοιο
1460 1097 1589 1156 Ald.
1612 1095 1847 1156 παύσαιο
1869 1100 1959 1158 le-

420 1185 502 1264 git
521 1185 692 1243 etiam
713 1182 914 1241 Suidas
928 1228 946 1257 ,
963 1183 1065 1260 qui
1090 1187 1412 1263 μεταμαθεῖν
1433 1185 1670 1261 exponit
1693 1189 1962 1264 μεταγνῶ-

420 1293 536 1342 ναι,
557 1271 876 1329 παύσασθαι.
901 1308 967 1322 -
993 1291 1059 1330 11
1087 1270 1345 1352 ἀφέμενον
1366 1276 1435 1331 lt.
1452 1272 1745 1332 etSuidas.
1766 1275 1957 1333 Ceteri

420 1356 724 1439 ἀφιεμένου.

444 1445 615 1522 -925
649 1445 762 1503 hoc
785 1445 989 1503 ordine
1030 1446 1090 1503 in
1115 1450 1187 1505 V.
1198 1443 1459 1527 ,Σίλφιον
1498 1445 1779 1524 βοτάνη-
1805 1446 1958 1507 'Ak-

421 1525 707 1613 ξανδρίδης.
718 1530 934 1597 Ἄλλως.
957 1529 1123 1598 Baro<
1144 1530 1390 1612 Κυρήνην
1409 1570 1473 1585 -
1491 1532 1809 1612 δεχομένων.
1830 1533 1953 1595 Ἄλ-

421 1623 539 1685 λως.
562 1617 825 1696 παροιμία
869 1618 958 1678 ἐπὶ
997 1621 1103 1678 τῶν
1152 1619 1408 1679 σπανίων.
1444 1619 1609 1688 Rei-roc
1648 1614 1713 1696 ἦν
1745 1645 1823 1689 τις
1848 1626 1956 1681 τῶν

434 1704 629 1766 λιὸὔων
656 1703 915 1785 βασιλεύς.
935 1704 1116 1784 γίγονε
1142 1708 1198 1766 δὲ
1220 1708 1421 1789 σφόδρα
1445 1708 1661 1775 δίκαιος.
1697 1709 1782 1767 διὰ
1803 1714 1957 1770 τοῦτο

416 1793 520 1856 δπὸ
544 1796 650 1853 τῶν
671 1791 919 1866 ὖπηκόων
956 1792 1197 1872 (excidit
1234 1792 1472 1873 μεγάλως
1513 1798 1730 1874 ἐτιμᾶτο
1756 1798 1845 1856 vel
1873 1798 1956 1855 si-

422 1880 555 1941 mile
577 1880 760 1961 qnid).
784 1882 911 1963 παρ’
931 1884 1106 1949 αὗτοῖς
1143 1879 1200 1940 δὲ
1221 1880 1282 1940 τὸ
1304 1881 1508 1964 σίλφιον
1527 1889 1679 1942 τοῦτο
1701 1885 1953 1963 λαχανιῗι-

421 1972 501 2037 δες
524 1969 701 2051 φυτόν.
744 1968 956 2030 ἐδόκουν
990 1967 1045 2029 δὲ
1073 1969 1281 2052 σπανίῳ
1305 1973 1448 2051 αὐτῷ
1490 1969 1602 2029 ὄντι
1643 1970 1773 2041 τέως
1811 1975 1955 2052 αὐτῷ

416 2057 1157 2227 ᾌΞῗῗὲζῐξὶῖξέῗῖ“
1183 2058 1955 2213 :⁶3‘330‘3521ff55195

426 2274 478 2285 -
509 2237 579 2292 ιδ
607 2233 669 2293 τὸ
708 2254 825 2293 om.
871 2238 942 2293 V.
982 2272 1046 2283 —
1103 2255 1193 2311 ¹9·
1238 2235 1475 2293 Nummi
1518 2239 1955 2312 Cyrenaeorum,

416 2324 567 2383 Batti
598 2322 787 2400 effigie
812 2322 1054 2399 signati,
1073 2323 1266 2380 adhuc
1287 2322 1459 2382 hodie
1480 2323 1543 2381 in
1571 2324 1956 2402 nummophy-

419 2410 575 2468 laciis
595 2408 985 2486 reperiuntur.
1012 2413 1193 2467 Kusr.
1215 2408 1369 2482 αὐτὸ,
1392 2429 1469 2468 20
1492 2409 1734 2489 βασιλεία
1752 2414 1826 2475 V.
1851 2414 1954 2489 βα-

418 2492 569 2554 σιλέα
597 2499 687 2568 lt„
715 2495 816 2571 qui
832 2493 1042 2552 deinde
1059 2493 1285 2577 σίλφιον.
1304 2495 1416 2554 ἔστι
1438 2495 1495 2556 δὲ
1515 2497 1711 2575 βοτάνη
1736 2499 1956 2557 πολυτί-

421 2599 597 2655 μητος.
630 2619 692 2632 -
715 2601 785 2640 21
814 2586 880 2662 τῇ
909 2594 969 2640 et
1003 2602 1077 2639 22
1118 2582 1210 2642 καὶ
1247 2604 1363 2644 om.
1393 2590 1463 2643 V.
1490 2623 1556 2636 -
1583 2596 1657 2655 ²4
1679 2589 1709 2644 ὁ
1739 2586 1832 2645 καὶ
1868 2591 1952 2661 V„

425 2670 625 2730 Suidas
648 2692 691 2730 s.
722 2672 963 2753 Σίλφιον,
988 2671 1294 2731 scholiasta
1315 2674 1546 2732 Pindari
1567 2676 1732 2752 Pyth.
1755 2683 1815 2743 1.,
1860 2696 1883 2733 ι
1898 2678 1952 2748 5,

424 2760 751 2836 Apostolius
789 2780 837 2818 s.
887 2758 1095 2819 Βάττου
1128 2758 1348 2842 σίλφιον.
1381 2764 1452 2829 ὡς
1481 2761 1571 2820 καὶ
1601 2770 1671 2822 G.
1716 2765 1787 2830 ὡς
1823 2765 1951 2824 Ald.

426 2888 478 2898 -
510 2848 585 2907 25
612 2846 766 2908 πόλιν
797 2847 1056 2907 additum
1088 2868 1159 2906 ex
1189 2853 1289 2923 V„
1324 2851 1425 2929 qui
1450 2851 1524 2909 26
1564 2851 1701 2911 κατὰ
1729 2850 1819 2911 τὸν
1848 2874 1955 2933 per

419 2957 673 2997 errorem
714 2958 790 2996 ex
839 2935 1316 2995 antecedentibus
1366 2939 1607 3017 repetita
1654 2959 1762 3017 pro
1805 2939 1953 3021 παρὰ

421 3025 599 3102 pouit.
630 3027 708 3106 τῷ
736 3022 1028 3084 Ἀπόλλωνι
1052 3024 1127 3084 Θ.
1154 3023 1287 3083 ΛΜ.
1317 3062 1381 3075 -—
1413 3029 1488 3084 28
1520 3025 1816 3103 βασιλείας,
1860 3048 1956 3086 su-

419 3109 1089 3259 ssssffspuffifffffssj
1100 3154 1117 3272 ζ
1131 3116 1229 3266 Ἐξ
1255 3114 1951 3266 35223233’125551‘033‘3

427 3324 479 3336 -
506 3291 573 3347 31
601 3287 792 3354 καυλὸς
815 3292 1136 3347 Pearsonus
1159 3287 1314 3365 apud
1334 3292 1568 3346 Kuster.
1598 3290 1669 3348 ad
1694 3290 1952 3349 suidam.

422 3373 745 3452 Legebatur
773 3374 977 3442 κλάδος.
1003 3376 1167 3435 Conf.
1202 3375 1377 3435 schol.
1407 3377 1601 3452 Equit.
1626 3379 1757 3453 890.
1792 3379 1953 3437 αὐτοῦ

422 3460 837 3542 προσφερόμενον
852 3466 1012 3541 τιμῆς
1034 3464 1107 3523 Θ.
1135 3501 1197 3513 -
1224 3464 1297 3520 32
1317 3461 1692 3539 Ἆμπελιιῗνται.
1717 3464 1812 3524 ΔΙ)
1833 3465 1954 3542 Ἀμ-

423 3545 593 3628 πέλῳ,
622 3551 954 3625 Cyrenaicae
985 3550 1393 3627 promontorio
1422 3562 1478 3608 et
1511 3550 1685 3622 urbe,
1715 3553 1956 3628 Stepha-

422 3658 527 3697 nus
555 3636 874 3715 Ἀμπελίτην
916 3637 1097 3694 finxit.
1139 3644 1203 3696 L.
1240 3636 1570 3696 Holstenius
1606 3640 1762 3716 apud
1795 3640 1952 3703 Suid.

420 3749 491 3784 v.·
531 3724 750 3804 Σίλφιον
804 3723 1162 3801 Ἀμπελιένται
1214 3725 1326 3801 legi
1388 3744 1627 3783 mouens
1672 3727 1903 3787 addidit
1938 3752 1952 3787 :

418 3817 568 3891 quod
582 3813 836 3888 fhnasse
875 3814 1006 3869 hinc
1043 3810 1459 3885 reformandum
1501 3813 1955 3891 scribendumque

418 3900 744 3979 Ἀμπελῖται.
794 3898 1045 3958 Eandem
1095 3898 1267 3957 fuisse
1312 3899 1571 3957 salmasii
1616 3901 1952 3977 opinionem

415 4005 578 4072 patet
605 4011 677 4050 ex
701 3991 847 4050 Plin.
878 3994 1084 4049 Exere.
1115 4008 1174 4066 p.
1199 3989 1335 4062 265,
1364 3993 1426 4047 Β.
1452 3993 1670 4048 Verum
1692 3990 1954 4048 Berkelio

416 4080 625 4140 lubens
653 4077 865 4137 accedo
885 4122 901 4150 ,
926 4076 1029 4153 qui
1059 4077 1120 4135 in
1148 4075 1466 4153 Ἀμπιλίτης
1493 4089 1557 4134 ut
1586 4077 1827 4136 formam
1855 4080 1956 4135 ΛΕ-

419 4168 735 4246 gyptiaeam
761 4165 1024 4243 agnoscit
1040 4206 1057 4236 ,
1089 4164 1171 4220 sic
1201 4161 1563 4239 Ἀμπελιώτης
1591 4163 1829 4222 minime
1856 4183 1952 4221 re-

421 4253 778 4334 pudiandum
798 4271 925 4310 esse
953 4263 1151 4309 censet
1174 4273 1189 4307 ε
1220 4250 1331 4307 boc
1348 4251 1621 4309 nimirum
1655 4250 1728 4309 ab
1756 4248 1952 4328 Ἀμπέ-

423 4352 563 4418 λιος,
591 4341 733 4401 illud
766 4341 842 4400 ab
872 4335 1134 4418 Ἄμπελος
1174 4339 1412 4398 exsistit.
1445 4340 1734 4398 Berkelius
1760 4352 1952 4398 autem

416 4428 737 4493 scholiastae
760 4429 943 4485 nostri
957 4425 1134 4486 verba
1153 4445 1486 4503 proponens
1504 4426 1739 4484 Suidam
1763 4439 1950 4484 tamen

419 4516 601 4575 solum
642 4516 936 4585 nominat,
971 4514 1128 4592 apud
1160 4534 1330 4591 quem
1365 4514 1428 4571 in
1469 4512 1685 4594 Σίλφιον
1724 4512 1952 4590 legitur,

412 4604 509 4663 καὶ
536 4607 584 4663 οἱ
605 4603 991 4682 Ἆμπελιῶται,
1015 4601 1135 4673 ἔθνη
1154 4601 1381 4674 Λιὸύης·
1402 4603 1464 4660 in
1492 4601 1698 4660 Βάττου
1717 4600 1952 4682 σίλφιον,

418 4694 467 4749 οἱ
493 4690 548 4751 δὲ
566 4691 654 4751 ἐπὶ
680 4689 882 4762 mean<
914 4688 1286 4768 Ἀμπελιὶἶη-αι.
1324 4694 1645 4767 Corruptus
1669 4690 1730 4747 in
1752 4684 1953 4768 Ἄμπε-

418 4781 506 4845 λος
525 4780 797 4857 Hesyehii
814 4780 974 4839 locus
1003 4777 1143 4837 mihi
1163 4777 1397 4836 videtur
1416 4779 1496 4837 ita
1521 4777 1949 4856 expoliendus:

417 4865 478 4927 'A
486 4868 682 4934 μπελος
696 4913 713 4941 ,
732 4872 766 4939 ἡ
789 4865 1006 4947 μηχανή
1023 4886 1038 4901 ·
1059 4863 1150 4925 καὶ
1164 4864 1303 4945 ἄκρα
1317 4863 1574 4937 Μυκάλης
1589 4908 1606 4935 ,
1633 4863 1795 4944 ἤγουν
1811 4863 1949 4946 ὄρος·

420 4953 723 5035 Κυρηναίας
769 4953 825 5013 δὲ
869 4950 1128 5032 αἰγιαλός·
1176 4951 1268 5011 καὶ
1303 4951 1455 5020 πόλις
1491 4949 1744 5034 Θρᾴκης·
1794 4953 1886 5011 καὶ
1912 4957 1948 5025 ἡ

419 5038 671 5117 ἄμπελος.
702 5045 1041 5117 Quanquam
1077 5041 1230 5098 enim
1256 5038 1421 5099 sedes
1448 5041 1904 5118 Ampeliotarum
1922 5078 1940 5101 .

1556 273 2003 335 ΑΒΝΟΤΑΤῘΟ
2044 273 2126 334 ΙΝ
2166 274 2427 337 scfloL.

2049 424 2196 483 quos
2228 423 2466 483 perraro
2495 415 2719 463 veteres
2761 404 3078 483 attingunt,
3108 402 3288 462 certis
3321 400 3622 460 limitum

2049 491 2287 551 definire
2328 512 2446 550 non
2487 493 2827 563 sustineam,
2865 493 3098 550 videtur
3151 508 3362 551 tamen
3409 509 3620 547 eon-un

2049 580 2207 655 regio
2236 580 2335 638 illa
2362 580 2420 637 in
2466 591 2629 655 parte
2663 579 2991 653 Cyrenaicae
3035 579 3210 636 fuisse
3249 576 3410 646 sita,
3440 594 3622 651 quam

2047 665 2342 724 Diodorus
2371 668 2453 724 ait
2488 663 2691 736 πολλὴν
2716 664 2985 742 ἄμπελον,
3014 663 3093 722 ἔτι
3123 665 3169 721 δ’
3198 662 3405 721 ἐλαίαν
3438 660 3621 740 ἔχειν,

2047 767 2104 811 et
2149 773 2268 811 orae
2313 753 2612 811 maritimae
2660 765 2902 810 tractum
2958 753 3208 830 aliquem
3257 770 3622 828 occupasse.

2047 843 2273 898 Hausr.
2317 841 2389 905 εἰς
2415 836 2647 920 Δελφοὺς
2673 852 2732 897 et
2757 841 3055 917 sequentia
3100 859 3219 896 om.
3265 839 3352 897 Θ.
3399 874 3472 884 -
3522 837 3619 893 33.

2048 927 2400 985 Historicum
2435 926 2888 1000 Alexandridem
2941 925 3183 1004 Delphis
3241 922 3618 995 oriundum,

2047 1034 2238 1073 rerum
2272 1016 2591 1093 patriarum
2623 1015 2994 1091 scriptorem,
3026 1027 3083 1072 et
3133 1012 3616 1072 Anaxandriden

2046 1103 2328 1159 comicum
2356 1103 2496 1159 olim
2516 1102 2590 1160 ad
2607 1101 2824 1159 Polluc.
2846 1123 2903 1178 9,
2924 1101 3019 1177 59,
3047 1100 3321 1172 distinxi,
3343 1112 3414 1157 et
3435 1116 3614 1157 suum

2046 1188 2276 1265 utrique
2304 1209 2514 1246 nomen
2548 1188 2848 1246 vindicare
2869 1208 2996 1246 sum
3018 1201 3284 1246 conatus.
3313 1189 3444 1245 nic
3471 1206 3612 1246 sen·

2048 1276 2238 1333 tentiae
2268 1289 2482 1333 nostrae
2512 1281 2794 1334 Kusterus
2823 1276 3069 1353 primum
3095 1275 3428 1333 assentitur
3450 1297 3468 1331 ε
3491 1286 3609 1332 sta-

2046 1362 2148 1420 tim
2170 1382 2398 1421 causam
2422 1362 2691 1420 deserens
2711 1382 2828 1420 non
2847 1362 3088 1419 multum
3109 1380 3172 1419 se
3192 1376 3606 1438 pugnaturum

2044 1470 2166 1509 esse
2185 1451 2505 1529 profitetur,
2540 1450 2590 1507 si
2622 1451 2753 1526 quis
2789 1448 3204 1526 praeferendam
3226 1450 3442 1526 potius
3461 1468 3603 1507 cen-

2044 1537 2224 1594 suerit
2279 1536 2620 1613 opinionem
2671 1537 2952 1594 Meursii.
2936 1554 2953 1569 ·
2988 1535 3038 1593 is
3069 1536 3293 1593 scilicet
3329 1536 3396 1592 in
3453 1534 3595 1593 Bihl.

2044 1627 2227 1681 Graec.
2261 1621 2642 1681 Alexandr-ide
2668 1621 3042 1700 proturbato,
3074 1622 3266 1679 solum
3305 1627 3610 1680 Artaxan—

2043 1710 2224 1768 dridae
2251 1729 2497 1781 nomen,
2526 1722 2796 1787 tanquam
2815 1710 3078 1786 utrisque
3103 1729 3459 1783 commune,
3490 1729 3594 1787 pro

2042 1797 2293 1874 genuino
2322 1752 2542 1854 habuit.
2571 1801 2696 1874 Ego
2713 1796 2858 1854 nihil
2887 1796 3079 1855 adhuc
3095 1795 3442 1873 argumenti
3465 1796 3594 1853 novi

2043 1884 2331 1962 prolatum
2381 1885 2645 1960 reperio,
2690 1881 2845 1960 quod
2891 1884 3190 1960 pristinam
3242 1883 3594 1960 opinionem

2041 1991 2225 2030 meam
2252 1972 2342 2030 vel
2372 1971 2673 2029 minimum
2700 1971 3045 2030 labefactet:
3074 1971 3194 2030 imo
3230 1984 3448 2030 contra
3479 1993 3592 2030 non

2043 2077 2229 2136 pauca
2274 2070 2407 2117 sunt
2446 2058 2523 2116 ad
2557 2077 2822 2129 manum,
2868 2057 3082 2136 quibus
3112 2079 3182 2118 ea
3223 2061 3592 2131 firmissime,

2042 2159 2319 2225 quantum
2345 2147 2405 2204 in
2433 2146 2685 2223 antiquis
2711 2145 2883 2204 rebus
2904 2147 3178 2223 consequi
3205 2147 3378 2219 licet,
3406 2148 3591 2206 stabi-

2043 2234 2136 2293 liri
2161 2235 2358 2313 possit.
2388 2233 2492 2292 Ille
2531 2234 2653 2310 ipse
2697 2246 3014 2311 perpetuus
3049 2235 3173 2291 fere
3207 2233 3588 2295 librariorum

2041 2342 2205 2381 error
2235 2323 2296 2381 in
2313 2319 2645 2380 nominibus
2667 2320 2826 2379 hisce
2856 2321 3252 2399 permutandis
3276 2320 3458 2379 binos
3477 2343 3584 2380 no-

2042 2411 2132 2470 bis
2160 2411 2528 2487 diversosque
2555 2409 2867 2485 scriptores
2896 2408 3135 2467 indicat.
3179 2413 3271 2466 De
3302 2413 3582 2467 Anaxan·

2042 2500 2208 2559 dride
2229 2498 2453 2556 comico
2472 2516 2563 2556 res
2582 2497 2849 2556 facillime
2867 2510 3059 2574 potest
3085 2497 3158 2555 ad
3183 2497 3480 2575 liquidum
3499 2497 3596 2555 de-

2042 2588 2207 2658 duci;
2235 2586 2337 2645 sed
2370 2586 2432 2643 in
2467 2584 2851 2644 Alexandride
2872 2585 3149 2644 historico
3180 2586 3370 2644 fateor
3390 2584 3588 2662 paullo

2038 2674 2470 2752 impeditiorem
2511 2692 2635 2731 esse
2668 2671 3072 2750 probationem
3104 2671 3186 2730 ob
3234 2671 3586 2749 scripturam

2042 2776 2297 2821 veterum
2332 2759 2657 2839 ambiguam
2688 2780 2703 2815 τ
2735 2771 2799 2816 ut
2823 2759 2976 2817 enim
3000 2778 3207 2817 nomen
3233 2759 3352 2817 hoc
3381 2760 3464 2816 ita
3489 2759 3592 2817 de-

2039 2848 2190 2908 derit
2213 2848 2548 2908 scholiastes
2576 2857 2775 2904 noster
2800 2857 2861 2903 et
2890 2845 3186 2907 Plutarch.
3214 2846 3275 2905 in
3303 2844 3586 2924 Lysandr-

2040 2956 2097 3014 p.
2127 2934 2262 3005 343,
2284 2940 2365 3010 Β,
2393 2946 2584 2993 tamen
2602 2934 2661 2992 in
2692 2937 2903 3004 Quaest.
2929 2937 3030 2991 Gr.
3067 2932 3328 3014 ejusdem
3359 2934 3586 2993 Plutar-

2040 3023 2137 3081 chi
2155 3042 2212 3100 Ρ.
2243 3042 2383 3099 292,
2418 3024 2485 3090 F,
2523 3031 2581 3078 et
2605 3020 2786 3079 schol.
2812 3021 3075 3098 Euripid.
3110 3020 3183 3078 ad
3209 3020 3422 3080 Alcest.
3461 3040 3525 3079 v.
3555 3041 3580 3079 ι

2040 3122 2264 3188 prostat
2302 3106 2697 3187 Ἀναξανδρίδης
2725 3111 2755 3166 ὁ
2787 3106 3018 3187 Δελφός·
3063 3127 3370 3166 numerum
3415 3120 3586 3185 auget

2039 3196 2311 3257 Proverb.
2341 3203 2500 3274 App.
2529 3201 2656 3254 Vat.
2684 3200 2751 3254 C.
2779 3216 2831 3268 1,
2865 3196 2901 3253 5
2934 3219 2948 3254 :
2977 3199 3012 3267 ἡ
3037 3193 3243 3277 ἱστορία
3263 3194 3396 3274 παρ’
3427 3194 3576 3253 Ἀνα-

2040 3284 2283 3367 ξανδρίδῃ
2308 3287 2361 3344 ἐν
2402 3283 2587 3363 πρώτῃ
2615 3283 2736 3365 περὶ
2763 3287 2869 3342 τῶν
2894 3281 3222 3355 συληθέντων
3265 3284 3322 3342 ἐν
3356 3283 3587 3362 Δελφοῖς

2040 3370 2390 3449 ἀναθημάτων
2405 3391 2419 3403 ·
2440 3370 2598 3448 quod
2618 3389 2763 3448 opus
2780 3390 2898 3428 non
2918 3368 3076 3427 aliud
3093 3370 3390 3439 existimo,
3407 3388 3582 3445 quam

2039 3459 2224 3537 ipsam
2247 3458 2612 3536 Delphorum
2636 3458 2968 3531 historiam,
3001 3455 3162 3533 cujus
3206 3456 3357 3513 sorte
3385 3457 3584 3533 primo

2040 3548 2331 3609 volumine
2347 3546 2421 3605 de
2445 3545 2701 3604 donariis
2720 3546 2877 3604 furto
2895 3543 3195 3602 subductis
3214 3544 3582 3619 potissimum

2039 3648 2268 3712 egerat3
2295 3634 2604 3694 Schottum
2649 3645 2803 3690 certe
2839 3651 2970 3692 cum
3007 3628 3449 3690 Anaximandro
3480 3650 3586 3688 suo

2041 3722 2297 3796 Milesio,
2332 3739 2502 3799 quem
2546 3721 2753 3796 reponi
2788 3717 3047 3791 volebat,
3079 3716 3226 3774 nihil
3263 3736 3583 3774 moramur.

2038 3809 2274 3869 Sublata
2305 3809 2456 3866 foret
2479 3807 2665 3864 omnis
2690 3806 3025 3882 difficultas,
3051 3805 3098 3863 si
3126 3817 3193 3862 ut
3218 3805 3590 3862 Anaxandri-

2041 3898 2129 3955 dae
2148 3898 2354 3955 comici
2376 3892 2576 3951 Suidas
2593 3937 2609 3965 ,
2633 3893 2715 3950 sic
2741 3893 2879 3951 item
2899 3891 3333 3963 Alexandridae,
3351 3903 3588 3950 servato

2038 3983 2334 4044 literarum
2371 3981 2609 4053 ordine,
2655 3981 3005 4038 meminisset
3033 4000 3048 4036 x
3078 3991 3480 4037 verumtamen
3515 3999 3590 4037 eo

2042 4070 2165 4148 ipso
2193 4071 2254 4133 in
2273 4071 2405 4127 loco
2445 4068 2584 4126 dum
2621 4067 2693 4125 de
2716 4065 3119 4124 Anaxandride
3147 4065 3430 4123 historico
3471 4085 3586 4143 pe-

2039 4157 2195 4218 nitus
2219 4170 2397 4230 tacet,
2427 4175 2542 4214 non
2567 4155 2693 4213 leve
2715 4151 2885 4211 nobis
2914 4172 3020 4230 pro
3047 4151 3441 4211 Alexandride
3471 4154 3590 4210 do·-

2039 4258 2371 4308 cumentum
2404 4241 2753 4321 suppeditat.
2802 4245 2957 4298 Pone
2990 4239 3204 4311 veteri,
3249 4257 3422 4318 quem
3469 4239 3586 4296 de·-

2038 4333 2298 4411 scripsit‚
2326 4330 2700 4410 grammatico
2728 4348 2845 4386 non
2874 4328 3086 4387 comici
3113 4340 3365 4400 tantum,
3389 4327 3497 4384 sed
3528 4341 3588 4386 et

2038 4420 2328 4493 historici,
2367 4420 2469 4497 qui
2518 4417 2724 4476 eodem
2764 4416 2999 4474 nomine
3053 4416 3366 4486 diceretur,
3400 4415 3588 4474 fuisse

2039 4508 2303 4569 notitiam
2330 4528 2344 4562 ι
2373 4505 2445 4564 de
2473 4505 2656 4563 altero
2687 4504 2904 4562 scilicet
2933 4522 3008 4561 ne
3049 4501 3288 4562 verbulo
3333 4499 3582 4577 quidem

2039 4596 2384 4666 monuisset;
2410 4594 2609 4652 saltem
2636 4604 2702 4650 ut
2724 4591 2927 4650 lectori
2945 4591 3300 4659 consuleret,
3321 4607 3587 4664 cumque

2039 4684 2184 4743 duos
2207 4683 2469 4741 homines
2500 4681 2761 4739 diversos
2797 4679 3126 4737 discernere
3156 4676 3425 4748 doceret,
3456 4695 3586 4753 qua

2037 4774 2098 4832 in
2126 4783 2321 4851 parte,
2351 4769 2599 4842 erroris,
2625 4766 2727 4845 qui
2754 4786 2829 4826 ex
2851 4765 3226 4864 homonymia
3251 4763 3421 4824 facile
3447 4763 3582 4822 uri-
3611 4814 3616 4818 ,

2038 4873 2151 4934 tur,
2169 4857 2472 4918 amovendi
2499 4875 2700 4928 causa,
2729 4873 2868 4913 cura
2906 4853 3408 4932 grammaticorum
3433 4849 3584 4908 alias

2036 4947 2290 5019 excellit,
2318 4956 2387 5004 ut
2404 4964 2475 5003 ex
2507 4945 2635 5021 ipso
2657 4941 2836 5002 Suida
2864 4951 3222 5018 compertum
3242 4935 3581 4996 habemus.

2037 5035 2190 5094 haud
2226 5053 2360 5092 sane
2387 5030 2692 5109 probabile
2721 5029 2967 5089 videtur.
2998 5034 3277 5087 Praeterea
3310 5035 3580 5090 nostram
