3859 5725
420 222 545 277 «520

510 345 649 417 286,
684 363 749 399 ι2
772 345 801 400 δ
829 359 944 398 om.
970 342 1043 397 R.
1070 337 1223 396 9.-
1250 342 1315 402 tl.
1341 329 1496 391 αὗτόν
1529 350 1645 389 om.
1679 334 1754 388 R.
1790 333 1861 386 V.

1593 192 2050 258 ADNOTATIO
2091 192 2175 251 IN
2217 192 2483 253 SCHOL.

2132 325 2262 394 300,
2297 325 2407 393 4-6
2436 323 2923 388 Πιθανῶς--εἷπεῖν
2967 319 3048 381 ὅτι
3076 341 3191 382 om.
3218 325 3373 383 R.—-
3401 327 3439 382 6
3490 325 3632 383 ἔστι

511 434 646 510 293,
675 433 744 489 18
767 425 1104 507 πεμπόμενον
1122 430 1190 484 R.
1216 428 1358 500 Reg.
1400 416 1831 498 ἐπιπεμπόμενον
1867 410 1959 474 καὶ
1988 409 2004 479 Ι
2051 411 2312 471 additum
2337 432 2412 470 ex
2437 416 2504 470 V.
2533 416 2626 470 τοῦ
2667 409 2877 492 πρώτου
2897 410 3020 469 Ald.

429 521 739 604 φαινόμενον
780 526 888 584 τοῖς
918 517 1284 593 δυστυχοῦσιν,
1310 510 1342 571 8
1364 512 1512 570 δοκεῖ
1537 506 1733 573 πολλὰς
1759 502 1963 587 μορφὰς
1987 481 2006 600 i

2133 502 2245 560 303
2278 521 2396 559 om.
2442 506 2525 558 M.
2544 535 2610 551 --
2640 520 2707 558 io
2743 499 3028 582 ὑποκριτὴς
3066 492 3212 567 οἶτος
3240 507 3270 561 ὁ
3295 500 3632 581 Ἡγέλοχος

432 610 714 670 ἀλλάσσειν
751 606 877 667 Ald.
909 609 1048 680 Quae
1077 601 1253 661 verba
1282 620 1357 659 ex
1378 599 1555 658 Suida
1596 618 1640 656 s.
1670 594 1964 671 Ἔμπουσα
2052 595 2122 648 V.
2159 589 2217 649 ὃν
2244 594 2535 650 Dukerus.
2564 589 2890 666 Legebatur
2928 586 2999 655 ὅς.
3021 627 3084 641 -
3113 593 3179 648 ι3
3207 580 3277 649 αὖ
3310 591 3633 648 omittunt

431 701 587 758 illata
616 698 905 756 videntur.
934 698 1045 752 Pro
1073 691 1416 768 δυστυχοῦσιν
1441 687 1597 766 apud
1631 689 1965 763 Harpocran

434 790 653 849 tionem
694 782 994 862 legebatur
1036 784 1361 857 στοιχοῦσιν,
1398 778 1493 835 cui
1535 775 1822 834 Bekkerus
1859 777 1967 834 τοῖς

435 877 783 954 δυστυχοῦσιν
807 891 882 930 ex
900 867 1087 928 tribus
1111 868 1279 926 codd.
1302 865 1618 925 substituit.
1648 865 1968 940 στοιχοῦσιν,

438 959 925 1038 iuer-facientibus,
955 955 1215 1015 defendit
1240 954 1501 1013 Valesius
1530 953 1600 1010 ad
1636 955 1864 1010 Sozom.
1890 951 1964 1005 H.

438 1055 503 1111 E.
536 1055 595 1124 8,
617 1052 676 1122 6,
706 1068 739 1107 a
765 1052 1018 1107 Kustero
1046 1042 1350 1102 indicatus.
1381 1047 1558 1101 Dum.
1588 1038 1678 1098 καὶ
1713 1035 1808 1102 τὰς
1835 1056 1972 1114 μορ-

439 1143 537 1223 φὰς
560 1138 872 1201 ἐναλλάττον
896 1134 1072 1194 habet
1098 1139 1243 1212 Reg.
1260 1171 1325 1184 -
1346 1155 1417 1210 19
1449 1123 1554 1192 οἷον
1588 1138 1661 1191 R.
1690 1135 1760 1190 V.
1792 1131 1863 1190 Θ.
1888 1133 1970 1188 Μ.

440 1234 691 1289 ἐνιποῦσα
717 1227 809 1285 καὶ
837 1223 1080 1303 ἔμπουσα
1108 1228 1253 1301 Reg.
1283 1223 1402 1294 Qui
1448 1222 1668 1300 pergit,
1713 1216 1879 1299 ἕτεροι
1916 1214 1971 1274 δὲ

441 1316 607 1390 αὐτὴν
626 1315 744 1375 ὄνου
767 1314 951 1382 σκέλος
970 1311 1109 1391 ἔχειν
1130 1311 1308 1394 φασὶν,
1328 1308 1440 1370 ὅθεν
1460 1310 1549 1368 καὶ
1564 1306 1866 1369 ὀνοσκελίδα
1882 1303 1973 1364 καὶ

440 1403 727 1464 ὀνοκωλίδα
741 1404 978 1461 καλοῦσι.
989 1402 1234 1480 ψιλοῦται
1250 1397 1305 1457 δὲ
1326 1396 1413 1456 διὰ
1424 1397 1485 1457 τὸ
1500 1394 1772 1473 συγκοπὴν
1788 1397 1973 1452 παθεῖν

442 1494 706 1557 αἰολικῶς·
723 1489 791 1549 τὰ
808 1491 1026 1549 τοιαῦτα
1043 1485 1145 1568 γὰρ
1164 1485 1345 1558 ἐντελῆ
1383 1485 1479 1565 μὲν
1498 1483 1625 1544 ὄντα
1645 1481 1977 1556 δασύνονται,

445 1577 775 1659 συγκοπέντα
821 1576 878 1635 δὲ
919 1577 1164 1641 αἰολικῶς
1212 1577 1459 1655 ψιλοῦται
1476 1619 1492 1648 ,
1535 1576 1606 1640 ὡς
1648 1571 1710 1630 τὸ
1748 1569 1977 1647 ἅλλομαι

444 1668 696 1747 ἄλμενος,
718 1665 881 1747 ἱερεὺς
904 1663 1069 1747 ἱρεύς·
1093 1661 1240 1745 ἱέραξ
1270 1661 1407 1744 ἴρηξ,
1436 1660 1527 1721 καὶ
1554 1659 1623 1719 τὰ
1658 1663 1895 1719 τοιαῦτα.
1917 1690 1980 1704 ·—

447 1777 517 1815 21
553 1758 763 1814 δοκοῦσι
783 1752 838 1811 δὲ
866 1758 938 1812 V.
968 1754 1040 1813 Θ.
1059 1753 1277 1811 Μ.-23
1304 1753 1629 1827 Ταγηνιταῖς
1648 1751 1721 1807 Θ.
1741 1743 1979 1823 Ταγηνίρ

444 1866 563 1909 ταις
592 1849 675 1903 Μ.
696 1878 760 1890 -
781 1851 851 1910 24
882 1837 1068 1918 χθονία
1099 1838 1145 1895 θ’
1170 1835 1372 1908 Ἑκάτη
1409 1835 1623 1918 σπείρας
1646 1833 1812 1918 ὄφεων
1838 1839 1982 1891 Por-

447 1953 638 1993 sonus.
690 1928 1017 2008 Legebatur
1051 1924 1265 2007 χθονίας
1307 1923 1540 1996 Ἑκάτης
1584 1924 1741 2005 πείρα
1784 1924 1978 2004 σοφῶν.

447 2018 780 2098 ἐλελιζομένη
802 2017 1110 2077 SeidleruS.
1135 2016 1456 2092 Legebatur
1473 2010 1819 2089 ἐξελιζομένη.

534 2119 679 2188 294,
712 2111 785 2166 28
823 2103 1105 2167 ὀνοσκέλεα
1141 2109 1210 2162 V.
1249 2103 1553 2163 ὀνοσκελίδα
1588 2114 1759 2161 vocat
1804 2100 1982 2158 schol.

449 2201 664 2258 EccleS.
709 2198 859 2266 1048
900 2207 958 2253 et
991 2195 1346 2252 Sozotnenus
1389 2193 1541 2252 Hist.
1579 2192 1779 2249 eccles.
1823 2191 1882 2262 8,
1926 2189 1982 2248 6.

449 2286 616 2346 Cous.
663 2282 946 2342 scholium
973 2300 1048 2337 ex
1081 2282 1265 2356 Regio
1296 2280 1425 2338 cod.
1466 2278 1640 2336 modo
1680 2278 1987 2337 editum.—

453 2386 527 2434 30
564 2383 698 2450 post
722 2368 992 2449 γινόμενον
1017 2366 1179 2425 addit
1204 2373 1276 2427 R.
1304 2364 1677 2448 προσενεκτέον
1702 2367 1755 2425 ἐν
1775 2365 1987 2425 ἐκτάσει

452 2461 513 2520 τὸ
533 2482 594 2519 α’
625 2457 840 2529 σύνηθες
880 2454 981 2536 γὰρ
1007 2457 1197 2519 αὐτοῖς.
1226 2482 1252 2507 κ
1277 2461 1423 2528 Quae
1457 2455 1529 2513 ad
1565 2454 1698 2536 αὔρα
1724 2467 1988 2532 spectare

454 2547 725 2606 videntur
745 2565 799 2603 V.
837 2546 902 2600 31
919 2552 1012 2612 4.»
1032 2544 1295 2618 Dindotf.
1324 2541 1457 2609 uvi<
1472 2540 1594 2602 ὅλον
1619 2542 1679 2600 τὸ
1704 2541 1987 2623 πρόσωπον

453 2636 509 2695 ἓν
532 2633 743 2714 λέγουσι
763 2635 827 2694 R.
852 2631 986 2699 τινὲς
1004 2628 1124 2690 ὅλον
1148 2628 1204 2688 ἓν
1225 2630 1507 2713 πρόσωπον
1530 2630 1700 2709 λέγειν
1718 2633 1809 2705 9.,
1831 2631 1989 2710 quod

453 2736 728 2804 praestare
771 2722 999 2780 videtur
1030 2719 1548 2780 uindemio-:31
1603 2715 1842 2799 βόλὸιτος
1879 2718 1992 2798 (sic

454 2814 627 2872 etiam
645 2813 740 2888 Θ.)
759 2809 861 2892 γὰρ
884 2807 1075 2891 κυρίως
1095 2806 1156 2867 τὸ
1173 2812 1279 2869 τῶν
1300 2809 1520 2891 κάπρων
1542 2806 1874 2886 ἀποπάτημα
1896 2812 1991 2884 V.,

455 2922 588 2979 quae
617 2921 732 2959 om.
767 2903 836 2960 G.
866 2897 935 2957 τὰ
970 2901 1076 2957 τῶν
1111 2900 1244 2959 ὄνων
1273 2896 1670 2975 ἀποπατήματα
1710 2899 1781 2958 Θ.
1819 2903 1989 2974 Reg.:

462 2992 668 3072 βόλιτον
706 2987 763 3046 δὲ
803 2985 993 3069 κυρίως
1026 2992 1062 3059 ἡ
1100 2992 1208 3048 τῶν
1254 2989 1389 3067 βοῶν
1432 2985 1655 3067 κόπρος,
1686 2988 1908 3044 ἐνταῦθα
1937 2982 1993 3043 δὲ

460 3076 576 3137 ἀντὶ
597 3082 690 3137 τοῦ
718 3076 840 3136 ὄνου
860 3075 1241 3157 παρείληπται.

543 3185 653 3242 297
679 3207 695 3235 ,
722 3164 793 3221 33
819 3184 903 3241 sq.
932 3163 992 3222 in
1016 3170 1085 3222 V.
1126 3166 1198 3225 Θ.
1242 3168 1321 3223 Μ.
1368 3164 1517 3222 infra
1543 3175 1674 3242 post
1694 3166 1723 3221 ὃ
1746 3159 1997 3227 Διόνυσος

347 3246 359 3256 ’
458 3255 546 3314 τὸν
574 3252 716 3335 ἱερέα
740 3266 1058 3330 ponuntur,
1087 3255 1326 3332 praefixo
1355 3254 1526 3319 άλλως
1554 3254 1609 3310 in
1637 3259 1732 3326 V.,
1758 3249 1994 3329 praefixo

459 3340 493 3415 ἢ
519 3345 578 3401 in
603 3345 674 3403 Θ.
703 3347 786 3400 Μ.
809 3345 877 3400 In
909 3342 979 3401 R.
1023 3355 1111 3401 est
1133 3340 1313 3423 ἱερέως
1341 3340 1479 3407 τινὸς
1513 3338 1797 3400 ἀκολούθου
1834 3341 1995 3398 αὐτοῦ

461 3430 745 3510 μέμνηται.
769 3429 1036 3508 μέμνηται
1058 3445 1192 3491 ante
1225 3433 1625 3496 ἀκολουθοῦντος
1648 3431 1816 3510 ponit
1837 3430 1911 3491 G.
1933 3468 2000 3481 -

463 3521 538 3577 35
568 3517 937 3577 scribendum
960 3521 990 3577 ὁ
1015 3523 1109 3577 τοῦ
1144 3518 1399 3578 Διονύσου
1421 3516 1603 3599 ἱερεύς.
1632 3524 1813 3576 Dum.
1832 3554 1899 3568 Ἰ-
1917 3519 1997 3576 36

460 3602 746 3688 περιελθὼν
771 3610 800 3665 ὁ
821 3606 1061 3687 κρυφθεὶς
1081 3613 1306 3676 Gra-lu
1337 3605 1479 3673 θέαις
1510 3612 1809 3665 Kusterus.
1845 3606 1999 3666 Scri-

463 3692 716 3752 bebatur
741 3696 895 3759 θεαῖς.
924 3690 1176 3771 τετίμητο
1210 3699 1298 3754 Μ.
1320 3692 1516 3769 ἐτετίμ.
1545 3690 1726 3775 ἱερέως
1742 3698 1817 3751 V.
1836 3730 1901 3743 -
1921 3702 1996 3760 4²

462 3782 586 3846 Διός
622 3786 707 3841 Μ.
757 3780 887 3864 πρὸς
925 3780 1200 3853 συνήθειαν
1235 3771 1325 3840 οῦν
1344 3782 1416 3842 Θ.
1459 3786 1539 3839 Μ.
1567 3780 1907 3862 προσυνήθως
1934 3780 1998 3841 ἂν

464 3862 553 3930 οὖν
578 3877 646 3931 V.
670 3869 797 3953 πρὸς
821 3860 910 3930 οῦν
931 3870 1207 3955 συνήθειαν
1237 3869 1371 3930 Ald.
1400 3907 1468 3921 --
1494 3872 1567 3937 43
1593 3868 1666 3929 Ἦ
1700 3868 1804 3942 ἤδη
1832 3861 1896 3941 ἦν
1924 3875 1998 3933 Θ.

465 3966 576 4035 Μ.,
596 3960 697 4037 qui
728 3980 843 4018 om.
869 3959 1072 4027 45-51.
1096 3964 1177 4019 Ea
1205 3959 1309 4038 qui
1338 3959 1601 4038 scripsit,
1630 3958 1801 4016 refert
1828 3959 2003 4018 scho-

468 4052 610 4108 lium
640 4049 808 4126 Regii
835 4048 926 4107 his
962 4049 1159 4109 verbis
1199 4062 1577 4126 conceptum:
1608 4049 1681 4108 Οἱ
1710 4048 1807 4126 μὲν
1843 4048 2002 4128 φασὶν

468 4136 549 4197 ὅτι
572 4136 663 4195 καὶ
685 4134 830 4218 ἱερέα
867 4136 982 4215 μετ’
1016 4139 1188 4196 αὐτῶν
1211 4126 1354 4216 εἶχον
1369 4160 1384 4175 ·
1416 4134 1543 4219 ὅπερ
1567 4134 1764 4196 ἄτοπον
1783 4160 1797 4174 ·
1821 4139 1881 4197 οὗ
1901 4135 2003 4219 γὰρ

469 4222 784 4307 ἐμφαίνεται
810 4229 966 4284 τοῦτο
1008 4226 1061 4284 ἐν
1088 4229 1200 4292 τοῖς
1224 4224 1584 4307 προλαὸοῦσι·
1611 4224 1673 4284 τὸ
1718 4222 1774 4283 δὲ
1816 4224 2006 4297 ἀληθὲς

469 4310 631 4379 οὕτως
655 4311 765 4391 ἔχει
778 4335 791 4349 ·
821 4314 870 4371 οἱ
895 4313 1299 4392 μεγαλοίς-νῦν
1326 4311 1470 4392 λέγει
1505 4313 1646 4373 πάνυ
1685 4311 1945 4394 φοὸηθείς.
1968 4312 2004 4385 ἢ

470 4401 564 4461 καὶ
613 4400 873 4482 διασύρων
920 4401 1042 4461 τινὰ
1094 4404 1201 4460 τῶν
1248 4401 1459 4484 φαύλων
1500 4406 1762 4475 ποιητῶν,
1811 4400 2009 4471 οὔτινος

471 4489 608 4559 εἰκὸς
634 4479 767 4549 εἶναι
793 4488 883 4548 τὸν
903 4488 1085 4569 στίχον
1104 4495 1309 4565 τοῦτον,
1333 4493 1554 4550 ἐνταῦθα
1582 4487 1781 4548 τέθεικε
1804 4495 2005 4549 τοῦτον.

473 4587 611 4654 -49
635 4576 771 4637 κατὰ
806 4576 1031 4656 μίμησιν
1054 4569 1143 4636 οὗν
1186 4580 1463 4656 Reg.-51
1498 4576 1866 4659 διασυρόμενον
1884 4585 2006 4638 Ku-

473 4680 657 4725 sterus
677 4665 1101 4747 κατασυρόμενον
1122 4667 1252 4726 Ald.

558 4756 690 4831 298,
726 4756 799 4814 52
831 4753 867 4826 ἢ
893 4775 1007 4815 om.
1031 4757 1268 4815 V.-53
1316 4753 1586 4836 Ἡρακλέα
1626 4760 1700 4814 R.
1737 4754 2008 4838 Ἡρακλῆν

475 4843 671 4901 ceteri.

476 5020 508 5078 3
543 4950 692 5077 ὁ299,
728 4952 790 5080 ιΘ
790 4931 1005 5011 συνεχὲς
1040 4931 1330 4992 Dobraeus.
1355 4931 1684 5012 Legebantur
1711 4931 2014 5006 σύνηθες.-

597 5038 711 5077 om.
795 5066 809 5080 .
850 5050 857 5057 ·

2053 681 2124 736 R.
2153 680 2226 739 Θ.
2251 681 2419 756 γαλῆν
2449 683 2601 737 R.--
2627 676 2696 734 15
2728 690 2864 755 post
2895 675 3129 736 σκώπτει
3153 679 3317 737 addit
3344 680 3489 738 Ald.
3519 679 3632 738 καὶ

2056 765 2301 849 Στράτις,
2321 792 2346 818 ιι
2365 773 2477 841 ποῖ,
2500 773 2614 839 ποῖ,
2636 764 2764 846 πρὸς
2787 767 2937 840 θεῶν,
2955 773 3047 824 ποῖ
3064 774 3157 825 ποῖ
3173 765 3342 845 γαλὴν
3364 769 3630 845 γαληνὰ,

2058 861 2162 944 ἐγὼ
2183 863 2239 922 δὲ
2263 862 2415 945 ᾤμην
2436 884 2496 921 σε
2516 862 2687 939 γαλῆν
2701 858 2873 939 λέγειν
2894 864 3018 943 ὁρῶ.
3035 889 3058 914 ι
3079 861 3169 920 καὶ
3213 863 3538 947 Σαννυρίων
3563 864 3632 923 δὲ

2058 955 2112 1012 ἐν
2132 951 2341 1032 Δανάῃ,
2364 979 2388 1003 α
2406 950 2484 1018 τίς
2505 950 2568 1008 ἂν
2583 948 2858 1029 γενόμενος
2883 951 2956 1016 εἷς
2981 949 3117 1022 ὀπὴν
3137 947 3434 1032 γενήσομαι
3451 975 3469 1022 ;
3487 953 3633 1036 φέρ’

2060 1044 2105 1100 εἷ
2123 1041 2371 1119 γενοίμην
2387 1041 2545 1118 γαλῆ·
2563 1038 2678 1097 ἀλλ’
2707 1036 2998 1117 Ἧγέλοχός
3020 1063 3087 1117 με
3107 1040 3386 1117 μηνύσειεν
3407 1047 3440 1102 ὁ
3463 1067 3628 1124 τρα-

2061 1128 2224 1208 γικός.
2278 1126 2619 1242 ἀναξράγοιθ
2656 1125 2719 1185 ἂν
2765 1120 2913 1193 οὗτος
2963 1128 3168 1187 εἰσιδών
3188 1151 3201 1165 ·
3238 1131 3298 1188 ἐκ
3342 1133 3628 1208 κυμάτων

2061 1217 2167 1297 γὰρ
2191 1208 2333 1282 αὖθις
2359 1241 2424 1275 αυ
2452 1215 2638 1294 γαλήν’
2664 1217 2787 1295 δρῶ.
2813 1241 2838 1267 »ι
2865 1221 3009 1289 Quae
3039 1236 3112 1275 ex
3147 1219 3460 1278 scholiasta
3485 1226 3630 1278 Eu·-

2065 1307 2271 1387 ripidis
2289 1307 2444 1364 illata
2464 1305 2741 1363 omittunt
2764 1304 2900 1362 libri
2923 1318 2982 1363 et
3006 1306 3209 1364 suidas
3226 1327 3270 1366 s.
3292 1306 3628 1388 Ἡγέλοχος,

2062 1432 2129 1446 -
2151 1416 2214 1466 17
2247 1396 2307 1452 οὖ
2329 1390 2752 1473 προσηνέγκατο,
2796 1413 2865 1468 19
2891 1391 3062 1469 γαλῆν
3091 1399 3163 1454 V.
3183 1415 3336 1452 -22
3363 1394 3630 1474 λέγοντες

2067 1492 2137 1545 G.
2182 1483 2422 1562 λέγουσι,
2475 1491 2550 1551 24
2589 1481 3045 1565 προσενέγκασθαι
3070 1489 3225 1543 V.—
3250 1507 3320 1558 27
3359 1487 3452 1545 ἐπὶ
3501 1491 3626 1544 τῶν

2067 1570 2342 1652 -λυπηρά
2371 1570 2548 1629 habet
2574 1570 2804 1642 saidam,
2848 1570 2912 1629 in
2945 1573 3133 1651 capite
3159 1574 3367 1633 scholii
3392 1576 3624 1653 posita.

2067 1666 2334 1722 ceterum
2367 1659 2559 1717 26-30
2597 1656 3138 1740 ἔστι-τερατεύονται
3174 1683 3294 1720 non
3331 1664 3628 1722 videntur

2070 1765 2298 1808 exstare
2329 1749 2585 1827 possein
2607 1753 2677 1807 R.
2709 1754 2777 1806 V.
2796 1787 2859 1797 —
2888 1752 2959 1807 31
2994 1749 3280 1832 Ἠλέκτρα.
3319 1753 3623 1813 Electram

2071 1859 2179 1917 pro
2204 1841 2408 1900 Oreste
2437 1838 2701 1896 nominat
2724 1859 2739 1893 ε
2765 1837 2836 1895 de
2860 1858 2980 1915 quo
3005 1838 3128 1897 dixi
3154 1840 3227 1897 ad
3250 1840 3429 1900 schol.
3453 1843 3626 1901 Pluti

2071 1929 2206 2004 639.
2249 1932 2429 1987 Dum.
2475 1930 2615 1984 Post
2659 1929 2733 1983 32
2765 1927 2956 2005 pergit
2993 1932 3172 2005 Reg.:
3201 1928 3290 1987 καὶ
3333 1929 3499 2012 φασὶν
3546 1934 3629 1997 ὥς

2072 2013 2183 2095 ἔχει
2209 2014 2362 2094 λόγον
2388 2013 2480 2073 καὶ
2525 2013 2630 2094 πρὸ
2669 2015 2957 2094 Εὐριπίδου
3001 2005 3135 2074 εἶναι
3171 2013 3289 2074 τινὰ
3327 2017 3622 2099 ποιήτριαν

2072 2106 2288 2182 γέλοχον
2303 2104 2430 2183 (sic)
2455 2099 2787 2180 καλουμένην
2805 2103 2962 2161 τοῦτο
2979 2102 3218 2185 γράφειν,
3236 2105 3326 2162 καὶ
3348 2103 3435 2164 διὰ
3455 2110 3626 2166 τοῦτο

2074 2190 2168 2251 σὺν
2205 2190 2461 2274 Εὐριπίδῃ
2502 2190 2594 2249 καὶ
2636 2188 2802 2261 αὐτὴν
2839 2190 3159 2273 περισύρειν.
3199 2190 3235 2263 ἢ
3268 2192 3402 2269 γυνή
3431 2216 3514 2261 τις
3550 2186 3624 2266 ἦν

2074 2281 2128 2338 ἐν
2158 2278 2394 2351 Ἀθήναις
2413 2277 2553 2337 πάνυ
2599 2277 2770 2360 τούτῳ
2809 2281 2888 2358 τῷ
2925 2276 3042 2337 ἔπει
3068 2276 3322 2360 χρωμένη
3365 2280 3498 2363 πρὸς
3523 2283 3626 2349 τὰς

2075 2368 2286 2447 ὁμιλίας
2310 2366 2437 2426 ὅταν
2468 2365 2654 2446 δεήσῃ.
2684 2367 2905 2425 Deinde
2936 2368 3010 2426 de
3037 2368 3352 2443 histrione,
3381 2371 3435 2428 ἐν
3475 2370 3626 2450 τῷδε

2076 2460 2153 2539 τῷ
2176 2456 2345 2536 στίχῳ
2370 2455 2753 2534 ἀποπνίγεσθαι
2774 2455 2985 2533 μέλλων
3002 2501 3023 2530 ,
3045 2455 3171 2529 ἔστη
3214 2460 3285 2524 εἷς
3313 2457 3376 2517 τὸ
3414 2459 3621 2537 γαλήν-

2077 2545 2267 2629 χρόνου
2304 2542 2360 2603 δὲ
2395 2547 2576 2603 ἱκανοῦ
2611 2543 2923 2619 διελθόντος,
2958 2543 3251 2628 ἑξεφῶνησε
3289 2546 3350 2606 τὸ
3385 2550 3521 2629 δρῶ·
3561 2541 3627 2609 οὗ

2078 2635 2236 2716 χάριν
2257 2632 2348 2693 καὶ
2374 2632 2729 2713 ἐκωμῳδήθη.

2161 2725 2298 2796 308,
2342 2725 2415 2781 33
2441 2721 2562 2787 Διὸς
2592 2727 2673 2780 Μ.
2692 2728 2759 2781 R.
2780 2721 2959 2780 habet
2981 2726 3011 2782 ὁ
3031 2727 3124 2782 τοῦ
3161 2721 3413 2783 Διονύσου
3452 2723 3629 2804 ἱερεὺς

2078 2810 2226 2894 παρὰ
2248 2808 2345 2883 τὴν
2362 2808 2612 2869 ὑπόνοιαν
2634 2807 2722 2869 διὰ
2738 2808 2799 2869 τὸ
2819 2808 3123 2892 ἐπυρρίασε,
3143 2810 3271 2892 πρὸς
3286 2811 3347 2870 τὸ
3365 2811 3624 2894 ὠχρίασε.

2079 2899 2243 2981 πυρὸς
2263 2898 2364 2981 γὰρ
2388 2890 2453 2971 ἦν
2477 2902 2506 2958 δ
2526 2897 2691 2979 ἱερεὺς
2723 2898 2863 2958 κατὰ
2899 2898 3147 2980 φύσιν.-
3172 2901 3244 2968 34
3278 2891 3340 2972 ἦν
3366 2899 3519 2983 φύσει
3547 2907 3622 2961 V.

2081 2988 2240 3049 Idem
2267 2987 2442 3048 habet
2469 2989 2544 3065 gl.
2574 2991 2603 3047 δ
2641 2985 2834 3069 ἱερεύς·
2860 2987 3023 3070 πυρὸς
3045 2985 3147 3069 γὰρ
3176 2980 3242 3060 ἦν
3278 2988 3414 3048 κατὰ
3434 2988 3622 3070 φύσιν,

2083 3078 2242 3156 quod
2287 3098 2401 3137 om.
2439 3079 2690 3153 G.—39
2721 3076 2869 3144 ὄντος
2889 3082 2956 3135 V.
2993 3078 3065 3137 Θ.
3102 3075 3266 3137 ὄντων
3300 3082 3370 3138 G.
3409 3077 3623 3159 ἔχοντος

2083 3167 2208 3224 ΑΙά.
2243 3164 2455 3233 τούτους
2482 3168 2604 3245 άκρ.
2639 3166 2712 3225 Θ.
2751 3171 2910 3225 Fon.
2934 3163 2997 3223 τὸ
3019 3163 3141 3233 τοὺς
3166 3168 3285 3247 ἀκρ.
3303 3203 3369 3215 —-
3386 3177 3459 3236 4ο
3485 3170 3623 3228 Παι-

2085 3254 2279 3335 δαρίοις
2304 3255 2375 3315 Θ.
2407 3252 2656 3319 Εὔπολις.
2693 3257 2759 3311 In
2792 3251 2970 3327 Αἰξὶν,
3008 3265 3073 3310 ut
3106 3252 3298 3331 colligi
3337 3268 3526 3335 potest
3548 3275 3624 3313 ex

2084 3346 2271 3422 glossa
2315 3341 2626 3418 Hesychii‚
2673 3339 2839 3423 ἱερεὺς
2876 3338 3168 3400 Διονύσουε
3198 3340 3430 3408 Εὔπολις
3453 3342 3622 3417 Αἰξὶν,

2084 3429 2388 3495 Ἱππόνικον
2433 3428 2697 3491 σκώπτων
2737 3434 2810 3499 ὣς
2846 3428 3056 3514 ἐρυθρὸν
3101 3435 3168 3512 τῇ
3220 3430 3355 3512 ὄψει.
3405 3435 3620 3511 899.1.

2085 3522 2327 3600 ὀνομάζει
2351 3521 2747 3580 Ηεωειοι·1ιυε.
2778 3520 2853 3579 ad
2881 3520 3131 3597 Hoeych.
3163 3519 3464 3598 νομίζεσθαι
3495 3523 3621 3580 Ald.

2085 3610 2342 3689 νομίζεσθ’
2371 3615 2440 3667 V.
2470 3608 2776 3691 αἰγίπυρρον
2816 3614 2886 3667 V.
2921 3610 3032 3669 Θ.;
3075 3629 3249 3686 quam
3278 3609 3622 3687 scripturam

2087 3698 2356 3759 vocabuli
2386 3698 2602 3777 probat
2639 3697 2902 3756 Eustath.
2935 3718 2991 3775 p.
3029 3699 3166 3769 307,
3208 3717 3302 3774 29.
3348 3698 3621 3778 αἰγίπυρον

2087 3789 2214 3848 Ald.
2236 3794 2371 3847 Post
2395 3786 2670 3868 αἷγίπυρον
2700 3786 2862 3845 addit
2879 3786 3009 3846 Ald.
3036 3775 3194 3859 εἶναι,
3214 3787 3372 3865 quod
3399 3787 3624 3846 delebat

2089 3876 2413 3936 Hemsterh.
2443 3889 2500 3933 et
2525 3876 2741 3933 omittit
2757 3879 2827 3933 V.
2848 3879 3172 3945 Dium-42
3205 3872 3366 3954 ἔχειν,
3385 3874 3622 3935 herbam

2091 3964 2513 4045 εοί1.αἷγίπυρον.
2542 3969 2766 4022 Ηειιςτ.
2792 3965 3055 4042 Inte-llige
3073 3967 3434 4024 Demetrium
3465 3967 3618 4023 lxio-

2092 4075 2241 4114 nem.
2265 4093 2329 4105 -
2352 4058 2426 4123 43
2443 4052 2570 4134 πρὸς
2599 4054 2660 4112 τὸ
2680 4051 2981 4134 ἐπυρρίασε.
2999 4058 3124 4110 Imo
3139 4052 3268 4134 πρὸς
3283 4053 3343 4111 τὸ
3371 4051 3619 4133 ὧχρίασε.

2176 4144 2311 4213 311,
2340 4151 2411 4215 47
2444 4138 2546 4218 γὰρ
2574 4131 2638 4212 ἦν
2664 4144 2775 4199 611.
2803 4136 3018 4210 Idemi
3048 4162 3161 4199 om.

2176 4232 2312 4303 312,
2347 4228 2421 4286 52
2448 4226 2648 4287 ἔνδοθεν
2680 4232 2757 4286 V.
2787 4225 2933 4286 ἔνδον
2957 4227 3087 4286 Ald.
3134 4234 3362 4288 Lemma
3401 4249 3514 4287 om.
3549 4231 3619 4290 Θ.

2094 4325 2173 4378 Μ.
2199 4322 2412 4375 Totum
2438 4317 2699 4375 scholion
2726 4335 2841 4374 om.
2884 4318 2956 4373 R.
2989 4314 3288 4393 σημείωσαι
3321 4320 3391 4374 V.
3425 4314 3623 4372 Md.-

2097 4407 2171 4465 53
2201 4405 2400 4464 ἔνδοθεν
2424 4404 2551 4464 Ald.

2180 4495 2291 4562 311.
2325 4514 2437 4551 om.
2469 4495 2641 4552 etiam
2674 4494 2744 4553 Θ.
2785 4495 2862 4552 Μ.
2909 4494 2995 4552 Ι)9
3031 4492 3256 4551 scholio
3291 4494 3617 4552 Ravennate

2098 4582 2172 4639 ad
2208 4582 2364 4639 hunc
2393 4601 2451 4638 V.
2492 4579 2794 4639 referendo
2820 4601 2878 4638 v.
2909 4580 2981 4638 ad
3012 4580 3190 4639 schol.
3233 4588 3368 4655 294,
3397 4580 3563 4637 3ο.-
3583 4598 3613 4653 7

2099 4661 2234 4750 αῧρα
2264 4674 2405 4747 Reg.
2425 4707 2490 4721 -
2519 4689 2540 4725 1
2559 4690 2579 4725 1
2626 4666 3034 4744 μυστικωτάτην
3059 4667 3186 4726 Ald.
3228 4664 3614 4745 μυστικώτατον

2100 4761 2173 4818 Θ.
2201 4783 2225 4809 α
2247 4754 2338 4815 δύο
2355 4760 2595 4830 ποιοῦσι,
2619 4756 2743 4814 scil.
2773 4757 3029 4834 στιγμάς,
3065 4759 3102 4815 i.
3129 4776 3178 4815 9.
3214 4776 3410 4813 novam
3439 4775 3616 4831 perso-

2102 4868 2235 4904 nam
2263 4851 2411 4921 loqui
2414 4845 2665 4919 faciunt.
2688 4845 2836 4903 Vide
2862 4847 2933 4904 ad
2960 4848 3052 4918 28,
3088 4849 3118 4903 5
3135 4867 3182 4917 ι,
3213 4848 3326 4922 891
3344 4888 3360 4915 ‚
3387 4843 3615 4902 Aeliam.

2102 4935 2238 5011 899.
2268 4931 2377 4991 Sed
2414 4932 2517 4991 ubi
2554 4933 2641 4992 δύο
2677 4935 2887 5009 διπλαῖ,
2922 4933 2996 4994 ad
3030 4937 3132 5013 Eq.
3160 4954 3297 5009 722,
3340 4934 3383 4993 i.
3416 4954 3468 4993 e.
3499 4946 3617 5011 post

2101 5021 2442 5106 καθυὸρίσαι,
2482 5027 2598 5081 alia
2628 5044 2796 5081 scena
2813 5066 2833 5093 ,
2864 5044 2980 5081 non
2998 5042 3259 5100 persona.
3285 5050 3308 5075 υ
3335 5028 3616 5081 Dominus·
