3859 5725
373 317 480 367 148

362 428 728 510 ἐγκλημάτων.
783 427 983 509 κελύφη
1031 426 1087 488 δὲ
1131 427 1200 487 τὰ
1254 431 1357 487 τῶν
1411 429 1528 511 ιξκῖν
1575 427 1921 507 καλύμματα.

361 517 487 577 ὡσεὶ
514 515 688 596 ἔλεγεν
720 514 1079 593 ἀποὸλήματα
1104 515 1305 594 δικῶν.)
1338 548 1407 558 —-
1430 518 1534 574 τῶν
1570 516 1925 595 τραγημάτων

359 605 624 686 λεπύριον,
650 602 685 673 ἢ
714 602 985 684 ὄστρακον.
1012 615 1072 663 Β.

439 714 535 753 548.
583 692 717 769 (ἀλλ’
751 682 795 751 ῶ
830 711 845 751 :
882 691 952 751 ‘O
983 690 1140 772 χορὸς
1178 688 1597 772 παραθαρσύνων
1631 688 1718 749 τὸν
1752 690 1923 749 Φιλο-

305 802 332 840 5
360 780 564 841 κλέωνα
586 778 754 838 ταῦτά
784 801 930 860 φησι.
961 811 1041 823 --
1070 775 1186 836 ἀντὶ
1212 782 1304 836 τοῦ
1330 779 1515 857 ἀρχῆς.
1540 778 1622 856 V.)

437 888 533 929 548.
579 867 705 945 (ἀπὸ
730 866 995 946 βαλὸίδων
1020 884 1035 924 2
1069 864 1179 923 Ἀπ’
1205 867 1373 946 ἀρχῆς
1395 864 1595 932 εὐθέως.
1626 863 1733 923 ἀπὸ
1756 887 1925 942 μετα-

358 966 520 1038 φορᾶς
566 960 669 1014 τῶν
726 953 1255 1035 σταδιοδρομούντων.
1310 952 1496 1032 pam<
1545 951 1647 1033 γάρ
1700 954 1840 1009 ἐστιν
1890 956 1924 1022 ἡ

359 1041 636 1124 ἀφετηρία.
663 1033 728 1114 ἦν
757 1039 812 1100 δὲ
841 1040 976 1113 αὕτη
998 1038 1223 1119 γραμμὴ
1253 1040 1333 1120 ἐφ’
1359 1031 1422 1111 ἧς
1465 1039 1793 1112 εἱστήκεσαν,
1830 1037 1925 1106 ἕως

358 1129 423 1189 ἂν
452 1134 801 1209 ἀποσημανθῇ
830 1133 859 1188 6
886 1128 1074 1214 δρόμος
1101 1129 1308 1205 αὐτοῖς.)

282 1246 333 1285 10
440 1239 538 1279 551.
586 1216 987 1299 (τρυφερώτερον
1014 1236 1028 1276 :
1056 1218 1270 1297 Τρυφῆς
1298 1213 1558 1293 δεόμενον.
1593 1216 1769 1281 καλῶς
1799 1213 1855 1273 δὲ
1889 1218 1923 1285 ἡ

358 1304 631 1387 προσθήκη
664 1311 759 1364 τοῦ
786 1303 1042 1386 γέροντος.
1074 1306 1303 1370 ἀσθενεῖς
1337 1302 1440 1384 γὰρ
1469 1301 1590 1384 περὶ
1616 1300 1709 1369 τὰς
1742 1300 1927 1373 ἡδονὰς

359 1398 406 1454 οἱ
427 1393 696 1478 γέροντες.)

439 1502 537 1544 552.
578 1481 854 1563 φράγμασι
873 1485 964 1540 τοῦ
993 1478 1347 1561 δικαστηρίου.
1378 1488 1439 1536 V.
1462 1486 1570 1546 τοῖς
1592 1478 1923 1545 δικαστικοῖς.

355 1582 477 1631 Rav.

282 1679 331 1719 15
439 1677 534 1718 554.
580 1655 836 1735 έμὸάλλει
860 1676 952 1732 μοι
972 1652 1066 1726 τὴν
1089 1661 1244 1732 χεῖρα
1278 1674 1293 1713 2
1324 1650 1401 1714 ’Ὅ
1424 1657 1633 1711 ποιοῦσι
1658 1659 1765 1718 τοῖς
1784 1652 1927 1710 δικα-

358 1747 503 1815 σταῖς
539 1748 586 1805 οῑ
627 1745 960 1808 θωπευτικῶς
994 1740 1324 1822 προσιόντες,
1362 1739 1538 1821 ἠρέμα
1576 1739 1925 1820 ἐφαπτόμενοι

356 1838 448 1905 τῆς
466 1831 640 1915 χειρὸς
659 1835 710 1891 ἐν
734 1835 809 1912 τῷ
829 1828 1183 1901 ἀσπάζεσθαι,
1212 1826 1318 1903 (διὰ
1340 1826 1403 1885 τὸ
1427 1825 1636 1904 μέλλειν
1660 1826 1926 1908 κρίνεσθαι

358 1920 445 1978 ἐπὶ
469 1918 734 1997 δημοσίων
757 1920 930 1998 κλοπῇ
962 1913 1603 1998 προκαταλαμὸάνοντες).

440 2028 536 2068 555.
586 2009 1021 2087 (οἰκτροχοοῦντες
1056 2024 1070 2065 :
1107 2005 1347 2084 Οἰκτρῶς
1370 2001 1595 2083 χέοντες.
1631 2003 1722 2061 καὶ
1743 2001 1923 2079 Ὅμη·

278 2129 335 2168 20
364 2118 448 2177 ρος
475 2103 590 2169 [οΦ
616 2108 684 2168 Τ,
712 2101 812 2167 ⁶2¹]

481 2236 511 2293 ἦ
534 2250 584 2283 τε
607 2234 728 2283 πολὺ
744 2239 982 2299 τρωχῶσα
1004 2233 1103 2297 χέει
1126 2231 1367 2295 πολυηχέα
1389 2230 1584 2294 φωνήν.)

436 2377 533 2417 557.
577 2361 666 2414 νῦν
695 2355 755 2414 τὸ
783 2354 1054 2438 ἀγοράζων
1077 2357 1147 2420 ὡς
1171 2357 1326 2431 ἡμεῖς
1346 2350 1504 2427 λέγει.
1534 2362 1597 2409 V.

438 2466 537 2506 558.
586 2443 660 2522 (ὃς
687 2443 771 2522 ἔμ’
800 2443 908 2502 οὐδ’
937 2440 1001 2501 ἂν
1031 2442 1178 2512 ζῶντ’
1200 2441 1316 2520 ᾔδει
1346 2460 1360 2500 :
1396 2440 1589 2506 Ὅστις
1611 2439 1715 2498 οὐδ’
1747 2437 1811 2497 ἂν
1835 2437 1924 2499 λό·

357 2557 451 2614 γου
473 2556 540 2612 με
565 2531 807 2609 ἠξίωσεν,
827 2534 873 2590 εἷ
895 2528 970 2609 μὴ
994 2528 1320 2611 εὖηργετήθη
1349 2528 1439 2588 ὑπ’
1468 2528 1635 2604 ἐμοῦ.)

280 2651 333 2691 25
437 2641 533 2681 559.
578 2619 740 2697 (τουτὶ
760 2618 882 2700 περί
905 2639 920 2679 t
948 2618 1043 2679 Ἐν
1066 2621 1143 2698 τῷ
1166 2615 1516 2699 γραμματείῳ
1538 2619 1566 2673 6
1589 2612 1926 2675 Βδελυκλέων

359 2707 724 2790 ἀπογράφεται
762 2705 843 2765 ὅτι
888 2704 1284 2766 ἀντιὸολοῦνται
1325 2706 1374 2763 οἱ
1412 2701 1689 2773 δικασταὶ,
1725 2706 1796 2769 ὡς
1835 2704 1926 2762 καὶ

362 2798 474 2856 ἄνω
503 2796 727 2879 εἴρηκεν,
750 2793 818 2853 ἵν’
842 2792 939 2875 ἔχῃ
963 2799 1116 2852 τοῦτο
1138 2795 1210 2860 εἰς
1231 2789 1549 2873 κατηγορίαν
1579 2792 1769 2850 αὐτῶν.
1800 2794 1928 2850 ἀπο·

360 2885 602 2968 μορχθεὶς
629 2882 703 2957 δὲ,
728 2881 1052 3027 ἀποὸαλώνὲ

437 2994 535 3035 551.
584 2971 748 3051 (ἔνδον
778 2969 975 3031 τούτων
1048 2992 1075 3027 ν
1101 2966 1289 3049 φάσκω
1330 2986 1344 3027 :
1376 2965 1513 3027 Ἀντὶ
1546 2972 1636 3026 τοῦ
1665 2966 1700 3026 ἃ
1737 2964 1923 3035 ἔξωθεν

278 3089 332 3129 ³0
359 3061 754 3141 ἐπαγγέλλομαι
787 3059 973 3131 ποιεῖν,
1014 3055 1156 3116 ἔνδον
1192 3058 1251 3115 οὗ
1287 3057 1442 3114 ποιῶ.
1479 3059 1703 3115 τοιοῦτοι
1738 3054 1840 3135 γὰρ
1877 3056 1926 3112 οἱ

358 3147 619 3209 δικασταί·
646 3149 984 3230 παραχρῆμα
1014 3144 1111 3223 μὲν
1141 3140 1556 3222 ἐπαγγέλλονται
1570 3187 1588 3217 ,
1618 3140 1833 3224 ὕστερον
1871 3139 1926 3201 δὲ

360 3239 395 3295 ἀ
429 3242 655 3296 νοῦνται.

400 3260 536 3386 pso-¹».
572 3238 738 3401 (κα)κὰ
761 3321 887 3403 πρὸς
906 3328 1013 3387 τοῖς
1035 3311 1179 3379 οῧσιν
1205 3338 1220 3379 z
1248 3318 1343 3379 Ἔν
1368 3316 1607 3397 σχήματι
1630 3317 1806 3398 εἴρηκε
1830 3340 1927 3395 με-

358 3411 525 3480 ταὸὰς
551 3411 657 3470 ἀπὸ
687 3416 778 3468 τοῦ
810 3411 1161 3481 πληθυντικοῦ
1201 3408 1273 3473 εἷς
1307 3405 1368 3465 τὸ
1400 3403 1585 3464 ἑνικόν.
1626 3408 1654 3462 6
1691 3404 1745 3463 δὲ
1779 3410 1924 3477 νοῦς,

279 3524 331 3563 35
360 3501 455 3568 ἕως
478 3499 540 3559 ἂν
564 3491 704 3559 οὗτοι
724 3495 791 3555 τὰ
818 3494 959 3556 κακὰ
982 3493 1050 3553 τὰ
1070 3492 1305 3574 ἡμέτερα
1331 3492 1641 3574 ἀποφήνωσι
1664 3501 1770 3559 τοῖς
1796 3496 1923 3552 ἐαυ-

358 3592 464 3648 τῶν
486 3586 597 3647 ἴσα.
679 3584 895 3651 Ἄλλως.
919 3582 1035 3642 ἀντὶ
1061 3587 1155 3641 τοῦ
1181 3586 1416 3640 τοσαῦτα
1445 3580 1705 3658 λέγωσιν,
1735 3579 1832 3647 ἕως
1861 3577 1924 3638 ἂν

361 3674 699 3744 ἀποδείξωσιν
733 3670 945 3739 ἑαυτοὺς
969 3669 1199 3744 πένητας
1224 3673 1296 3736 ὡς
1319 3666 1467 3747 ἐγώ.)

438 3783 535 3823 588.
564 3759 833 3839 (Αἰσώπου
856 3781 908 3816 τι
932 3759 1132 3837 γελοῖον
1166 3776 1181 3814 τ
1217 3754 1463 3822 Αἴσωπος
1487 3777 1664 3834 τραγω
1673 3752 1785 3821 δίας
1811 3752 1926 3831 ἐγέ-

357 3874 475 3911 νετο
503 3846 786 3929 ὑποκριτὴς
810 3843 1109 3926 γελοιώδης.
1130 3879 1210 3889 --
1227 3842 1502 3922 Αἰσχύλου
1530 3841 1584 3900 δὲ
1615 3816 1677 3915 ῆν
1707 3846 1926 3923 ὑποκρι-

280 3971 335 4012 ω
359 3939 468 4013 τής.
494 3950 555 3998 V.
582 3971 660 3984 --
683 3933 1198 4017 προπερισπωμένως
1217 3930 1272 3989 δὲ
1299 3930 1360 3990 τὸ
1392 3931 1636 4009 γελοῖον.)

438 4048 534 4088 558.
582 4022 748 4105 (εὐθὺς
773 4023 977 4082 ἀνέλκει
1009 4041 1023 4081 :
1055 4023 1147 4087 Εἷς
1165 4019 1227 4078 τὸ
1255 4022 1422 4098 βῆμα.
1454 4016 1539 4076 διὰ
1562 4017 1618 4077 δὲ
1640 4015 1728 4076 τὸν
1753 4008 1924 4076 οἶκτον

359 4118 407 4174 οἱ
431 4110 759 4189 δικαζόμενοι
781 4113 932 4168 τοῦτο
956 4104 1179 4177 ἐποίουν,
1200 4103 1288 4163 ἵνα
1311 4107 1577 4164 κάνταῦθα
1602 4105 1920 4181 ἐλεηθῶσιν.)

438 4223 535 4263 570.
570 4200 708 4280 (ἅμα
731 4200 997 4278 βληχᾶται
1021 4215 1035 4255 2
1057 4191 1229 4255 Ποιὰν
1248 4191 1423 4275 φωνὴν
1444 4191 1656 4273 ἀφίησιν
1677 4190 1922 4262 ἐλεεινήν.

360 4293 420 4349 ἐκ
448 4287 503 4348 δὲ
528 4292 623 4360 τῆς
646 4285 857 4363 ἀσήμου
887 4287 1059 4364 φωνῆς
1087 4283 1240 4353 δηλοῖ
1262 4280 1357 4353 τὴν
1389 4281 1642 4360 βραχεῖαν
1664 4281 1770 4337 τῶν
1796 4278 1922 4338 παί-

281 4408 333 4448 ςς,
361 4381 464 4438 δων
489 4374 743 4452 ἡλικίαν.)

438 4487 538 4527 57ι.
579 4468 672 4537 τῆς
699 4460 912 4534 εὐθύνης
940 4459 1199 4518 ἀπολῦσαι
1232 4478 1246 4517 :
1277 4458 1389 4529 Τῆς
1426 4454 1574 4528 δίκης
1610 4454 1923 4537 παρεκὸάλ-

358 4557 482 4613 λων.
516 4565 569 4613 V.
610 4562 738 4612 Vicc.

438 4659 536 4702 572.
575 4640 641 4717 (εἰ
663 4636 757 4715 μὲν
777 4634 978 4716 χαίρεις
1000 4631 1150 4714 ἀρνὸς
1167 4634 1311 4711 φωνῇ
1340 4650 1354 4691 ;
1377 4629 1568 4699 Παίζει
1584 4635 1782 4703 ταῦτα,
1807 4631 1922 4690 ἐπεὶ

359 4729 544 4788 ἐκεῖνοι
567 4723 729 4792 οὕτως
754 4722 1008 4800 λέγουσιν’
1036 4724 1080 4779 εἰ
1110 4718 1203 4798 μὲν
1229 4717 1422 4797 ἄρσενά
1450 4741 1527 4785 τις
1550 4717 1691 4796 ἔχει,
1714 4721 1786 4785 εἷς
1809 4716 1922 4785 τοὺς

280 4851 334 4891 50
362 4817 581 4897 ἄρσενας
599 4812 787 4871 ἀπίτω·
810 4808 930 4869 εἰδὲ
950 4807 1139 4881 θήλεα,
1159 4806 1250 4873 τὰς
1270 4803 1479 4876 θηλείας
1497 4803 1918 4884 κατοικτειράτω.

358 4904 529 4966 λείπει
555 4898 611 4960 δὲ
637 4899 698 4958 τὸ
725 4896 937 4969 ἐλέησον
966 4894 1055 4955 καὶ
1080 4890 1379 4970 ἀπόλυσον.)

437 5009 535 5053 578.
580 4984 864 5069 (χοιριδίοις
889 5003 902 5043 :
927 4980 1084 5044 Ἴσως
1100 4975 1180 5038 ὅτι
1199 4980 1376 5063 χοῖρος
1395 4978 1838 5060 προσαγορεύεται
1860 4977 1920 5037 τὸ

361 5085 647 5161 γυναικεῖον
674 5073 908 5151 αἰδοῖον.)

1508 302 1886 365 SCHOLIA
1933 303 2023 366 IN
2074 302 2423 365 VESPAS.

2093 450 2188 490 574.
2230 429 2318 489 τὸν
2347 429 2563 490 κόλλοπ’
2587 432 2796 508 ἀνεῖμεν
2826 451 2839 491 :
2876 428 3127 492 Κόλλοπα
3149 436 3245 506 τὴν
3274 439 3483 516 νευράν.
3512 454 3573 500 το

2010 521 2101 574 τοῦ
2128 515 2323 598 ταύρου
2348 520 2715 598 τραχηλιαῖον.
2747 517 3102 599 σκληρότατον
3126 526 3298 583 τοῦτο.
3325 522 3461 584 θέλει
3484 517 3575 586 οὗν

2012 606 2173 662 εἰπεῖν
2218 604 2280 664 τὸ
2315 604 2664 686 στερεώτατον
2707 609 2802 677 τῆς
2840 608 3017 685 ὀργῆς.
3063 619 3120 667 R.
3153 611 3311 689 (Ἀντὶ
3351 618 3441 671 τοῦ
3477 613 3573 686 τὴν

2012 690 2162 749 τάσιν
2182 696 2275 762 τῆς
2296 694 2453 770 ὀργῆς
2467 736 2483 763 ,
2505 690 2539 762 ἢ
2569 690 2629 750 τὸ
2652 690 3004 772 στερεώτατον
3023 698 3117 766 τῆς
3137 699 3331 777 ὁρμῆς,
3357 698 3461 757 ἀπὸ
3482 706 3574 759 τοῦ

2012 776 2148 837 κατὰ
2169 776 2258 837 τὸν
2275 778 2485 837 τένοντα
2505 779 2775 846 κόλλοπος.
2799 779 2912 838 ἔστι
2935 779 2990 839 δὲ
3014 780 3182 863 δέρμα
3206 785 3572 866 στερεώτατον.
3603 815 3630 853 5

2010 863 2046 936 ἢ
2072 865 2164 924 καὶ
2185 866 2331 947 παρὰ
2358 867 2444 925 τὸν
2466 866 2678 925 τένοντα
2703 868 2816 945 [τῆς
2840 868 3054 949 χορδῆς]
3077 871 3320 931 κάλλοπα
3343 873 3432 934 τὸν
3454 873 3575 934 κόλ-

2011 955 2170 1014 λοπα.
2294 954 2511 1021 Ἄλλως.
2553 954 2806 1020 κόλλοπες
2847 955 3089 1033 λέγονται
3131 960 3178 1015 οἱ
3220 960 3575 1021 πασσαλίσκοι

2010 1045 2104 1112 τῆς
2130 1041 2371 1123 κιθάρας,
2396 1046 2467 1110 εἷς
2495 1041 2581 1109 οὒς
2610 1043 3029 1120 ἀποδεσμοῦνται
3053 1047 3108 1101 αἱ
3131 1047 3332 1127 νευραὶ,
3357 1048 3447 1107 καὶ
3470 1051 3575 1107 τεί-

2011 1151 2185 1187 νονται
2218 1131 2601 1212 στρεφομένων.
2629 1132 2787 1210 ὀργῆς
2818 1121 2906 1189 οὖν
2944 1130 3180 1191 κόλλοπα
3218 1134 3334 1192 ἀντὶ
3360 1141 3453 1194 τοῦ
3479 1135 3576 1208 τὴν

2009 1215 2161 1275 τάσιν
2188 1223 2282 1290 τῆς
2305 1220 2504 1299 ὀργῆς.)
2530 1252 2605 1263 -—
2625 1219 2783 1299 ὀργῆς
2805 1217 2975 1297 ὀλίγον
3002 1221 3269 1298 χαλῶμεν.
3298 1233 3360 1280 V.
3605 1249 3658 1287 ιο

2091 1324 2190 1364 575.
2224 1304 2522 1383 (καταχήνη
2547 1324 2561 1365 t
2584 1305 2932 1384 Κατάγελως,
2956 1308 3379 1388 καταφρόνησις.)
3398 1334 3571 1392 -γρ.

2012 1390 2104 1449 καὶ
2130 1391 2379 1452 πλούτου.
2414 1404 2475 1473 ¹³:

2091 1498 2189 1539 577.
2238 1479 2345 1555 (καὶ
2372 1478 2580 1557 τάγαθά
2605 1504 2694 1559 μοι
2724 1479 2964 1558 μέμνησο
2995 1502 3009 1541 :
3039 1482 3147 1542 Καὶ
3175 1480 3442 1562 μέμνησο,
3478 1508 3573 1566 φη·

2013 1566 2115 1639 σὶν,
2146 1568 2326 1641 εἰπεῖν,
2356 1566 2391 1625 ἃ
2421 1566 2557 1647 ἔχεις
2581 1567 2797 1648 φάσκων
2822 1566 3002 1646 ἄρχειν
3026 1573 3118 1641 τῆς
3140 1569 3415 1638 Ἑλλάδος.
3442 1575 3575 1632 ἐπει-

2013 1652 2076 1725 δὴ
2115 1653 2289 1732 ἔλεγεν
2328 1659 2356 1713 6
2384 1653 2693 1714 Φιλοκλέων
2722 1654 2801 1713 ὅτι
2840 1659 2888 1714 οἱ
2922 1655 3165 1714 δικασταὶ
3203 1657 3452 1737 ἄρχουσιν
3483 1664 3577 1731 τῆς
3605 1681 3653 1721 15

2013 1740 2309 1819 Ἑλλάδος.)

2090 1849 2186 1889 578.
2233 1828 2453 1905 (παίδων
2482 1827 2650 1888 τοίνυν
2681 1828 3105 1909 δοκιμαζομένων
3139 1853 3155 1893 :
3187 1830 3332 1913 Πρὸς
3355 1832 3416 1891 τὸ
3444 1831 3573 1901 ἔθος.

2012 1912 2370 1996 Ἀριστοτέλης
2397 1915 2454 1975 δέ
2480 1938 2638 1997 φησιν
2662 1914 2743 1975 ὅτι
2769 1917 2930 1999 ψήφῳ
2952 1922 2999 1978 οἱ
3031 1918 3407 2000 ἐγγραφόμενοι
3436 1921 3575 1979 δοκι-

2013 2000 2265 2077 μάζονται
2288 2007 2335 2063 οἱ
2360 2002 2597 2084 νεώτεροι
2627 2002 2702 2081 μὴ
2732 2007 2862 2064 ἑτῶν
2895 2007 2964 2076 ιη’
2993 1998 3114 2067 εἶεν.
3136 2004 3261 2073 ἴσως
3288 2006 3333 2065 δ’
3364 2006 3425 2066 ἂν
3453 2013 3574 2089 περὶ

2009 2091 2113 2147 τῶν
2149 2091 2463 2169 κρινομένων
2491 2091 2693 2151 παίδων
2716 2094 2788 2158 εἷς
2815 2091 2931 2160 τοὺς
2953 2092 3234 2172 γυμνικοὺς
3259 2096 3464 2172 ἀγῶνας
3486 2095 3572 2154 λέ·
3602 2117 3659 2157 20

2010 2199 2117 2254 γοι,
2148 2179 2249 2257 οὐχ
2275 2181 2346 2246 ὡς
2373 2182 2427 2237 ἐν
2470 2178 2794 2260 δικαστηρίῳ
2823 2178 3158 2259 κρινομένων,
3195 2182 3311 2240 ἀλλ’
3338 2182 3442 2242 ὑπὸ
3474 2188 3576 2243 τῶν

2011 2264 2398 2346 πρεσὸυτέρων.
2519 2265 2737 2333 Ἄλλως.
2767 2270 2871 2325 τῶν
2894 2267 2995 2348 γὰρ
3018 2268 3219 2326 παίδων
3243 2268 3339 2341 τὴν
3367 2271 3574 2342 ἡλικίαν

2012 2351 2374 2429 δοκιμάζοντες
2399 2350 2467 2411 τὰ
2495 2353 2668 2412 αἰδοῖα
2696 2352 2955 2412 ἐσκόπουν
2983 2352 3070 2413 διὰ
3096 2354 3157 2414 τὸ
3180 2357 3379 2416 δεῖσθαι
3403 2360 3575 2418 αὐτῶν

2012 2442 2084 2505 εἰς
2109 2438 2170 2498 τὸ
2192 2439 2535 2520 χρησιμεύειν
2564 2441 2617 2498 ἑν
2639 2443 2755 2507 ταῖς
2783 2439 3168 2520 λειτουργίαις.)

2091 2546 2189 2588 579.
2233 2524 2331 2586 κᾶν
2353 2526 2581 2607 Οἴαγρος
2606 2547 2622 2588 z
2646 2525 2777 2587 Ὅτι
2798 2528 3042 2607 τραγικὸς
3069 2529 3351 2611 ὑποκριτὴς
3372 2532 3421 2609 (ὁ
3444 2531 3572 2592 Οἴα·
3604 2567 3659 2605 25

2011 2637 2131 2694 γρος
2159 2613 2361 2696 εἴρηται
2391 2613 2661 2695 πρότερον.
2690 2618 2762 2682 ὥς
2796 2614 3078 2693 θαυμάζων
3118 2615 3173 2675 δὲ
3201 2617 3357 2676 αὐτόν
3396 2642 3575 2699 φησιν,

2012 2701 2092 2759 ὅτι
2114 2700 2213 2761 κᾶν
2236 2704 2425 2769 ἐκεῖνος
2445 2705 2473 2760 6
2497 2701 2664 2782 μέγας
2684 2705 3064 2781 καταδικασθῇ.
3088 2705 3148 2762 ἐκ
3165 2707 3259 2775 τῆς
3278 2705 3475 2778 Νιόὸης
3497 2706 3573 2768 δέ.

2012 2789 2104 2848 καὶ
2125 2789 2231 2869 γὰρ
2257 2789 2508 2874 ὕπεκρίθη
2532 2788 2628 2863 τὴν
2658 2789 2859 2864 Νιόὸην
2886 2788 2921 2862 ἢ
2951 2790 3276 2873 Σρφοκλέους
3300 2792 3336 2865 ἢ
3367 2794 3576 2876 Αἰσχύ-

2010 2880 2125 2939 λου.
2156 2876 2398 2960 ἐπίχειρα
2423 2877 2478 2938 δὲ
2513 2877 2758 2957 μισθοὺς,
2782 2877 2850 2938 τὰ
2880 2879 2985 2938 ἀπὸ
3012 2883 3115 2938 τῶν
3147 2884 3338 2960 χειρῶν
3371 2882 3572 2964 κέρδη.)

2093 2966 2232 3045 (582).
2275 2969 2329 3025 ἐν
2369 2965 2589 3049 φορὸειᾷ
2635 2988 2650 3027 :
2694 2964 2956 3044 Φορὸειαί
2993 2968 3093 3025 εἶσι
3127 2966 3195 3026 τὰ
3232 2966 3467 3048 δέρματα
3508 2969 3574 3029 τὰ
3603 2991 3659 3030 ao

2010 3052 2133 3134 περὶ
2154 3053 2222 3112 τὰ
2241 3053 2480 3132 στόματα
2502 3056 2606 3112 τῶν
2628 3053 2868 3126 αὐλητῶν
2889 3053 3384 3132 προσδεσμευόμενα
3398 3101 3415 3128 ,
3434 3055 3576 3125 ὅπως

2012 3138 2075 3199 ἂν
2095 3140 2391 3221 σύμμετρον
2410 3139 2471 3199 τὸ
2491 3146 2701 3218 πνεῦμα
2720 3139 3057 3219 πεμπόμενον
3078 3142 3261 3211 ἡδεῖαν
3282 3142 3377 3213 τὴν
3400 3145 3575 3223 φωνὴν

2010 3233 2105 3287 τοῦ
2130 3230 2290 3288 αὐλοῦ
2314 3227 2535 3309 ποιήσῃ.
2558 3227 2587 3287 δ
2611 3225 2666 3287 δὲ
2683 3227 2856 3307 λέγει,
2878 3227 3031 3287 τοῦτό
3050 3230 3205 3287 ἐστιν·
3231 3228 3362 3288 ἐπὰν
3386 3231 3574 3311 νικήσῃ

2012 3316 2270 3389 αὐλητὴς,
2299 3317 2562 3377 ἀντίδοσιν
2598 3315 2784 3376 τούτου
2818 3315 3123 3396 προπέμπει
3152 3320 3293 3394 ἡμᾶς
3321 3315 3455 3394 μετὰ
3481 3324 3577 3378 τοῦ

2012 3405 2192 3463 αὐλοῦ.
2225 3404 2336 3473 ἔθος
2366 3405 2423 3464 δὲ
2460 3397 2522 3478 ἦν
2554 3407 2608 3463 ἐν
2643 3412 2759 3470 ταῖς
2791 3402 2979 3472 ἐξόδοις
3009 3406 3115 3463 τ’ῶν
3153 3408 3247 3475 τῆς
3283 3404 3579 3485 τραγῳδίας
3600 3431 3656 3473 85

2010 3495 2235 3572 χορικῶν
2272 3490 2568 3572 προσώπων
2616 3491 2962 3571 προηγεῖσθαι
3002 3489 3256 3562 αὐλητὴν,
3291 3490 3429 3550 ὥστε
3473 3495 3570 3553 αὖ-

2009 3579 2200 3636 λοῦντα
2222 3577 2572 3660 προπέμπειν,
2588 3575 2717 3657 ὅπερ
2740 3574 2932 3635 ἔλαὸεν
2957 3579 3028 3643 εἷς
3052 3576 3287 3648 ἰδιότητα
3304 3580 3407 3635 τῶν
3434 3580 3578 3640 δικα-

2011 3668 2149 3724 στῶν
2176 3669 2205 3724 6
2228 3664 2554 3738 Φιλοκλέων,
2602 3664 2682 3723 ὅτι
2709 3662 2871 3730 οὕτως
2902 3662 3022 3744 περὶ
3049 3662 3110 3722 τὸ
3137 3660 3309 3741 στόμα
3346 3656 3487 3746 εἶχον
3524 3670 3574 3727 οἱ

2009 3751 2279 3815 δικασταί.

2089 3860 2188 3900 583.
2237 3838 2540 3920 (ἐπίκληρον
2575 3858 2588 3898 :
2628 3836 2949 3919 Ἐπίκληρος
2978 3836 3192 3917 λέγεται
3219 3843 3255 3911 ἡ
3284 3843 3374 3900 νῦν
3412 3862 3573 3919 μονο-
3600 3867 3659 3911 ω

2010 3926 2331 4008 κληρονόμος
2359 3924 2697 4003 καλουμένη.)

2088 4020 2119 4075 6
2139 4014 2319 4096 πατήρ
2341 4038 2439 4074 τινι
2463 4015 2737 4086 ἐκδοθῆναι
2765 4011 3074 4073 καταλιπὼν
3101 4013 3198 4086 τὴν
3229 4012 3571 4097 θυγατέραΝ.

2091 4124 2189 4164 585.
2231 4101 2323 4161 καὶ
2343 4106 2408 4182 τῇ
2433 4101 2602 4181 κόγχῃ
2632 4123 2646 4162 t
2679 4104 2823 4179 (Τοῖς
2848 4101 3123 4181 σημείοις.)
3151 4105 3223 4170 ὡς
3248 4103 3444 4183 κόγχας
3465 4106 3576 4163 ἐπι-

2008 4189 2252 4249 τιθέντων
2287 4190 2400 4256 ταῖς
2436 4190 2733 4270 σφραγῖσιν,
2770 4189 3060 4271 ἀσφαλείας
3096 4188 3267 4250 ἕνεκα.
3298 4190 3482 4271 (κόγχῃ
3517 4189 3575 4250 δὲ

2008 4281 2085 4356 τῷ
2112 4276 2375 4358 κογχυλίῳ
2402 4280 2479 4354 τῷ
2502 4276 2817 4357 ἐπικειμένῳ
2844 4285 2959 4345 ταῖς
2985 4281 3264 4359 σφραγῖσι,
3293 4277 3379 4337 διὰ
3407 4278 3467 4338 τὸ
3495 4277 3571 4356 μὴ
3600 4300 3653 4344 ιε

2009 4364 2348 4447 ἀφανίζεσθαι
2375 4363 2492 4431 τοὺς
2513 4362 2705 4431 τύπους
2731 4366 2936 4442 αὐτῆς.)

2089 4473 2186 4513 585.
2232 4449 2441 4532 (ἔδομεν
2478 4450 2674 4522 ταύτην
2714 4471 2728 4512 :
2765 4451 3076 4531 Ἐκδίδομεν
3103 4452 3268 4524 αὐτήν
3303 4477 3460 4536 φησι,
3494 4456 3573 4535 τῷ

2009 4541 2378 4621 δωροδοκοῦντι
2400 4541 2581 4619 ἡμᾶς.)

2087 4648 2184 4688 587.
2210 4627 2551 4687 ἀνυπεύθυνοι
2582 4648 2598 4688 t
2629 4625 2874 4706 Ἔνοχοι,
2896 4627 3248 4706 ὗποκείμενοι.
3284 4637 3411 4689 Vtct.

2086 4735 2186 4775 588.
2237 4713 2544 4795 (μακαρίζω
2583 4734 2598 4774 :
2640 4713 2828 4775 Δείπει
2854 4718 2888 4784 ἡ
2917 4714 3073 4773 κατά.
3113 4714 3254 4774 κατὰ
3291 4716 3445 4778 τοῦτό
3484 4740 3572 4793 σε,
3601 4751 3661 4792 5⁰

2008 4827 2162 4886 φησι,
2191 4802 2494 4884 μακαρίζω,
2517 4801 2578 4860 τὸ
2609 4801 2936 4881 ἀνεγκλήτως
2962 4802 3249 4882 πράττειν.)

2085 4912 2181 4952 589.
2211 4888 2668 4968 ἀνακογχυλιάζων
2691 4908 2706 4948 :
2730 4888 2871 4970 Πρὸς
2890 4887 2985 4959 τὴν
3002 4890 3267 4970 κογχύλην
3284 4890 3564 4974 πέπαιχεν.

2008 4975 2236 5056 (λέγουσι
2270 4977 2324 5035 δὲ
2365 4974 2603 5056 βραχέως
2638 4974 2733 5047 τὴν
2760 4976 2804 5033 δ’
2835 4975 3104 5049 συλλαὸἡν
3142 4984 3232 5039 τοῦ
3260 4983 3564 5061 ἀνακογχυ-

2008 5065 2207 5126 λιάσαι.
2237 5062 2377 5144 λέγει
2402 5062 2456 5121 δὲ
2487 5063 2602 5123 ἀντὶ
2632 5067 2721 5121 τοῦ
2751 5061 3071 5145 καταλύων.)
