3859 5725
1572 284 1732 347 SCH
1747 284 1962 345 OLIA
2016 284 2110 345 IN
2159 283 2512 347 VESPAS.

3565 304 3677 359 139

459 423 490 479 δ
512 416 730 500 πατήρ.)
755 413 959 496 κιγκλὶς
979 412 1080 495 γὰρ
1102 416 1137 485 ἡ
1159 410 1290 494 θύρα
1313 416 1404 471 τοῦ
1429 410 1792 492 δικαστηρίου,
1822 411 1908 489 (ἢν
1932 410 2024 471 καὶ
2110 412 2265 492 ἐπιθῇ
2293 413 2425 492 αὐτῇ
2446 409 2597 482 ξύλον
2619 412 2692 482 εἰς
2715 411 2898 494 βάρος,
2922 413 3008 474 διὰ
3035 413 3130 484 τὰς
3161 421 3253 476 τοῦ
3281 416 3479 500 πατρὸς
3500 443 3681 501 μηχα-

457 502 796 586 καγκελωτὴν
823 503 1065 563 καλοῦσι.
1105 500 1346 580 κνεφαῖος
1373 496 1457 572 δὲ,
1497 497 1576 557 ἔτι
1607 498 1821 567 σκότους
1853 498 2025 573 ὄντος,
2109 499 2243 579 νάς.)

455 594 549 654 καὶ
585 592 748 672 μήπω
787 588 1067 671 γενομένης
1099 587 1329 669 ἡμέρας,
1355 585 1445 646 ὅτε
1488 589 1547 646 ἐν
1585 588 1663 668 τῷ
1704 587 2026 670 δικαστηρίῳ

455 686 492 741 ἃ
535 684 688 741 ωλθεν
716 726 730 740 .

402 778 433 819 ⁸
492 706 633 828 πῖνε.
679 682 931 845 ()ἐντεῦθεν
958 765 1054 823 οὔκ
1080 761 1153 822 ἔτ’
1186 761 1343 823 αὐτόν
1375 783 1390 825 :
1416 760 1531 823 Ἀπ’
1554 760 1752 822 ἐκείνου
1778 767 1870 822 τοῦ
1895 761 2022 843 χρό·

454 879 574 930 νου,
600 852 738 935 μετὰ
765 858 951 913 ταῦτα.

534 941 858 1025 ἐξεφρείομεν
884 961 900 1002 2
925 938 1310 1021 Ἐξεφέρομεν.)

538 1052 632 1093 12⁶.
681 1032 1026 1112 (ὑδρορροῶνε
1056 1032 1128 1089 Οἱ
1162 1029 1329 1087 κοῖλοι
1358 1026 1537 1103 τόποι,
1575 1026 1642 1086 δι’
1677 1018 1751 1088 ὧν
1775 1028 1943 1112 χωρεῖ
1967 1026 2027 1087 τὸ

454 1119 595 1203 ὕδωρ
615 1119 679 1179 τὸ
705 1119 757 1189 ἐξ
781 1117 982 1197 ὃετῶν.)

368 1226 430 1268 10
539 1228 632 1267 128.
679 1203 1020 1284 (ἐνεδύσαμεν
1093 1223 1110 1264 z
1177 1200 1625 1284 Ἐπληρώσαμεν,
1706 1199 2024 1284 ἐφράξαμεν.

453 1293 696 1376 Ὄμηρος
721 1300 839 1366 [od.
859 1305 901 1352 Δ
909 1336 927 1366 ,
950 1297 1045 1364 134]
1068 1318 1093 1344 α
1116 1291 1347 1370 νήματος
1368 1294 1618 1363 ἀσκητοῖο
1641 1288 1978 1371 βεὸυσμένον.
2002 1316 2026 1341 ν

533 1380 963 1459 κάπακτώσαμεν
986 1399 1002 1441 :
1020 1378 1252 1461 Ἐφράξα
1259 1402 1373 1459 μεν,
1389 1377 1791 1461 ἐπληρώσαμεν.
1808 1380 2027 1437 πακτῶ-

456 1495 550 1543 σαι
570 1468 673 1551 γὰρ
694 1470 757 1529 τὸ
780 1469 1091 1551 σφηνῶσαι.)

541 1561 675 1639 (129).
700 1554 929 1637 ὡσπερεὶ
955 1554 1186 1623 κολοιόςε
1208 1555 1333 1622 Τοῖς
1354 1552 1456 1635 γὰρ
1482 1555 1536 1612 ἐν
1563 1556 1640 1635 τῷ
1661 1552 1789 1634 οἴκῳ
1806 1555 2028 1621 κολοιοῖς

374 1662 430 1703 15
454 1645 570 1725 [καὶ
594 1647 702 1713 τοῖς
729 1643 908 1710 ἄλλοις
944 1640 1158 1725 ὀρνέοις]
1197 1640 1489 1721 πηγνύουσι
1517 1641 1807 1717 πάτταλον,
1838 1639 1926 1699 ἵνα
1957 1643 2027 1708 εἰς

456 1731 643 1802 αὐτοὺς
670 1731 931 1792 ἅλλοιντο.
1032 1712 1057 1747 ⁹

538 1840 632 1881 133.
679 1817 1005 1898 (Φιλοκλέων
1058 1839 1074 1879 t
1115 1817 1280 1886 Ἰδίως
1324 1806 1439 1875 εἶπε
1479 1819 1546 1897 τῇ
1583 1814 1771 1898 φράσει
1821 1817 1899 1897 τῷ
1929 1816 2027 1895 υἱῷ

453 1906 620 1987 ὄνομα
648 1905 985 1969 Βδέλυκλέων
1012 1906 1104 1965 καὶ
1123 1908 1199 1987 τῷ
1221 1904 1383 1986 πατρὶ
1407 1904 1572 1980 ὄνομα
1596 1902 1947 1982 Φιλοκλέων.)

537 2016 633 2058 135.
680 1995 836 2076 (ἔχων
865 1993 1086 2076 τρόπους
1116 2013 1131 2055 :
1162 1991 1498 2059 Ἀντίπτωσίς
1528 1994 1689 2050 ἐστιν·
1725 1993 1897 2050 εὐθεῖα
1925 1990 2028 2073 γάρ

370 2104 429 2144 110
457 2084 598 2143 ἐστιν
631 2084 745 2143 ἀντὶ
780 2085 984 2155 δοτικῆς
1022 2087 1116 2153 τῆς
1155 2080 1347 2161 ἔχοντι.
1385 2078 1618 2151 συνήθως
1659 2076 1715 2137 δὲ
1755 2077 2030 2160 ὀφρύαγμο

454 2171 565 2231 ἀπὸ
586 2178 676 2231 τοῦ
698 2174 883 2254 ὀφρῦς,
901 2169 937 2242 ἢ
956 2168 1208 2252 φρύαγμα
1223 2214 1240 2247 ,
1261 2166 1355 2228 καὶ
1377 2166 1567 2245 σεμνὸν
1586 2167 1701 2227 ἀντὶ
1717 2171 1808 2226 τοῦ
1832 2166 2030 2248 ὑπερή-

455 2261 659 2342 φανον.)
684 2293 765 2303 -
788 2258 1028 2318 σύνθετον
1056 2256 1204 2338 παρὰ
1223 2255 1319 2329 τὴν
1348 2254 1505 2337 ὀφρὺν
1539 2255 1631 2315 καὶ
1664 2254 1915 2337 φρύαγμα
1938 2255 2030 2314 καὶ

455 2347 518 2407 τὸ
547 2345 755 2425 σεμνόν.
776 2358 836 2406 R.

540 2456 636 2498 135.
678 2433 981 2515 (καθεύδετε
1004 2455 1021 2496 :
1044 2433 1138 2495 Ἐν
1154 2433 1469 2512 ἄπειλητικῇ
1490 2435 1635 2513 φωνῇ
1655 2429 1808 2491 τοῦτό
1829 2431 2027 2514 φησιν.)

371 2546 429 2588 25
543 2544 636 2585 139.
681 2525 772 2603 (εἰς
794 2523 885 2583 τὸν
910 2522 1058 2582 ἰπνόν
1084 2542 1099 2583 t
1124 2521 1293 2588 Ἰπνὸς
1312 2518 1503 2602 κυρίως
1528 2524 1564 2592 ἡ
1587 2518 1832 2598 κάμινος,
1855 2524 1946 2579 νῦν
1974 2518 2031 2577 δὲ

456 2611 519 2672 τὸ
556 2610 850 2693 μαγειρεῖόν
889 2633 1067 2693 φησιν,
1089 2611 1141 2668 ἐν
1169 2600 1214 2690 ᾧ
1239 2606 1414 2668 λαθὼν
1447 2605 1634 2674 αὐτοὺς
1660 2611 1689 2666 ὁ
1720 2605 2032 2670 Φιλοκλέων

459 2701 693 2772 εἰσῆλθεν
716 2698 807 2758 καὶ
830 2699 903 2766 εἰς
922 2696 1126 2780 τρύπην
1154 2695 1356 2773 ὑπέδυ.)

542 2808 635 2849 140.
680 2786 963 2868 (μυσπολεῖ
993 2806 1009 2847 :
1037 2781 1402 2856 Καταδύεται,
1429 2784 1501 2850 ὡς
1530 2787 1631 2860 μῦς
1662 2790 1835 2864 φοιτᾷ.
1870 2779 2033 2849 οὕτως

458 2878 510 2936 οἱ
530 2875 755 2936 Ἀττικοὶ
777 2874 882 2934 ὑπὸ
909 2873 1035 2953 μίαν
1072 2872 1228 2942 λέξιν.
1349 2870 1565 2939 Ἄλλως.
1597 2869 1729 2952 πρὸς
1754 2869 1852 2943 τὴν
1873 2869 2032 2944 λέξιν,

372 2983 437 3025 ao
461 2962 543 3024 ὅτι
569 2963 676 3023 ἀπὸ
700 2968 806 3024 τῶν
840 2967 985 3042 μυῶν
1014 2960 1193 3022 ἔοικεν·
1214 2962 1805 3039 ὣνοματοπεποιῆσθαι,
1839 2958 1900 3018 τὸ
1927 2959 2036 3018 διε-

461 3057 739 3134 ρευνᾶσθαι
760 3048 974 3133 κρύφα.)
1987 3115 1991 3119 ,

546 3161 640 3202 141.
681 3136 821 3199 κατὰ
863 3143 960 3210 τῆς
998 3137 1193 3197 πυέλου
1238 3157 1254 3197 t
1297 3137 1388 3215 (At
1424 3134 1528 3216 γὰρ
1572 3132 1758 3193 πύελοι
1797 3132 2035 3216 τρώγλας

461 3218 604 3307 εἶχον
625 3226 715 3288 ἐπὶ
734 3227 829 3299 τὴν
853 3225 970 3286 ὁδὸν
996 3223 1127 3307 πρὸς
1147 3223 1208 3282 τὸ
1227 3223 1289 3283 τὸ
1310 3222 1449 3303 ὕδωρ
1480 3221 1798 3302 ἐξέρχεσθαι.
1918 3220 2036 3282 Ἄλ·

458 3318 582 3384 λως.
611 3320 647 3389 ἡ
673 3314 864 3382 πύελος
891 3312 1002 3393 ἔχει
1038 3310 1299 3393 τρώγλην,
1336 3313 1401 3371 διἸ
1438 3304 1502 3383 ἧς
1536 3308 1922 3389 ἀπολουόμενον
1946 3312 2033 3370 ἐκ·

374 3419 434 3461 85
460 3402 643 3484 χέουσι
662 3402 723 3462 τὸ
751 3408 839 3482 θερ
945 3446 958 3459 .
985 3398 1165 3467 παίζει
1195 3397 1252 3457 δὲ
1275 3397 1367 3457 καὶ
1392 3403 1546 3457 τοῦτο
1570 3400 1642 3464 ὡς
1673 3397 1760 3456 ἐπὶ
1789 3397 1952 3477 μυός.)
1973 3433 2037 3444 -

460 3492 518 3550 ἐν
538 3494 615 3573 τῷ
641 3493 784 3571 αὐτῷ
804 3512 828 3548 ε
850 3511 944 3569 χον
968 3486 1059 3548 καὶ
1079 3485 1175 3559 τὴν
1201 3484 1392 3547 πύελον
1419 3484 1512 3546 καὶ
1533 3484 1595 3546 τὸ
1614 3484 1846 3567 λουτρόν.
1874 3496 1935 3545 R.

544 3599 639 3639 142.
680 3577 902 3650 οἰκέτης.
938 3588 998 3636 R.

545 3686 640 3728 143.
687 3665 884 3745 (κάπνη
911 3685 927 3724 :
950 3663 1021 3725 Ἥ
1050 3658 1375 3740 καπνοδόχη.
1403 3658 1515 3719 ἔστι
1537 3658 1595 3720 δέ
1619 3683 1672 3719 τι
1700 3659 2038 3732 σωληνοειδὲς

461 3751 553 3812 ἐπὶ
577 3758 682 3813 τῶν
712 3750 1044 3833 μαγειρείων,
1063 3751 1130 3810 δι’
1150 3740 1213 3809 οὗ
1235 3753 1264 3808 ὁ
1289 3745 1486 3814 καπνὸς
1505 3745 1708 3817 ἔξεισιν.
1732 3750 1804 3815 ὣς
1828 3740 1918 3806 οὗν
1942 3753 2035 3807 τοῦ

374 3861 436 3904 ω
462 3841 830 3910 Φιλοκλέωνος
848 3837 1174 3922 πειρωμένου
1203 3835 1268 3896 δι’
1288 3838 1450 3908 αὐτῆς
1474 3834 1694 3905 ἐξελθεῖν
1717 3835 1809 3894 καὶ
1836 3833 2034 3895 κτύπον

459 3927 778 4002 ποιήσαντος
810 3927 964 3988 τοῦτό
995 3950 1143 4009 φησι.
1171 3930 1344 3985 ταῦτα
1376 3922 1434 3983 δὲ
1459 3922 1638 3983 πάντα
1671 3921 1886 4001 κωμικά
1922 3925 2036 3983 ἐστι

459 4023 554 4078 τοῦ
585 4016 788 4097 γελοίου
812 4015 1012 4099 χάριν.)

544 4125 640 4166 144.
681 4105 972 4177 Φιλοκλῆς.
1003 4104 1074 4165 Β.

545 4211 642 4255 145.
686 4190 898 4273 (συκίνῳ
926 4211 944 4252 t
972 4188 1103 4251 “On
1130 4187 1222 4248 καὶ
1249 4189 1298 4247 οἱ
1330 4184 1577 4246 δικασταί
1607 4184 1913 4269 δριμύτατοι
1943 4185 2034 4246 καὶ

370 4301 429 4342 45
459 4283 493 4340 ὁ
514 4280 701 4363 γέρων.
727 4276 1049 4340 καπνοποιὸν
1073 4275 1176 4358 γὰρ
1196 4275 1258 4335 τὸ
1286 4273 1491 4335 σύκινον
1512 4271 1677 4343 ξύλον.
1703 4273 1795 4332 καὶ
1818 4271 1899 4334 ὅτι
1923 4277 1953 4333 ὃ
1973 4275 2034 4333 ἐκ

454 4371 565 4429 τῶν
582 4366 804 4428 συκίνων
822 4363 990 4435 ξύλων
1013 4363 1209 4432 καπνὸς
1231 4360 1544 4444 δριμύτατος
1560 4360 1651 4419 καὶ
1667 4360 2033 4442 Ἀριστοτέλης

457 4454 619 4539 φησὶν
642 4458 696 4515 ἐν
720 4452 1113 4536 Προὸλήματι.)
1806 4516 1811 4520 ,

542 4563 639 4605 147.
685 4544 800 4621 (οὔκ
826 4539 1122 4623 ἐσερρήσεις
1146 4561 1207 4620 γε
1239 4560 1255 4601 :
1285 4536 1381 4607 Ὡς
1405 4536 1469 4598 ἂν
1509 4539 1587 4618 τῷ
1627 4538 1815 4618 καπνῷ
1853 4534 2031 4615 φησὶν,

455 4634 555 4693 οὔκ
575 4629 856 4692 εἰσελεύσει
878 4628 1014 4709 μετὰ
1036 4632 1229 4711 φθορᾶς
1236 4651 1255 4702 3

365 4740 429 4782 ω
540 4723 724 4780 ποῦσθ’
746 4722 781 4791 ἡ
796 4716 954 4791 τηλία
981 4736 996 4778 :
1015 4719 1104 4797 Τῇ
1121 4714 1299 4796 κάπνῃ
1325 4712 1570 4795 βούλεται
1589 4713 1842 4771 ἐπιθεῖναι
1865 4714 2031 4790 πῶμα

455 4807 558 4882 τὴν
587 4807 796 4880 τηλίαν.
821 4804 981 4879 τηλία
1009 4803 1091 4878 δὲ,
1117 4803 1264 4872 σανὶς
1288 4802 1500 4883 βαθεῖα,
1525 4803 1579 4860 ἐν
1601 4793 1639 4881 ᾖ
1661 4797 1729 4859 τὰ
1758 4799 1953 4882 ἄλφιτα
1978 4802 2030 4859 ἐν

456 4901 526 4979 τῇ
552 4898 719 4978 ἀγορᾷ
736 4893 1098 4977 ἐπίπρασκον.)

547 5003 642 5045 148.
688 4981 821 5063 (φέρ’
859 4982 1106 5041 ἐπαναθῶ
1136 5002 1218 5039 σοι
1244 4978 1335 5038 καὶ
1377 4976 1526 5046 ξύλον
1563 4998 1578 5038 t
1618 4977 1702 5037 Οὐ
1748 4979 1824 5056 τῷ
1868 4975 2032 5055 πατρὶ

456 5077 631 5136 ταῦτα
666 5067 835 5150 λέγει,
859 5065 997 5130 ἀλλὰ
1024 5070 1092 5148 τῇ
1122 5065 1318 5148 κάπνη.
1356 5065 1392 5138 ἢ
1414 5063 1541 5147 πρὸς
1580 5062 1675 5136 τὴν
1702 5060 1913 5141 τηλίαν,
1943 5059 2031 5119 ἵνα

2190 608 2287 648 149.
2335 587 2582 667 (ἐνταῦθα
2603 592 2691 647 νῦν
2716 607 2733 650 :
2759 587 3102 660 Ἀποκλείσας
3122 590 3221 666 τὴν
3246 592 3469 664 διέξοδον
3486 601 3577 657 τοῦ
3603 597 3681 677 μὴ

2109 676 2393 748 δυνηθῆναι
2413 675 2567 737 αὐτὸν
2594 678 2842 737 εἰσελθεῖν
2858 678 3026 738 ταῦτά
3047 682 3214 762 φησι.)

2167 785 2288 831 ,151.
2332 763 2472 832 ὅστις
2496 765 2693 846 πατρὸς
2717 770 2809 825 νῦν
2846 766 3066 827 καπνίου
3099 789 3116 829 t
3147 768 3257 830 Τὸν
3294 770 3679 848 ὑπεκλυόμενον

2110 841 2246 910 οἶνόν
2269 850 2399 932 φασί
2418 876 2552 920 τινες
2571 851 2799 912 καπνίαν
2823 851 3086 932 λέγεσθαι.
3108 857 3161 915 ἐν
3186 854 3240 915 δὲ
3259 866 3366 926 τοῖς
3383 858 3505 938 περὶ
3529 862 3679 942 Κρα·
3709 883 3735 923 5

2108 935 2251 997 τίνου
2290 936 2586 1017 διώρισται,
2625 942 2672 999 εἰ
2694 939 2784 1000 τὸν
2807 940 3060 1002 ἀπόθετον
3096 939 3131 1014 ἢ
3173 943 3264 1003 καὶ
3299 944 3546 1006 παλαιόν.
3585 946 3685 1025 (διὸ

2110 1024 2466 1107 Ἐκφαντίδην
2497 1026 2743 1087 Καπνίαν
2770 1030 3043 1092 καλοῦσιν.
3165 1027 3386 1099 Ἄλλως.
3412 1032 3528 1111 ἅμα
3555 1033 3685 1115 πρὸς

2109 1113 2170 1173 τὸ
2191 1119 2379 1196 καπνῷ
2404 1116 2668 1174 εἰκακέναι
2690 1114 2892 1176 ἑαυτόν.
2914 1107 3027 1176 εἷπε
3047 1115 3177 1200 γὰρ,
3200 1120 3398 1188 καπνὸς
3421 1120 3540 1198 ἐγώ.
3570 1122 3685 1201 ἅμα

2112 1200 2166 1259 δὲ
2195 1200 2288 1260 καὶ
2313 1201 2488 1275 κάπνη
2519 1193 2651 1270 εἶδος
2673 1203 2913 1282 ἀμπέλου
2943 1202 3224 1286 ξηρότατον
3249 1206 3340 1266 καὶ
3369 1207 3684 1290 δριμύτατον

2111 1282 2245 1348 οἶνον
2275 1288 2552 1364 ποιούσης,
2581 1291 2771 1369 ὁμοίως
2801 1296 2989 1371 καπνῷ
3013 1299 3266 1353 ποιοῦντα
3303 1294 3526 1378 δάκρυα.
3550 1295 3685 1366 τινὲς
3715 1325 3767 1365 10

2112 1375 2166 1435 δὲ
2195 1376 2423 1436 καπνίαν
2463 1368 2599 1439 οἶνον
2635 1380 2689 1437 ἐν
2723 1378 3023 1462 Βενεὸεντῷ
3055 1385 3149 1454 τῆς
3186 1381 3419 1452 Ἰταλίας
3452 1383 3688 1465 γίνεσθαί

2112 1487 2259 1546 φασι.
2284 1465 2376 1524 καὶ
2399 1466 2597 1525 καπνία
2618 1470 2653 1538 ἡ
2686 1465 2959 1547 ἄμπελος.)
2990 1503 3072 1514 —-
3091 1469 3287 1541 παίζει.
3312 1483 3373 1531 R.

2195 1572 2287 1611 153.
2329 1552 2459 1632 πρὸς
2484 1552 2581 1624 τὴν
2608 1551 2790 1635 θύραν,
2816 1553 2903 1614 ἵνα
2933 1554 3096 1628 αὐτὴν
3122 1557 3359 1641 τηρήσω.
3384 1570 3446 1617 V.

2195 1660 2287 1700 155.
2333 1640 2667 1723 (ἐκτρώξεται
2703 1662 2719 1702 t
2759 1640 2898 1701 Ἀντὶ
2935 1648 3027 1701 τοῦ
3054 1641 3143 1703 τὸν
3187 1643 3389 1725 μοχλὸν
3428 1643 3685 1727 φύλαττε,

2111 1725 2252 1794 ὅπως
2273 1726 2348 1805 μὴ
2369 1726 2429 1787 τὸ
2451 1730 2687 1810 κλεῖθρον
2711 1726 2892 1811 φαγὼν
2921 1727 3123 1810 ἐξέλθῃ.
3718 1761 3767 1801 15

2195 1813 2421 1894 βάλανον
2449 1834 2464 1875 :
2494 1815 2601 1876 Τον
2629 1816 2846 1896 μοχλόν.
2875 1816 3067 1898 κυρίως
3091 1814 3146 1875 δὲ
3182 1815 3243 1876 τὸ
3271 1819 3343 1885 εἰς
3369 1817 3458 1877 τὸν
3489 1819 3686 1900 μοχλὸν

2114 1901 2364 1983 σιδήριον,
2380 1900 2408 1961 ὃ
2422 1903 2684 1981 καλοῦμεν
2705 1902 2992 1982 μάγγανον.
3006 1905 3097 1963 καὶ
3119 1905 3337 1985 βάλανοι
3352 1904 3418 1965 τὰ
3439 1906 3686 1986 μάγγανα

2110 1995 2214 2063 τῆς
2231 1988 2571 2058 κλειδώσεως.
2609 1989 2700 2050 καὶ
2737 1991 3103 2071 βεὸαλάνωται
3141 2000 3252 2065 [Av.
3288 2001 3411 2066 1159]
3452 1994 3568 2053 ἀντὶ
3595 2001 3687 2055 τοῦ

2113 2078 2471 2139 κεκλείδωται.
2496 2078 2589 2139 καὶ
2611 2079 2924 2162 βαλανάγρα
2944 2085 2978 2153 ἡ
3002 2080 3170 2157 κλεὶς,
3199 2079 3348 2162 παρὰ
3369 2081 3429 2141 τὸ
3452 2081 3690 2164 ἀγρεύειν

2112 2165 2210 2240 τὴν
2230 2165 2495 2247 βάλανον.)
3717 2195 3771 2235 20

2199 2275 2292 2316 157.
2336 2254 2694 2337 Δρακοντίδης
2736 2275 2755 2317 τ
2796 2255 3037 2339 Πονηρὸς
3082 2247 3230 2324 οὗτος
3272 2254 3381 2336 (καῖ
3420 2255 3692 2326 πλείσταις

2114 2343 2424 2412 καταδίκαις
2450 2343 2784 2424 ἐνεχόμενος,
2803 2348 2873 2413 ὡς
2896 2343 3130 2405 Πλάτων
3155 2347 3459 2427 Σοφισταῖς.
3487 2349 3534 2406 K
3543 2346 3692 2405 αλλί-

2116 2455 2335 2513 στρατος
2361 2428 2417 2491 δὲ
2438 2430 2528 2490 ἕνα
2550 2436 2654 2491 τῶν
2676 2432 2727 2491 λ’
2749 2432 2926 2514 φησὶν,
2957 2435 3002 2492 εἰ
3033 2430 3109 2510 μὴ
3133 2430 3428 2511 ὁμώνυμος.
3459 2431 3571 2491 ἔστι
3588 2432 3690 2514 γὰρ

2116 2511 2264 2587 οὗτος
2290 2523 2319 2578 ὁ
2340 2518 2400 2579 τὸ
2426 2517 2547 2601 περὶ
2577 2521 2682 2578 τῶν
2714 2520 2769 2579 λ’
2799 2519 3049 2603 ψήφισμα
3074 2520 3196 2602 περὶ
3230 2518 3540 2601 ὀλιγαρχίας
3559 2520 3690 2602 γρά-

2115 2609 2244 2691 ψας,
2273 2611 2344 2675 ὣς
2372 2605 2729 2689 Ἀριστοτέλης
2749 2609 2802 2667 ἐν
2827 2607 3173 2687 Πολιτείαις.)
3717 2646 3771 2686 25

2199 2716 2292 2756 100.
2337 2696 2666 2767 ἀποσκλῆναι
2691 2716 2707 2756 2
2731 2695 3049 2770 Ἀποθανεῖν,
3069 2694 3514 2777 ἀποξηρανθῆναι.
3547 2707 3675 2756 Vict.

2202 2802 2295 2842 164.
2340 2780 2464 2850 ὀδὰξ
2494 2781 2555 2841 τὸ
2589 2781 2791 2842 δίκτυον
2826 2804 2842 2844 :
2879 2786 2995 2845 Νῦν
3031 2781 3192 2843 πάλιν
3232 2781 3319 2843 διὰ
3353 2788 3446 2842 τοῦ
3483 2784 3692 2844 δικτύου

2117 2869 2357 2955 φαίνεται
2385 2869 2494 2929 ἅνω
2516 2868 2665 2951 παρὰ
2690 2870 2786 2943 τὴν
2813 2869 3168 2951 καπνοδόχην.
3685 2865 3688 2869 ’

2199 2981 2294 3021 165.
2338 2959 2472 3037 (ἀλλ’
2496 2960 2591 3017 οὐκ
2613 2957 2749 3039 ἔχεις
2771 2959 2984 3027 ὀδόντας
3019 2981 3035 3020 :
3070 2958 3345 3033 Ἐπαιξεν,
3377 2957 3494 3018 ἐπεὶ
3522 2957 3690 3041 γέρων

2116 3039 2199 3123 ἦν.
2225 3050 2276 3108 οἱ
2305 3047 2359 3106 δὲ
2378 3045 2611 3127 γέροντες
2637 3046 2999 3107 ἀποὸάλλουσι
3019 3046 3138 3114 τοὺς
3158 3044 3410 3122 ὀδόντας.)
3719 3076 3774 3117 ³0

2200 3156 2294 3197 1⁶7.
2335 3131 2608 3212 τιμητικόν
2637 3153 2651 3194 :
2688 3132 3186 3211 (Καταδικαστικὸν,
3209 3132 3339 3192 ὅπου
3359 3131 3460 3207 τὴν
3479 3133 3690 3216 μακρὰν

2116 3221 2474 3306 χαράσσοντες
2500 3219 2859 3295 κατεδίκαζον,
2882 3220 2918 3293 ἢ
2942 3219 3038 3293 τὴν
3064 3218 3278 3303 μικρὰν,
3301 3220 3394 3279 καὶ
3417 3219 3687 3300 ἀπέλυον,)

2118 3341 2190 3352 -
2216 3314 2290 3378 εἰς
2312 3309 2341 3369 ὃ
2369 3306 2560 3387 ἐτίμων
2584 3307 2676 3367 καὶ
2701 3307 2796 3377 τὰς
2834 3307 3042 3394 μακρὰς
3082 3306 3370 3390 λεγομένας
3411 3299 3581 3370 εἷλκον
3635 3311 3690 3368 ἐν

2118 3403 2225 3468 τοῖς
2246 3397 2444 3458 ἐπάνω.
2477 3409 2537 3457 R.
3436 3446 3486 3470 ,Α

2200 3507 2294 3548 1⁰9.
2338 3480 2647 3565 (ἀποδόσθαι
2678 3504 2694 3545 :
2727 3486 3006 3556 Πωλῆσαι.
3040 3486 3060 3564 )
3717 3512 3771 3554 85

2202 3596 2295 3637 170.
2340 3570 2660 3652 (κανθηλίοις
2687 3591 2703 3632 t
2735 3569 2916 3638 Ὀνοις
2942 3568 3232 3650 μεγάλοις.)

2197 3661 2266 3723 τὰ
2293 3656 2626 3737 ἐπιτιθέμενα
2654 3661 2800 3743 αὐτῷ
2823 3660 3103 3733 κανθήλια.
3127 3670 3189 3719 R.
3214 3658 3322 3726 τοῖς
3342 3657 3640 3733 κανθηλίοις
3669 3677 3685 3720 2

2117 3750 2306 3816 Λείπει
2330 3754 2366 3823 ἡ
2395 3747 2508 3811 σύν.
2547 3762 2675 3810 Vict.
3615 3758 3622 3766 '

2199 3860 2293 3902 171.
2340 3837 2613 3919 (νουμηνία
2648 3835 2752 3919 γάρ
2791 3837 2932 3896 ἐστιν
2970 3855 2987 3898 2
3032 3831 3192 3903 Ἔθος
3227 3824 3293 3908 ἦν
3329 3832 3604 3908 Ἀθήνησιν
3634 3834 3690 3893 ἐν

2115 3927 2375 4009 νουμηνία
2396 3927 2771 4009 πιπράσκειν.)
3716 3946 3772 3988 40

2198 4036 2297 4079 173.
2339 4014 2449 4096 (τὸν
2472 4016 2591 4075 ὄνον
2613 4012 2766 4091 ἔξαγε
2786 4031 2802 4073 :
2829 4012 2957 4079 Τοῖς
2978 4009 3204 4078 οἰκέταις
3228 4008 3400 4092 φησί.)

2200 4122 2297 4167 174.
2342 4101 2593 4162 ὖπέὸαλε.
2619 4097 2943 4184 πανούργως.
2964 4101 3028 4160 V.

2201 4211 2296 4252 175.
2339 4181 2412 4259 εἶς
2447 4194 2552 4249 τῶν
2590 4189 2824 4249 οἰκετῶν.
2863 4189 2926 4247 R.
2981 4184 3097 4245 ἀλλ’
3136 4187 3233 4245 οὐκ
3267 4183 3497 4244 ἔσπασεν
3525 4202 3542 4245 ε
3570 4183 3691 4245 Οὔκ

2117 4276 2356 4358 ἐπέτυχε·
2380 4276 2529 4360 παρὰ
2550 4275 2646 4349 τὴν
2672 4273 2962 4356 παροιμίαν
2991 4275 3214 4353 [Thesm.
3244 4273 3349 4352 ⁹28]

2434 4415 2554 4475 αὕτη
2577 4415 2661 4478 μὲν
2686 4416 2720 4473 ἢ
2747 4413 2960 4478 μήρινθος
2987 4411 3120 4462 οὐδὲν
3141 4405 3375 4461 laam(
3714 4431 3767 4472 4⁵

2118 4529 2346 4611 (ἐλέγετο
2380 4528 2435 4589 δὲ
2472 4528 2565 4591 ἐπὶ
2593 4530 2697 4588 τῶν
2731 4511 2891 4609 πείρᾳ
2923 4525 3205 4586 καθιέντων
3237 4523 3516 4604 ἄγκιστρον
3551 4519 3687 4601 μετὰ

2115 4618 2328 4700 σχοίνου
2342 4663 2360 4693 ,
2378 4618 2470 4679 καὶ
2494 4617 2571 4696 μὴ
2600 4614 3055 4697 ἐπιτυγχανόντων
3079 4612 3253 4695 ἰχθύος
3269 4611 3443 4690 τινός.)

2198 4727 2293 4770 176.
2333 4711 2402 4787 τῇ
2424 4705 2706 4789 προφάσει.
2738 4716 2799 4763 V.
2820 4702 2918 4777 τὴν
2937 4702 3217 4786 πρόφασιν.
3248 4713 3310 4761 G.

2196 4815 2292 4857 178.
2333 4791 2676 4878 παρακύψαιτ
2697 4788 3205 4868 Φυλαττόμενοςῦπ’
3219 4790 3352 4868 ἐμοῦ
3366 4788 3521 4861 δῆτα.
3553 4795 3680 4844 Vici.

2194 4885 2328 4963 (17⁹.)
2370 4882 2592 4958 κάνθων,
2622 4880 2675 4939 τί
2696 4879 2875 4947 κλάεις
2901 4899 2916 4940 t
2946 4877 3041 4946 Ὡς
3070 4876 3396 4959 βαρουμένου
3418 4881 3509 4935 τοῦ
3537 4875 3678 4935 ὄνου.
3710 4907 3765 4948 50

2112 4970 2263 5053 ἔφερε
2288 4967 2392 5053 γὰρ
2424 4969 2515 5030 τὸν
2550 4966 2770 5050 γέροντα
2793 4964 3277 5048 [ὖποκρεμασθέντα
3298 4962 3521 5045 λάθρα],
3544 4961 3680 5023 κατὰ

2113 5057 2337 5138 μίμησιν
2367 5063 2459 5118 τοῦ
2487 5054 2786 5123 Ὀδυσσέως
2806 5054 2911 5114 ὑπὸ
2942 5058 3032 5114 τοῦ
3061 5057 3207 5135 κριοῦ
3232 5050 3550 5135 φερομένου,
3585 5049 3685 5131 [ἐφ’
