3859 5725
1757 261 2010 324 PLUTI.

3331 277 3442 329 597

321 415 672 479 Temhanach
705 434 724 468 .-
757 414 937 478 Alae’ca,
966 411 1107 465 lacoe
1124 417 1340 462 acetoso
1367 414 1539 471 cocta,
1562 407 1836 456 etsiccata
1926 414 2066 453 mus.
2097 416 2152 473 p.
2185 417 2200 454 ι
2224 398 2349 471 ι36,
2372 403 2436 469 Ε,
2468 410 2527 457 et
2545 400 2753 458 Athen.
2788 406 2875 469 ιιῖ,
2898 418 2955 476 p.
2991 400 3127 468 628,
3149 404 3225 469 C,
3253 400 3352 457 sed
3391 414 3448 457 et

314 527 548 575 rursum,
581 523 712 579 quoe
735 499 1082 578 postmodum
1118 500 1175 550 in
1204 491 1348 549 cibos
1371 493 1548 547 denuo
1571 502 1831 565 paratur,

315 617 352 652 α
382 595 777 652 Τανεοιηαηηίε
803 590 1097 662 imprimar,
1129 589 1293 656 inque
1321 583 1533 655 hyemis
1550 598 1703 635 usum
1726 596 1837 632 ser-

270 724 280 734 .
316 695 486 740 vatur.
526 676 817 738 Permulta
841 669 1243 748 complectitur
1281 668 1475 745 lingua
1502 672 1835 724 Graecorum

316 765 584 844 vulgaris,
616 760 932 840 praesertim
955 760 1014 815 in
1043 754 1335 825 arborum,
1362 753 1693 822 herbarum,
1719 749 1840 807 ani-

316 853 591 913 mantium
614 893 631 919 ‚
665 866 972 922 rerumque
1005 843 1353 902 naturalium
1388 838 1685 899 vocabulis
1707 882 1722 910 ,
1766 857 1839 895 ex

316 940 571 999 Orientis
608 934 867 995 fontibus
896 929 1205 991 derivanda
1224 951 1242 1001 ;
1287 949 1415 1007 quae
1449 925 1765 1006 primordia
1792 926 1840 982 si

316 1026 614 1103 Ducangio
657 1024 906 1101 penitius
949 1020 1187 1078 fuissent
1231 1027 1566 1094 perspecta,
1617 1031 1840 1073 errores

318 1135 453 1173 saue
482 1133 599 1172 nou
627 1130 842 1189 paucos
874 1108 1132 1184 effugere
1164 1104 1464 1184 potuisset.
1501 1106 1720 1160 Hnnsr.

404 1221 551 1259 1002
585 1201 700 1258 hoc
728 1197 934 1256 ordine
966 1198 1025 1255 in
1051 1200 1149 1264 V„
1176 1191 1265 1252 καὶ
1296 1190 1419 1275 περὶ
1443 1195 1537 1263 τῆς
1558 1188 1843 1271 παροιμίας

316 1283 859 1369 ταύτης-παροιμίαν
906 1286 1070 1344 ἐλθεῖν
1103 1304 1248 1364 φασι.
1297 1285 1344 1341 οἳ
1400 1279 1457 1339 δι’
1496 1301 1652 1361 φασιν
1682 1276 1762 1336 ὅτι
1788 1278 1841 1334 ἐν

316 1383 700 1460 τοῖς-ἄλκιμοι
714 1378 988 1451 Μιλήσιοι.
1017 1376 1236 1445 Ἄλλως.
1260 1374 1466 1457 ἰσχυροί
1478 1374 1600 1434 ποτ’
1618 1364 1815 1446 ἧσαν-
1828 1392 1842 1406 ·

318 1473 532 1554 ὕστερον
588 1468 648 1529 δὲ
694 1465 1105 1548 δυστυχούντων.
1158 1466 1323 1524 Adde
1374 1466 1543 1523 etiam
1581 1462 1844 1522 scholion

320 1582 376 1619 v.
410 1580 516 1631 ¹07
527 1560 581 1617 5.
608 1600 671 1610 —
701 1578 732 1632 7
767 1555 898 1615 ὅπου
937 1554 1300 1633 προσετίθεντο
1319 1597 1336 1627 ,
1363 1573 1594 1630 quorum
1622 1573 1683 1609 se
1694 1571 1842 1626 par-

319 1649 458 1709 tibus
512 1649 885 1721 adjungerent
900 1688 915 1715 ,
959 1647 1044 1698 illa·
1086 1647 1309 1698 omm‘no
1362 1640 1500 1697 bello
1547 1643 1848 1714 superiores

319 1749 501 1794 erant.
546 1731 916 1815 προστίθεσθαι
951 1730 1037 1788 vel
1080 1728 1396 1809 προσθέσθαι
1428 1725 1528 1786 τινὶ
1562 1726 1848 1783 historicis

323 1850 389 1887 ea
432 1829 647 1887 virtute
690 1825 980 1903 frequens.
1031 1822 1391 1899 Phrynichus
1424 1824 1452 1879 ὁ
1483 1817 1848 1900 στρατηγήσας

205 1897 219 1904 ”
321 1915 391 1975 τὰ
425 1915 546 1996 περὶ
572 1913 753 1992 Σάμον
770 1955 786 1983 ,
818 1910 908 1970 καὶ
936 1909 1204 1992 Ἀστυόχῳ
1239 1910 1586 1991 προσθέμενος
1603 1952 1620 1981 ,
1669 1906 1846 1965 schol.

322 2003 396 2061 ad
433 2011 538 2061 Av.
584 2022 638 2061 v.
673 2001 807 2074 750.
854 2002 1078 2058 num
1129 1994 1327 2064 πάντας
1368 2000 1473 2071 V.‚
1500 1996 1614 2075 ⁴qui
1663 1995 1698 2053 8
1743 1990 1847 2051 πό-

321 2089 481 2165 λεμον
508 2084 639 2168 πρός
662 2109 827 2152 τινας.
866 2085 1056 2144 Ceteri
1086 2082 1215 2164 πρός
1254 2106 1371 2141 τινα
1407 2082 1655 2160 πόλεμον.
1680 2120 1742 2130 -
1781 2100 1850 2138 10

321 2174 586 2254 Ξρωτήσαι
612 2172 701 2232 καὶ
742 2172 870 2254 πρὸς
904 2170 1024 2239 τοὺς
1052 2169 1195 2237 θεοὺς
1234 2168 1461 2251 ἔχρησεν
1492 2175 1556 2229 V.
1578 2215 1596 2244 ,
1642 2170 1744 2250 qui
1778 2189 1848 2226 ια

322 2253 457 2335 ἦσαν
480 2260 599 2319 πότ’
620 2250 772 2332 ἦσαν.
821 2259 1006 2318 Ceteri
1032 2257 1199 2317 πάλαι
1231 2256 1348 2315 πότ’
1371 2251 1523 2329 ἦσαν.
1552 2295 1619 2309 -
1656 2258 1725 2339 13
1759 2253 1850 2314 καὶ

323 2348 445 2429 περὶ
474 2354 567 2421 V.‚
601 2350 702 2427 qui
727 2346 944 2425 Δήμων.
989 2347 1176 2406 Ceteri
1201 2347 1399 2423 Δάμων
1420 2389 1437 2417 ,
1490 2347 1561 2404 de
1584 2365 1702 2423 quo
1729 2344 1851 2401 haec

324 2437 621 2495 annotavit
647 2441 868 2495 Hemst.
896 2458 911 2493 ι
942 2462 965 2487 «ι
987 2434 1252 2493 Advertit
1292 2454 1382 2492 me
1418 2435 1602 2492 forma
1636 2432 1849 2491 Dorica

324 2543 608 2603 nusquam
629 2524 783 2597 alibi,
806 2536 1085 2601 quantum
1115 2521 1415 2596 recordor,
1443 2523 1501 2580 in
1535 2520 1705 2598 hujus
1723 2520 1853 2578 scri·

327 2612 512 2688 ptoris
539 2613 769 2669 nomine
798 2626 1089 2688 usurpata.
1117 2615 1183 2669 In
1213 2610 1445 2668 scholiis
1473 2622 1629 2668 certe
1647 2607 1719 2667 ad
1742 2613 1849 2666 Av.

325 2718 379 2758 v.
395 2700 518 2756 302
543 2712 628 2757 est
655 2698 889 2776 Δήμωνι
931 2699 1195 2757 similiter
1225 2697 1296 2755 ad
1339 2698 1562 2757 Pindar.
1605 2703 1772 2757 Nem.
1796 2716 1850 2769 7,

332 2785 463 2858 155,
495 2797 554 2843 et
580 2787 735 2865 apud
761 2786 903 2845 alios
933 2787 1144 2844 multos
1175 2786 1235 2843 in
1263 2784 1624 2843 Bibliotheca
1648 2789 1851 2843 Meur-

324 2873 394 2929 sii
424 2878 638 2946 Graeca,
670 2875 771 2951 qui
806 2888 1119 2952 propterea
1146 2872 1344 2950 Δήμων
1378 2874 1472 2931 hie
1507 2893 1740 2951 quoque
1769 2891 1854 2931 re·

326 2959 697 3019 scribendum
735 2982 859 3020 esse
907 2963 1151 3020 censuit.
1203 2966 1392 3018 Gente
1439 2966 1630 3020 Dorus
1681 2962 1854 3018 fuerit

328 3050 542 3120 Demo,
587 3047 780 3106 dicere
818 3068 934 3106 non
981 3049 1168 3106 habeo
1204 3070 1218 3104 ε
1263 3048 1424 3125 quod
1461 3051 1507 3106 si
1543 3059 1852 3116 constaret,

330 3134 499 3192 facile
534 3136 691 3193 credi
728 3147 957 3213 poterat
978 3135 1256 3195 Doricum
1285 3136 1670 3212 ejus-nomen,
1702 3147 1767 3192 ut
1792 3136 1851 3192 in

328 3225 643 3280 Damarato
690 3233 749 3278 et
792 3226 1104 3280 Demarato
1154 3222 1455 3279 Corinthio
1479 3268 1494 3293 ‚
1545 3221 1854 3297 multisque

328 3309 455 3366 aliis
482 3328 588 3366 usu
619 3308 796 3379 venit,
833 3309 891 3365 in
922 3308 1163 3366 formam
1192 3308 1485 3384 vulgarem
1515 3328 1545 3365 a
1571 3326 1854 3386 gramma-

331 3395 456 3453 ticis
507 3394 684 3452 fuisse
730 3414 1086 3454 conversum.
1155 3396 1250 3454 Sic
1296 3393 1625 3472 Epicharmi
1676 3394 1854 3453 Siculi

330 3480 651 3540 fabularum
679 3482 877 3541 titulos
901 3484 1109 3560 saepius
1129 3482 1421 3541 adducunt
1442 3480 1627 3562 Πύρρα
1649 3478 1684 3552 ἢ
1703 3482 1853 3560 Προ-

330 3558 542 3636 μηθεὶς,
564 3557 741 3632 Ἥὸης
764 3560 958 3638 γάμος,
992 3563 1069 3632 Γῆ
1093 3560 1184 3619 καὶ
1211 3561 1468 3634 θάλασσα,
1495 3581 1666 3638 quam
1702 3562 1853 3639 Προ-

330 3655 521 3732 μαθεὺς
542 3700 559 3730 ,
594 3654 775 3723 Ἥὸας
817 3658 901 3715 vel
929 3655 1129 3731 Ἄδας,
1175 3659 1258 3716 Γᾶ
1300 3670 1407 3716 etc.
1438 3657 1666 3715 AEliano
1691 3700 1708 3728 ,
1752 3658 1853 3733 qui

328 3744 632 3820 genuinam
658 3745 1093 3822 inscriptionem
1123 3757 1468 3814 servaverat,
1492 3765 1563 3802 ex
1589 3765 1655 3802 ea
1684 3764 1855 3802 causa

330 3849 504 3905 grave
517 3830 724 3890 vulnus
743 3844 826 3889 est
842 3833 1203 3908 impressum3
1221 3831 1686 3890 mendosissimus
1702 3832 1853 3888 enim

332 3915 490 3973 locus
541 3919 627 3973 De
664 3917 836 3974 anim.
888 3919 978 3988 13,
1019 3927 1083 3988 1.,
1115 3918 1197 3975 ita
1227 3917 1602 3994 redintegrari
1635 3917 1808 3976 debet
1839 3940 1853 3976 :

332 4000 667 4082 Ἐπίχαρμος
709 3999 804 4080 μὲν
834 4004 888 4060 ἐν
915 3999 1092 4069 Ἥὸας
1125 4003 1285 4081 γάμῳ
1305 4049 1322 4077 ,
1369 4004 1459 4063 καὶ
1487 4007 1567 4084 Γᾷ
1599 4004 1689 4062 καὶ
1730 4006 1851 4064 Θα-

330 4086 537 4168 λάσσᾳ,
582 4087 676 4146 καὶ
714 4087 932 4169 προσέτι
978 4089 1217 4158 Μώσαις.
1268 4097 1598 4150 Occurrunt
1640 4092 1854 4168 alioqui

334 4175 665 4250 frequenter
712 4176 836 4233 sine
881 4176 1208 4235 discrimine
1251 4181 1475 4235 Damon
1506 4190 1562 4235 et
1608 4183 1853 4236 Demon.

331 4260 731 4338 Pythagoreus
760 4276 846 4320 est
879 4265 1175 4338 Syracusis
1206 4265 1485 4323 oriundus
1519 4264 1673 4342 apud
1707 4270 1849 4322 Iam-

330 4344 586 4406 blichum
608 4352 852 4420 Damon,
887 4351 1212 4409 notissimus
1227 4352 1322 4410 ille
1345 4352 1585 4410 Phintiae
1609 4350 1853 4423 sodalis;

329 4434 636 4509 Sicyonius
662 4437 810 4494 alter
832 4441 1079 4496 Demon.
1115 4438 1368 4497 Celebris
1393 4440 1640 4497 musicus
1670 4439 1855 4496 idem-

331 4541 444 4598 que
495 4521 814 4600 disciplinae
863 4525 1094 4583 moralis
1150 4539 1208 4583 et
1256 4527 1439 4585 civilis
1482 4528 1855 4604 peritissimus

330 4611 553 4666 Damon
571 4654 588 4682 ,
630 4612 723 4668 eui
751 4612 999 4670 Pericles
1022 4633 1258 4698 operam
1302 4615 1460 4673 dedit
1488 4638 1502 4673 z
1534 4615 1608 4673 ab
1641 4634 1711 4672 eo
1738 4614 1854 4672 du·-

332 4707 423 4753 cta
460 4697 812 4756 musicorum
836 4711 1010 4770 secta,
1039 4698 1235 4780 αἵρεσις
1262 4699 1554 4781 Δαμώνιος,
1584 4723 1701 4760 non
1728 4705 1856 4762 Δαι-

333 4779 540 4857 μώνιος,
563 4797 623 4842 ut
643 4804 946 4863 perperam
968 4787 1174 4865 legitur
1191 4789 1251 4845 iu
1269 4790 1851 4866 Porphyr.Hypomn.

332 4869 404 4924 ad
436 4871 675 4930 Ptolem.
709 4877 981 4932 Harmon.
1005 4917 1022 4945 ,
1070 4875 1227 4952 quod
1269 4877 1614 4935 Bullialdum
1655 4877 1855 4935 fefellit

1927 484 2260 559 testularum
2285 485 2560 562 suffragia
2580 527 2597 557 ,
2628 485 2838 564 quibus
2866 484 3239 553 labefactatus
3265 489 3450 562 patria

1925 572 2111 629 caruit
2136 617 2154 645 ,
2200 586 2399 649 aperte
2441 574 2751 632 ostendunt
2793 594 2807 629 ε
2847 573 3116 650 quocirca
3167 575 3274 630 vix.
3308 575 3448 631 mihi

1923 657 2164 717 dubium
2205 661 2470 733 videtur,
2506 664 2643 739 quin
2679 682 2807 720 eum
2837 660 3024 738 ipsum
3072 660 3454 738 designaverit

1925 748 2203 824 Stephan.
2231 750 2290 807 in
2318 748 2432 808 Ὅα
2451 794 2469 823 ,
2512 749 2712 827 Δάμων
2749 746 3063 826 Δαμωνίδου
3095 747 3291 808 Ὄαθεν
3309 769 3322 783 ·
3377 752 3449 806 ad

1929 833 2081 891 illam
2126 835 2323 912 itaque
2369 855 2631 893 normam
2669 836 3012 894 Plutarchus
3060 834 3454 894 emendandus

1926 924 1988 981 in
2017 924 2217 982 Pericl.
2240 945 2297 1003 p.
2335 945 2357 981 1
2372 926 2464 996 57,
2486 930 2535 982 A
2554 968 2569 996 ,
2593 923 3034 1003 συμόουλεύοντος
3054 926 3197 1005 αὐτῷ
3214 922 3458 1000 Δημωνί·

1928 1012 2018 1069 δου
2043 1015 2132 1070 τοῦ
2159 1010 2387 1084 Ὄαθεν,
2417 1033 2533 1070 non
2554 1057 2570 1084 ,
2606 1013 2764 1090 quod
2798 1014 3101 1073 Meursius-
3118 1012 3458 1069 autumabat

1926 1103 2017 1158 De
2052 1119 2186 1176 pop.
2218 1105 2337 1158 Att.
2362 1144 2381 1177 ,
2403 1098 2601 1171 Οἴηθεν
2624 1121 2638 1156 :
2664 1100 2769 1158 nisi
2808 1100 2936 1177 quis
2963 1112 3205 1169 statuat,
3236 1098 3359 1156 haec
3383 1097 3458 1155 ab
3529 1163 3550 1187 ο

1930 1186 2068 1264 ipsis
2099 1185 2392 1245 veteribus
2431 1206 2536 1264 per
2558 1206 2813 1245 errorem
2836 1232 2854 1261 ,
2893 1208 3063 1266 quem
3108 1185 3309 1245 fecerit
3352 1205 3458 1243 ex-

1930 1274 2239 1335 cusabilem
2263 1275 2563 1352 perspicua
2583 1274 2877 1333 literarum
2899 1276 3177 1348 vicinitas,
3198 1272 3458 1349 aliquau-

1930 1364 2009 1421 do
2038 1363 2211 1422 fuisse
2238 1362 2494 1420 confusa.
2554 1367 2716 1419 Hunc
2753 1363 2953 1420 saltem
2984 1361 3362 1420 Demonidem
3402 1372 3462 1417 et

1930 1452 2093 1511 illum
2131 1450 2515 1508 Damonidem
2561 1470 2677 1507 non
2727 1450 2898 1508 fuisse
2939 1449 3199 1508 diversos
3234 1450 3460 1507 verosi-

1933 1539 2230 1597 millimum
2259 1549 2438 1615 puto;
2483 1536 2730 1613 ideoque
2759 1537 3147 1613 magis-miror
3167 1579 3183 1608 ‚
3212 1535 3351 1613 quid
3388 1536 3463 1591 sit

1935 1626 2093 1705 quod
2118 1625 2461 1683 Plutarchus
2483 1625 2850 1685 adnotaverit
2890 1624 2964 1682 de
2994 1625 3193 1702 primae
3230 1622 3463 1699 syllaba:

1934 1715 1995 1773 in
2031 1712 2230 1790 Δάμων
2254 1713 2609 1789 quantitate:
2634 1711 2870 1791 Δάμωνα
2888 1756 2905 1786 ,
2940 1712 3127 1788 inquit
3154 1732 3212 1790 p.
3243 1710 3371 1779 153,
3397 1713 3461 1779 F,

1935 1792 1995 1860 οὗ
2019 1799 2146 1881 φασὶ
2176 1800 2281 1858 δεῖν
2306 1797 2538 1878 τοῦνομα
2571 1801 2900 1881 βραχύνοντα
2932 1796 3036 1870 τὴν,
3055 1795 3314 1878 προτέραν
3339 1799 3464 1855 συλ-

1935 1887 2103 1960 λαὸὴν
2132 1886 2363 1968 ἐκφέρειν
2386 1906 2402 1922 ·
2436 1889 2518 1946 sic
2539 1890 2690 1947 enim
2707 1931 2724 1959 ‚
2763 1888 2872 1945 nisi
2897 1906 2931 1944 a
2961 1886 3212 1963 legitima
3238 1885 3463 1942 ratione

1937 1977 2291 2037 aberraverit
2321 1998 2587 2055 perversa
2624 1978 2900 2055 loquendi
2924 1975 3314 2046 consuetude,
3345 1994 3461 2031 uon

1938 2088 1971 2125 a
2002 2067 2182 2144 δῆμος,
2213 2064 2433 2143 Δήμων,
2455 2066 2653 2143 Δάμων
2671 2110 2688 2142 ,
2722 2065 2821 2123 sed
2845 2064 2916 2122 ab
2939 2065 3049 2122 alia
3074 2082 3310 2141 prorsus
3339 2064 3461 2120 ori-

1938 2155 2089 2232 gine,
2112 2156 2380 2214 nimirum
2398 2174 2432 2213 a
2446 2155 2625 2214 verbo
2644 2154 2814 2229 δάμω,
2832 2151 2988 2210 unde
3002 2151 3208 2228 δαμάω,
3230 2147 3463 2226 δαμάζω,

1939 2242 2315 2301 derivandum
2349 2243 2515 2301 foret.
2564 2249 2748 2319 Atque
2786 2242 2880 2299 hic
2903 2245 3127 2299 Damon
3152 2283 3169 2311 ,
3216 2251 3460 2313 praeter-

1938 2352 2109 2409 quam
2140 2332 2213 2391 de
2237 2345 2359 2391 arte
2379 2332 2594 2390 musica
2623 2333 2771 2390 forte
2798 2329 3078 2409 quaedam,
3112 2328 3259 2386 nihil
3282 2327 3464 2386 literis

1937 2420 2172 2479 videtur
2215 2421 2555 2479 mandasse:
2592 2419 2851 2478 diversus
2889 2439 3065 2497 ergo,
3106 2418 3209 2495 qui
3248 2415 3463 2473 Atticas

1939 2510 2313 2586 antiquitates
2344 2521 2402 2567 et
2425 2509 2725 2567 historiam
2765 2507 3113 2584 composuit.
3140 2504 3334 2570 »—-'1li
3363 2523 3463 2561 πο-

1936 2594 2101 2672 λέμου
2138 2616 2251 2654 om.
2280 2601 2382 2665 V„
2414 2598 2513 2673 qui
2548 2592 2964 2675 Ἀμπρακιόπας.
3011 2594 3196 2654 Ceteri
3227 2588 3463 2670 Ἀμὸρα-

1939 2681 2147 2746 κιώτας.
2178 2708 2202 2734 «
2223 2687 2365 2742 Cum
2389 2682 2772 2741 Ambraciotis
2796 2696 2957 2740 tanto
2982 2695 3262 2740 terrarum
3289 2680 3467 2736 inter-

1939 2771 2090 2829 vallo
2117 2770 2413 2848 disjunctis
2440 2771 2581 2847 quid
2612 2771 2856 2831 Caribus
2891 2790 3154 2847 unquam
3174 2768 3279 2827 fuit
3303 2810 3320 2838 ‚
3366 2778 3465 2823 aut

1940 2879 2061 2916 esse
2108 2858 2295 2934 potuit
2343 2859 2603 2935 negotii?
2659 2867 2748 2918 An
2804 2858 3175 2916 metuendum
3220 2868 3349 2912 erat
3392 2874 3467 2912 ne

1943 2946 2273 3023 longinquis
2291 2945 2759 3023 expeditionibus
2784 2947 2929 3004 alter
2951 2945 3199 3024 populus
3228 2945 3280 3002 al
3290 2944 3466 3002 terius

1939 3034 2080 3090 fines
2110 3034 2349 3091 infestos
2367 3032 2654 3094 haberet?
2678 3035 2909 3092 Dixerit
2933 3033 3167 3110 aliquiS,
3197 3052 3314 3088 non
3342 3050 3467 3091 esse

1941 3140 2166 3184 causam
2185 3166 2201 3194 ,
2250 3139 2357 3178 cur
2388 3121 2501 3178 hoc
2533 3120 2845 3180 absurdum
2877 3109 3174 3192 videatur,
3216 3121 3262 3178 si
3291 3119 3466 3177 modo

1942 3208 2150 3265 vetusti
2195 3208 2473 3286 temporis
2513 3209 2796 3266 rationem
2843 3206 3206 3265 attendamus
3238 3225 3252 3265 ε
3290 3209 3465 3264 Caras

1941 3295 2179 3371 quippe,
2213 3294 2493 3370 Pelasgos,
2527 3296 2795 3371 Lelegas,
2836 3295 3019 3353 Sellos
3049 3294 3282 3351 mutatis
3318 3290 3460 3350 sub—

1941 3382 2076 3440 inde
2099 3381 2334 3441 sedibus
2361 3382 2632 3442 AEtoliam
2667 3383 2804 3441 olim
2824 3424 2840 3452 ,
2876 3396 2935 3441 et
2957 3383 3338 3441 Acarnaniam
3361 3425 3377 3459 ,
3406 3395 3465 3441 et

1940 3479 2331 3552 Thessaliam,
2380 3480 2520 3557 quin
2567 3492 2625 3538 et
2662 3480 2844 3557 ipsam
2883 3480 3128 3556 Epirum
3180 3478 3462 3536 tenuisse:

1934 3569 2054 3646 jam
2088 3569 2229 3626 nihil
2257 3567 2473 3641 obstat,
2503 3568 2837 3647 quominus,
2871 3568 3106 3645 quando
3135 3567 3214 3625 ibi
3258 3587 3464 3625 conse-

1941 3657 2168 3728 derunt,
2200 3655 2413 3715 bellum
2441 3657 2716 3716 adversus
2739 3658 3036 3734 proximos
3063 3654 3464 3714 Ambraciotas

1942 3745 2157 3804 fuerint
2182 3746 2383 3804 moliti.
2424 3752 2501 3804 At
2527 3748 2572 3803 si
2608 3746 2758 3821 quis,
2798 3757 2862 3802 ut
2884 3743 3102 3802 nodum
3127 3756 3459 3821 praesentem

1942 3834 2211 3911 expediat
2246 3876 2261 3899 ‚
2308 3832 2380 3891 ad
2424 3833 2856 3892 remotissimam
2912 3833 3067 3889 illam
3127 3830 3460 3889 memoriam

1942 3921 2299 3993 ascenderit,
2333 3921 2413 3994 is,
2446 3939 2668 3996 quaeso,
2695 3921 2928 3996 cogitet,
2954 3917 3316 3976 Ambraciam
3342 3931 3461 3976 tum

1941 4028 2015 4065 ne
2038 4008 2324 4066 conditam
2353 4007 2583 4082 quidem
2617 4008 2824 4076 fuisse;
2860 4019 3078 4064 tantum
3120 4004 3320 4074 abest,
3343 4017 3406 4063 ut
3429 4028 3464 4064 a

1940 4094 2180 4155 Caribus
2210 4095 2402 4152 vexari
2425 4096 2717 4172 potuerit:
2747 4105 3127 4172 praeterquam
3151 4090 3309 4168 quod
3335 4092 3465 4148 ani-

1942 4182 2298 4240 madvertere
2314 4182 2387 4238 sit
2417 4180 2689 4257 proclive,
2711 4200 2840 4258 quae
2858 4180 2931 4238 de
2950 4178 3189 4239 Caribus
3209 4178 3302 4235 hic
3328 4198 3465 4236 nar-

1944 4281 2160 4341 rantur,
2190 4268 2260 4326 ad
2296 4269 2463 4345 longe
2495 4268 2824 4326 inferiorem
2848 4279 3071 4326 aetatem
3105 4286 3228 4325 esse
3255 4266 3462 4324 demit-

1944 4355 2132 4414 tenda.
2182 4355 2409 4412 Erroris
2442 4354 2667 4429 cubile,
2715 4367 2778 4412 ut
2806 4367 2945 4431 puto
2969 4398 2986 4427 ‚
3022 4352 3460 4432 liquidissimum

1940 4446 2001 4501 in
2048 4441 2280 4500 modum
2311 4442 2623 4515 detectum;
2665 4443 2820 4519 quod
2853 4442 3075 4500 tametsi
3123 4440 3461 4518 plerumque

1941 4550 2182 4608 pronam
2209 4530 2374 4587 simul
2403 4529 2473 4586 ad
2498 4530 2952 4588 emendationem
2973 4527 3284 4586 eruendam
3306 4526 3461 4584 viam

1940 4629 2367 4683 commonstret,
2389 4636 2591 4675 vereor
2613 4615 2898 4694 equidem,
2923 4636 2996 4674 ne
3019 4634 3178 4693 spem
3203 4625 3461 4672 nostram

1942 4704 2035 4763 hic
2057 4705 2381 4762 frustretur.
2413 4704 2558 4761 Mihi
2579 4724 2707 4781 quae
2731 4703 2947 4761 dudum
2975 4703 3308 4780 scrupulum
3328 4720 3459 4759 eum

1941 4791 2178 4869 agitanti
2207 4792 2264 4848 in
2298 4802 2547 4848 mentem
2569 4792 2850 4861 venerint,
2878 4790 3132 4849 breviter
3153 4786 3474 4866 exponam,·'

1941 4877 2326 4955 sagacioribus
2360 4878 2604 4955 ingeniis
2645 4878 2718 4936 ad
2760 4877 3120 4937 excitandam
3154 4873 3456 4935 veritatem

334 4957 492 5012 Nott.
520 4957 825 5019 adTheon.
853 4965 1077 5040 Smyrn.
1100 4982 1154 5040 p.
1179 4964 1313 5023 205.
1348 4969 1517 5023 Hunc
1535 4971 1851 5025 Damonem
1944 4967 2091 5022 forte
2130 4967 2449 5040 profutura.
2507 4964 2860 5025 Ambraciam
2905 4965 3061 5042 apud
3099 4964 3453 5043 Stephanum

336 5051 740 5114 Atheniensem
779 5077 894 5114 non
922 5059 1103 5117 solum
1127 5060 1417 5138 appellant
1454 5061 1734 5118 Plutarch.
1765 5066 1851 5117 De
1947 5053 2204 5130 proxime
2246 5054 2548 5129 praecedit,
2598 5055 2675 5110 sic
2709 5066 2772 5110 ut
2814 5054 3009 5111 oculos
3057 5053 3309 5130 effugere
3345 5070 3451 5108 ne-
