3859 5725
391 271 504 321 596

364 371 655 451 discrepat
678 372 737 430 S.
755 369 918 428 Petit.
935 367 1179 427 Miscell.
1212 386 1263 438 ι,
1291 385 1380 425 ιι.
1414 370 1542 425 Jam
1573 375 1702 442 post
1725 361 1899 423 Glau-

365 459 600 536 cippnm
630 457 873 518 Athenis
901 474 1127 515 summo
1168 458 1500 535 magistratu
1541 453 1772 511 functus
1814 464 1898 508 est

371 545 628 617 DiocleS,
674 564 791 622 quo
836 544 1115 602 archonte
1153 543 1347 602 fabula
1396 541 1567 620 primi
1602 540 1752 598 Pluti
1790 539 1900 596 suit

367 634 673 691 commissa
710 653 722 689 =
770 633 880 690 hoc
924 646 1230 709 perspecto
1281 631 1472 690 statim
1512 629 1899 705 consequitur,

367 722 630 780 scholion
670 740 792 779 esse
841 720 1011 777 unius
1060 720 1459 797 grammatici,
1506 717 1607 795 qui
1652 716 1897 793 primum

373 810 597 868 Plutum
640 806 750 865 sub
795 807 977 865 oculis
1028 805 1393 866 habuit-Illa
1445 824 1628 878 vero,
1679 803 1777 862 Ἐν
1822 806 1900 883 τῷ

379 895 647 976 γράμματι
671 885 760 952 οῧν
787 883 949 963 εἶπεν,
977 895 1049 958 ὡς
1084 892 1171 951 ἐπὶ
1203 896 1308 952 τῶν
1335 892 1566 975 ῥητόρων
1591 927 1659 942 -
1681 890 1901 961 ἀνῆλθεν

369 997 429 1042 et
456 985 657 1061 inepta
676 994 830 1054 sunt,
860 982 1123 1060 nihilque
1143 982 1214 1039 ad
1243 981 1647 1040 illustrandum
1678 979 1905 1037 Aristo-

248 1100 256 1107 ·
372 1073 624 1149 phanem
656 1068 996 1137 conferunt,
1044 1081 1102 1126 et
1138 1070 1328 1127 alieno
1353 1070 1484 1127 loco
1509 1068 1759 1127 immissa
1786 1089 1800 1124 :
1831 1065 1903 1124 ad

373 1162 627 1218 infimam
657 1156 872 1225 sedem,
902 1157 949 1213 si
975 1175 1147 1233 quam
1179 1169 1506 1229 merentur,
1542 1155 1774 1215 detrudi
1796 1155 1905 1212 de-

373 1247 653 1317 buerant,
702 1244 1181 1322 quandoquidem
1217 1245 1312 1303 hic
1353 1246 1687 1323 importune
1718 1243 1906 1301 dive!-

372 1337 538 1405 lunt,
573 1354 703 1411 quae
741 1334 1005 1411 copulata
1050 1333 1254 1392 Suidas
1289 1335 1603 1391 invenerat.
1626 1359 1651 1384 υ
1685 1337 1904 1391 Hans-r.

371 1461 435 1473 -·
454 1443 474 1480 ι
508 1419 844 1480 ἐδουλεύοντο
877 1420 951 1478 Θ.
985 1420 1177 1477 ΑΙά.-
1198 1441 1231 1478 a
1266 1423 1294 1478 ὁ
1320 1421 1451 1479 Φιλ.
1478 1421 1609 1478 Atd.
1627 1455 1687 1469 -
1710 1420 1743 1476 3
1769 1416 1909 1476 κατὰ

347 1534 457 1593 .γρ.
486 1516 552 1568 V.
590 1507 921 1586 Legebatur
947 1506 1039 1566 καὶ
1074 1507 1136 1567 τὸ
1162 1531 1246 1588 γρ.
1287 1506 1373 1566 lb.
1394 1506 1670 1576 ἐκαθίζετο
1699 1509 1908 1587 πρῶτον

373 1602 445 1660 Θ.
471 1596 592 1659 τότε
617 1610 675 1656 et
694 1595 968 1664 ἐκαθέζετο
995 1616 1109 1654 om.
1140 1603 1230 1669 V„
1252 1597 1351 1674 qui
1379 1606 1410 1666 4
1448 1596 1540 1656 καὶ
1569 1597 1647 1656 ἔτι
1670 1595 1764 1655 καὶ
1797 1599 1907 1653 νῦν.

372 1726 439 1738 -,
463 1688 496 1745 5
523 1686 805 1766 γράμματι
836 1676 880 1767 ᾧ
901 1686 1201 1743 Mem-sius.
1226 1684 1549 1766 γραμματίῳ
1575 1686 1644 1745 Θ.
1671 1705 1912 1766 γραμμα-

374 1773 500 1855 τείῳ
520 1779 587 1845 V.
619 1770 970 1854 γραμματείῳ
994 1763 1038 1854 ᾧ
1062 1773 1189 1831 Ald.
1228 1774 1543 1851 Sequentia
1574 1778 1647 1831 V.
1674 1772 1785 1830 hoc
1812 1792 1912 1829 οι·-

377 1864 512 1922 dine
532 1906 548 1934 ,
586 1858 804 1927 Ἄλλως.
857 1861 1643 1943 ἐρωτηματικῶς-γροίμματι.
1690 1858 1910 1926 Ἄλλως.

376 1951 849 2021 τοῦτο-ἀνῆλθεν.
895 1949 986 2008 lb.
1028 1947 1214 2009 τούτου
1261 1950 1331 2008 Θ.
1360 1985 1422 1997 -
1452 1971 1484 2023 7
1516 1948 1655 2009 κατὰ
1692 1949 1913 2032 γράμμα

379 2046 448 2101 R.
473 2054 528 2099 et
551 2039 773 2097 Suidas.
803 2036 941 2096 κατὰ
968 2034 1261 2118 γράμματα
1284 2044 1350 2096 V.
1377 2035 1515 2097 κατὰ
1533 2036 1602 2097 τὰ
1621 2038 1914 2119 γράμματα

381 2128 637 2188 Aut-8
673 2114 784 2204 εἶχε
816 2133 1034 2202 σημεῖον
1070 2125 1160 2184 καὶ
1200 2124 1315 2197 ἑξῆς
1351 2125 1545 2206 ὁμοίως
1578 2124 1676 2193 ἕως
1718 2131 1811 2185 τοῦ
1858 2149 1910 2189 κ.

379 2225 449 2277 V.
469 2256 535 2270 -
556 2238 592 2293 9
616 2216 847 2294 ἐγίνοντο
867 2219 936 2274 R.
959 2227 1019 2273 et
1046 2216 1236 2276 Suidae
1252 2217 1434 2275 codex
1454 2218 1633 2276 PariS.
1659 2227 1728 2275 A.
1758 2214 1916 2297 ἐγρά-

381 2327 537 2387 φοντο
563 2310 702 2381 Reg.
739 2303 870 2361 Ald.
892 2340 954 2352 —
988 2324 1059 2361 1o
1081 2302 1245 2362 καὶ-
1267 2303 1459 2381 ὁμοίως
1485 2325 1599 2363 om.
1626 2309 1697 2362 V.
1730 2306 1822 2362 καὶ
1861 2306 1916 2362 αἱ

381 2392 538 2452 ἄλλαι
565 2394 636 2451 Θ.
677 2395 818 2466 neg.
850 2388 940 2447 καὶ
965 2387 1124 2448 ἄλλαι
1151 2390 1273 2448 And.
1296 2412 1390 2448 -1
1409 2412 1431 2448 1
1465 2397 1533 2452 R.
1565 2404 1699 2470 post
1725 2392 1918 2466 ὁμοίως

382 2480 542 2539 addit
563 2479 834 2535 omissum
852 2477 1019 2535 initio
1033 2476 1160 2556 παρ’
1175 2475 1422 2537 ὑπόνοιαν
1441 2478 1497 2539 δὲ
1521 2470 1664 2538 εἶπεν
1688 2500 1702 2514 ·
1728 2478 1921 2561 ὤφειλε

381 2565 482 2649 γὰρ
511 2568 673 2625 εἰπεῖν
699 2564 945 2633 ἐδίκαζες.
1000 2568 1315 2644 Sequentia
1336 2564 1557 2635 Ἄλλως.
1596 2568 1919 2638 ὡς-ἀνῆλθε

383 2657 465 2714 sic
493 2656 553 2713 in
578 2658 648 2710 V.
694 2653 842 2711 infra
873 2666 1007 2731 post
1042 2653 1300 2736 φιλοίνους
1324 2654 1383 2732 (l.
1424 2657 1514 2728 16)
1545 2655 1831 2733 leguntur.
1866 2659 1917 2715 ἐν

382 2747 460 2826 τῷ
473 2739 748 2823 γράμματι
773 2734 862 2799 οὖν
879 2732 1022 2800 εἶπεν
1040 2744 1112 2809 ὡς
1134 2743 1265 2801 Ald.
1291 2764 1383 2801 —1
1397 2763 1430 2799 α
1450 2743 1553 2825 ἄρα
1569 2748 1636 2802 V.
1655 2781 1716 2793 -
1738 2766 1760 2801 ι
1775 2746 1807 2801 5
1831 2765 1917 2823 sq.

384 2830 468 2892 ἷπ.
493 2828 547 2889 δὲ
576 2828 777 2897 παίζων
808 2828 1002 2906 (παίζει
1027 2826 1082 2887 δὲ
1107 2830 1178 2889 Θ.
1199 2832 1363 2910 Reg.)
1393 2830 1522 2916 πρὸς
1541 2830 1721 2891 τὸτῶν
1744 2855 1923 2911 γυναι-

383 2921 665 3002 κῶνφῦλον
685 2914 936 2998 (φίλοινον
960 2917 1205 2998 Hemst.)
1235 2922 1365 2979 Ald.
1399 2919 1529 3004 πρὸς
1553 2919 1614 2979 τὸ
1628 2931 1921 3000 γυναικεῖον

385 3009 546 3089 φῦλον
571 3009 641 3073 ὡς
681 3004 912 3085 φίλοινον
956 3009 1099 3083 Reg.
1126 3044 1189 3055 -
1220 3027 1287 3080 17
1319 3006 1500 3080 ἐπειδὴ
1527 3007 1778 3089 τέσσαρες
1812 3008 1922 3083 καὶ,

386 3097 461 3153 .ι8
487 3093 624 3154 κατὰ
649 3091 746 3165 τὴν
780 3099 849 3152 V.

464 3185 606 3262 973,
635 3204 713 3259 ²9
739 3179 941 3260 πάσχω
965 3184 1000 3252 ἡ
1028 3180 1186 3240 ἀθλία
1209 3187 1409 3256 Βοτν.,
1440 3184 1540 3262 qui
1570 3184 1643 3243 30
1665 3189 1700 3257 ἡ
1727 3205 1841 3244 om.

462 3284 604 3349 974,
645 3271 720 3328 32
755 3267 1131 3347 κατακνησμὸν
1164 3273 1232 3328 V.
1262 3271 1335 3331 Θ.
1356 3314 1372 3343 ,
1423 3292 1540 3329 non
1565 3277 1636 3330 G.
1660 3312 1722 3326 .-
1751 3274 1825 3332 33
1855 3274 1927 3340 ὥς

368 3358 643 3417 -additum
674 3377 746 3415 ex
782 3363 851 3417 R.
881 3359 1173 3437 καπρῶσαν
1213 3378 1326 3416 om.
1346 3362 1414 3416 V.
1456 3360 1572 3431 Qui
1602 3372 1735 3437 post
1762 3368 1929 3443 γραῦν,

387 3447 549 3505 addit
587 3443 839 3526 δειλάκρα
865 3443 923 3503 δὲ
949 3449 983 3516 ἡ
1026 3443 1202 3524 ἄκρως
1228 3443 1400 3505 ἀθλία.
1452 3449 1764 3524 Sequentia
1808 3470 1921 3508 om.

387 3538 559 3594 etiam
590 3535 662 3594 Θ.

467 3638 601 3710 98ι,
632 3632 704 3689 52
734 3651 819 3709 sq.
853 3629 1142 3708 Μεγάλως,
1171 3634 1464 3715 ὑπερφυῶς,
1495 3632 1927 3715 ὖπερὸαλλόντως

390 3725 458 3779 V.
490 3715 951 3801 ὕπερόαλλόντως,
982 3718 1184 3800 σφόδρα
1214 3721 1280 3781 R.
1309 3722 1616 3797 Excerpsit
1646 3723 1851 3781 Suidas
1881 3744 1923 3782 s.

388 3806 825 3888 Ὑπερφυῶς.-ι
863 3805 1000 3887 πέρα
1014 3807 1371 3865 Dindorfius.
1401 3805 1548 3888 παρὰ
1570 3809 1775 3867 codex.
1800 3848 1863 3862 -
1891 3815 1924 3871 3

387 3892 474 3954 τὸν
498 3896 674 3952 Paris.

394 4007 400 4022 ¹
468 3983 605 4058 982.
627 3983 819 4054 Ζητεῖν
846 4003 955 4060 pro
974 3996 1166 4059 petere
1189 3995 1255 4040 ut
1277 3983 1460 4041 rarius
1486 3984 1739 4061 antiquis
1767 3991 1928 4044 Grae·

391 4071 472 4128 cis
491 4112 506 4137 ‚
536 4070 617 4127 sic
653 4070 1070 4129 recentioribus
1104 4070 1668 4149 frequentissimum3
1711 4074 1825 4132 vid.
1856 4078 1927 4132 ad

384 4177 443 4213 v.
469 4176 601 4233 990.
633 4156 778 4215 Inde
803 4155 1052 4238 ζητοίρης,
1082 4172 1158 4231 et,
1189 4159 1350 4236 quod
1377 4161 1710 4239 Ducangius
1733 4161 1926 4219 adno-

393 4246 553 4316 tavit,
589 4242 854 4323 ζητιάρης,
879 4244 1118 4319 ἐπαίτης,
1144 4251 1442 4306 mendica.
1467 4251 1689 4307 Heus-r.

471 4334 585 4408 983
618 4332 838 4410 ἀγορᾶς,
870 4332 983 4390 hoc
1009 4345 1123 4404 est,
1150 4338 1371 4392 emendi
1399 4356 1603 4405 causa;
1640 4336 1927 4395 recentio-

390 4418 553 4478 ribus
587 4420 743 4477 enim
767 4421 983 4477 Graecis
1014 4419 1212 4503 ἀγορὰ,
1249 4437 1307 4481 et
1330 4425 1663 4501 corruptius
1694 4425 1928 4505 ἀγορᾶδα

392 4517 503 4586 ‘pro
527 4507 635 4586 ὠνῇ
660 4519 993 4584 usurpatur.
1024 4513 1249 4567 Hausr.
1278 4548 1340 4560 —
1370 4532 1407 4587 9
1432 4532 1590 4592 φησιν
1621 4531 1733 4570 om.
1763 4513 1835 4573 Θ.

476 4596 611 4672 986,
660 4604 745 4663 14.
798 4598 1026 4655 Modae'us
1059 4610 1119 4655 et
1151 4601 1460 4656 medimnus
1506 4599 1645 4676 quid
1698 4600 1930 4670 distent,

391 4696 756 4761 compertum
778 4699 863 4744 est
888 4709 903 4743 ε
932 4687 1305 4746 nihilominus
1331 4687 1584 4768 μέδιμνον
1609 4692 1797 4750 Graeci
1820 4712 1930 4769 po-

393 4772 664 4831 steriores
681 4770 859 4850 μόδιον
871 4788 1172 4853 exponunt
1190 4798 1202 4833 ε
1225 4779 1475 4853 Hesych.
1507 4778 1564 4836 in
1582 4779 1930 4856 Μεδιμναίον,

392 4860 757 4937 Moschopul.
810 4861 943 4942 Περὶ
990 4864 1135 4943 σχεδ.
1175 4884 1233 4942 p.
1270 4866 1366 4933 64.
1411 4870 1575 4939 Quos
1611 4867 1836 4925 modios
1872 4869 1930 4926 in

392 4947 696 5009 Annibalis
750 4948 991 5009 historia
1018 4995 1035 5025 ,
1094 4954 1353 5030 equitum
1399 4954 1601 5031 praelio
1647 4958 1930 5015 Cannensi

393 5041 671 5095 caes'orum
690 5037 1114 5099 multitudinem
1136 5040 1481 5100 annulorum
1501 5062 1765 5101 mensura
1789 5045 1934 5104 aesti-

1547 236 1999 300 ADNOTATIO
2042 237 2127 298 IN
2168 238 2435 300 Senot..

1985 367 2224 435 mantis,
2253 362 2440 421 Latini
2472 374 2712 436 vocant,
2738 362 2819 420 ini
2845 364 3062 422 Graecis
3091 359 3356 441 μέδιμνοι
3388 378 3578 438 sunt,

1986 464 2045 508 et
2073 451 2364 510 nonnuilis
2399 450 2634 528 quidem
2673 449 2916 510 Ἀττικοί.
2971 454 3334 511 Accuratior
3378 453 3576 513 Suid.

1991 539 2050 596 in
2079 559 2137 596 v.
2164 537 2430 614 Μέδιμνος
2455 530 2544 598 οὗν
2578 537 2774 617 μοδίων
2801 540 2863 610 ς’.
2906 542 3085 599 Cicer.
3115 542 3175 599 in
3198 547 3569 601 comment.

1987 629 2156 684 Caus.
2184 626 2340 705 apud
2359 630 2531 685 Corn.
2548 632 2937 686 Frontonem:
2962 631 3322 687 Medimnum
3348 629 3392 686 8
3418 634 3576 687 mib-

1991 715 2130 773 Iibus
2161 730 2396 787 centum,
2425 719 2487 771 id
2499 730 2596 787 est,
2626 720 2865 774 modium
2899 718 2971 785 48
3005 720 3200 774 millib.
3237 720 3386 776 600.
3417 718 3577 777 Vid.

1989 807 2077 861 Jo.
2109 809 2169 859 A.
2204 805 2433 862 Bosium
2471 806 2543 861 ad
2582 809 2754 864 Corn.
2781 810 2991 883 Nepot.
3020 807 3199 866 Attio.
3242 828 3294 864 c.
3329 827 3400 885 α,
3434 807 3474 884 §
3510 807 3579 863 6.

1992 894 2218 951 Ηειιετ.
2253 892 2341 951 lb.
2373 891 2638 974 τεττάρων
2659 913 2772 951 om.
2802 895 2874 954 Θ.

2073 980 2188 1057 988
2222 979 2396 1039 scribi
2430 980 2711 1040 debuerat
2733 981 2926 1059 ᾐδεῖτο.
2963 984 3186 1044 Hans-r.

2074 1070 2191 1144 989
2230 1069 2309 1127 sic
2352 1070 2412 1126 in
2455 1072 2525 1127 lt.
2551 1113 2568 1142 ,
2604 1069 2871 1147 μισητίας.
2919 1071 3020 1148 οὐχ
3052 1069 3574 1153 ἕνεκα-ἀσελγείᾳ.

1993 1152 2135 1233 λέγει
2163 1154 2220 1214 δὲ
2262 1154 2361 1226 τὴν
2386 1155 2632 1235 πορνείαν
2669 1158 2826 1216 οἱονεὶ
2871 1156 3150 1235 μισγητίας
3175 1156 3332 1240 παρὰ
3357 1158 3431 1217 τὸ
3456 1160 3572 1238 μί-

1995 1247 2227 1321 σγεσθαι.
2255 1281 2321 1293 -
2350 1264 2424 1303 ao
2458 1245 2548 1304 καὶ
2578 1247 2633 1304 ἐν
2669 1245 2874 1313 τούτοις
2910 1247 3052 1305 dicit
3096 1247 3469 1325 respiciens»,
3493 1264 3574 1307 ut

1998 1332 2242 1404 videtur,
2275 1333 2348 1390 ad
2378 1339 2486 1394 Av.
2528 1335 2696 1411 1619.
2734 1338 2918 1393 Dum.
2964 1332 3093 1415 φησὶ
3139 1334 3445 1413 μισγητίαν
3484 1337 3568 1397 Θ.

1995 1464 2058 1474 -
2099 1441 2166 1479 21
2215 1421 2459 1504 ἐπίφορον
2503 1423 2711 1483 Suidas
2754 1445 2798 1483 S.
2842 1423 3102 1496 Μισητία.
3146 1462 3211 1475 -
3262 1444 3340 1482 22
3369 1448 3452 1504 με
3490 1428 3570 1484 τί

1997 1509 2214 1592 ἀσελγία
2246 1514 2319 1571 Θ.

2078 1619 2215 1675 99ι,
2243 1619 2312 1671 27
2341 1597 2583 1678 μέμνητο
2604 1599 2808 1658 codex.
2833 1600 3202 1678 Conf.Etym.
3223 1605 3304 1660 M.
3331 1619 3396 1679 p.
3417 1602 3568 1673 578,

2002 1687 2096 1755 51,
2133 1688 2391 1746 Eustath.
2429 1707 2485 1765 p.
2522 1689 2693 1759 1373,
2719 1691 2813 1755 64.
2849 1689 2904 1746 ἐν
2927 1691 2993 1767 τῇ
3023 1688 3300 1769 Ὁμηρικῇ
3326 1711 3570 1769 *st-pomp·

1999 1773 2085 1855 δίᾳ
2118 1775 2322 1833 Suidas
2358 1795 2400 1833 s.
2442 1776 2724 1854 Μεμνῇτο.
2781 1777 3149 1834 Herodianus
3188 1778 3242 1834 ἐν
3273 1780 3346 1854 τῇ
3378 1776 3569 1858 βίὸλῳ

1999 1866 2094 1933 τῆς
2116 1862 2500 1937 Ὀδυσσειακῆς
2542 1863 2844 1944 προσῳδίας
2885 1866 3099 1923 citatur
3121 1863 3195 1922 ab
3219 1864 3414 1924 schol.
3443 1873 3564 1925 AV.

2002 1952 2138 2010 862.
2174 1956 2355 2010 Dum.

2082 2038 2198 2115 995
2241 2059 2354 2096 om.
2402 2039 2576 2098 etiam
2611 2040 2684 2099 Θ.
2715 2078 2779 2089 ,.
2835 2041 2909 2097 38
2958 2040 3152 2106 Καλῶς
3178 2029 3332 2114 εἷπε,
3363 2045 3444 2116 39
3469 2061 3564 2115 sq.

2001 2124 2153 2207 χερσὶ
2178 2125 2267 2185 τὸν
2292 2127 2618 2200 πλακοῦντα,
2641 2124 2698 2184 δν
2737 2125 2941 2207 ἔπεμψε
2969 2126 3064 2204 μὲν
3085 2127 3290 2207 ἐκείνῳ,
3321 2130 3418 2186 οὗκ
3444 2126 3568 2186 ἐδέ-

2004 2212 2127 2284 ξατο
2155 2214 2201 2273 δ’
2228 2215 2420 2279 ἐκεῖνος
2472 2213 2626 2272 αὐτόν
2652 2258 2671 2289 ,
2716 2213 2835 2273 ἀλλ’
2857 2215 3159 2296 ἀντέπεμψε
3200 2216 3366 2276 πάλιν
3395 2217 3561 2294 αὐτῇ.

2004 2301 2117 2362 ἔστι
2149 2300 2203 2362 δὲ
2229 2303 2465 2370 πλακοῦς
2488 2299 2540 2370 ἐξ
2576 2301 2811 2381 ἀλφίτων
2843 2300 2940 2380 μὲν
2983 2302 3272 2377 συνεστὼς,
3320 2303 3470 2383 ἔχων
3511 2303 3564 2361 δ’

2005 2389 2311 2468 ἐπικείμενα
2356 2390 2476 2469 μέλι
2504 2413 2562 2448 τε
2590 2390 2683 2449 καὶ
2712 2390 2903 2472 κάρυα,
2931 2390 2986 2450 ὃν
3017 2394 3298 2459 ἰδιωτικῶς
3327 2390 3529 2473 ξηροπι
3543 2424 3578 2433 ··

2005 2478 2185 2560 τάριον
2215 2480 2374 2560 φασίν
2401 2484 2543 2557 Reg.

2087 2570 2228 2643 996,
2264 2577 2331 2638 41
2366 2566 2515 2633 σανὶς
2553 2566 2965 2648 ζωγραφουμένη
2999 2587 3116 2628 om.
3148 2573 3292 2646 Reg.
3317 2569 3392 2629 Θ.
3412 2614 3429 2639 ,
3457 2589 3563 2627 se·

2007 2657 2242 2734 quentia
2277 2657 2361 2714 sic
2380 2655 2684 2726 exhibens,
2715 2680 2773 2715 π.
2803 2656 2864 2716 τὸ
2891 2660 2983 2729 τῆς
3003 2656 3185 2728 πείνης
3214 2655 3366 2733 ἄκος,
3392 2656 3562 2735 ἤγουν

2008 2746 2036 2801 ὁ
2067 2747 2117 2803 Θ.
2147 2766 2196 2801 τ.
2234 2765 2293 2800 π.
2320 2743 2496 2807 αὐτοῖς
2523 2744 2577 2800 ἐν
2606 2745 2750 2824 αὐτῷ
2778 2741 3073 2823 βρώμασιν.

2089 2851 2227 2908 997,
2258 2829 2332 2899 45
2362 2827 2668 2911 ὑπάρχοντα
2690 2837 2872 2891 Dorv.
2892 2870 2958 2882 —
2987 2831 3062 2901 46
3084 2830 3200 2890 ἀντὶ
3218 2834 3311 2890 τοῦ
3335 2836 3412 2890 G.
3437 2829 3562 2889 ἀντὶ

2009 2925 2099 2979 τοῦ
2126 2917 2220 2977 καὶ
2239 2923 2307 2978 R.
2331 2923 2401 2978 V.
2437 2956 2500 2970 -
2534 2929 2605 2994 47
2624 2919 2716 2979 καὶ
2740 2920 2917 3001 ἠρέμα
2940 2925 3010 2980 R.
3036 2919 3312 3003 δτιήρέμα
3329 2926 3401 2979 V.
3425 2921 3561 3000 ὅπερ

2050 3030 2228 3172 p999,
2266 3106 2341 3172 ‘⁸9
2376 3088 2536 3163 Εἶδος
2579 3097 2673 3155 πλ.
2718 3094 3090 3176 γαλακτώδους
3135 3095 3292 3152 inter
3367 3094 3563 3152 losse-

2013 3195 2165 3241 mata
2189 3183 2363 3242 habet
2387 3188 2454 3242 V.
2485 3184 2569 3263 (et
2596 3184 2768 3260 Reg.)
2789 3225 2806 3253 ‚
2834 3203 2949 3241 om.
2976 3189 3047 3241 G.
3072 3180 3185 3241 ἔστι
3215 3180 3269 3238 δὲ
3298 3204 3324 3239 ε
3349 3182 3439 3248 δος
3463 3184 3560 3241 πλ.

2010 3295 2063 3350 γ.
2108 3288 2240 3350 post
2281 3271 2629 3333 πλακούντων
2670 3274 2840 3352 ponit
2888 3279 2957 3333 R.
2986 3310 3051 3323 -
3094 3273 3161 3329 51
3205 3270 3561 3330 πλακούντων

2011 3361 2140 3442 πρὸς
2171 3359 2344 3441 τούτῳ
2383 3363 2594 3421 Suidas
2629 3382 2673 3420 s.
2716 3359 2948 3438 Ἄμητα.
3002 3359 3090 3419 lb.
3140 3358 3332 3418 ὡσανεὶ
3377 3365 3455 3417 V.
3502 3374 3564 3418 et

2013 3449 2236 3509 Suidas.
2268 3451 2337 3515 ὡς
2368 3446 2432 3508 ἂν
2459 3450 2590 3509 ald.
2618 3464 2678 3508 et
2712 3450 2904 3508 Suidae
2937 3448 3107 3507 codd.
3141 3447 3368 3524 optimi.
3391 3443 3463 3497 2-
3488 3449 3562 3505 52

2011 3540 2249 3608 πατῆσαι
2274 3538 2384 3596 ἐκεῖ
2411 3561 2478 3616 με
2513 3542 2585 3594 V.
2612 3550 2669 3594 et
2697 3536 2918 3596 Suidas.
2949 3538 3119 3594 ἐκεῖσε
3153 3537 3392 3606 πατῆσαι
3424 3534 3560 3593 ΔΙά.

2015 3651 2039 3676 α
2067 3627 2268 3685 ΙΙατεῖν
2299 3645 2404 3682 usu
2434 3630 2652 3683 Graecae
2679 3625 2888 3703 linguae
2912 3624 3165 3700 vulgaris
3194 3642 3302 3700 pro
3327 3628 3428 3692 ire,
3449 3642 3562 3679 να-

2013 3716 2145 3769 dere
2182 3713 2291 3770 teri
2334 3714 2479 3770 solet
2507 3734 2521 3770 z
2552 3712 2633 3770 sic
2672 3711 2986 3770 ἅντιὸαίνειν
3028 3708 3174 3790 παρὰ
3220 3716 3329 3775 τοῖς
3368 3717 3562 3774 κοινοῖς

2016 3804 2357 3876 ἀντιπατεῑν,
2410 3815 2549 3860 teste
2596 3802 2776 3861 schol.
2815 3800 3087 3879 Sophocl.
3133 3800 3207 3858 ad
3242 3801 3460 3859 Eiectr.
3505 3820 3561 3857 v.

2019 3894 2194 3966 577.»
2224 3893 2447 3948 Heus'r.
2484 3928 2546 3941 —
2579 3891 2650 3948 53
2685 3889 2908 3970 φλεψίαν
2954 3889 3129 3946 etiam
3169 3887 3296 3947 cod.
3340 3890 3564 3945 Canta-

2017 3981 2162 4057 brig.
2194 3978 2350 4056 apud
2372 3983 2613 4038 Porson.
2636 3998 2653 4047 ς
2700 3978 2846 4036 alius
2872 3974 3125 4058 φλαψίαν.
3157 3974 3354 4034 Codex
3379 3977 3564 4034 PariS.

2017 4088 2109 4146 ap.
2149 4071 2412 4144 Ducang.
2447 4087 2507 4144 p.
2549 4076 2579 4136 4
2619 4065 2897 4147 ἀὸλεψίαν.
2951 4063 3037 4124 lb.
3081 4056 3408 4144 εἶχε-χερσί
3437 4084 3562 4123 om.

2014 4162 2197 4215 Dorv.
2226 4193 2291 4206 -
2323 4157 2420 4224 54.
2454 4161 2541 4216 De
2564 4157 2807 4236 ταρχανᾶι
2831 4154 2971 4233 quid
3008 4154 3195 4212 dicam
3216 4154 3315 4211 vix
3346 4152 3564 4229 habeo,

2018 4246 2129 4305 uisi
2167 4244 2510 4304 vocabulum
2539 4265 2570 4302 a
2594 4247 2803 4304 Turcis
2832 4245 2902 4302 ad
2929 4249 3167 4302 Graecos
3206 4243 3565 4301 recentiores

2018 4333 2351 4411 pervenerit
2381 4355 2394 4389 ε
2428 4334 2513 4392 ini
2551 4335 2706 4392 enim
2751 4332 2923 4410 amyli
2964 4329 3256 4408 quandam
3283 4331 3563 4414 speciem,

2018 4421 2292 4477 trac-hana
2323 4419 2572 4490 dictam,
2617 4442 2687 4479 ex
2732 4422 3024 4480 frumento
3062 4438 3215 4496 aqua
3265 4429 3563 4475 macerato

2018 4508 2394 4583 decoquunt,
2429 4521 2488 4565 et
2526 4508 2782 4587 pultibus
2825 4509 2944 4566 suis
2973 4507 3328 4579 admiscent,
3356 4517 3423 4561 ut
3455 4525 3562 4562 re—

2020 4599 2130 4656 fert
2150 4601 2302 4654 Petr.
2334 4597 2627 4657 Bellonius
2659 4598 2798 4657 Obs.
2830 4598 2989 4672 1‚59‚
3022 4608 3081 4653 et
3106 4615 3162 4667 2,
3197 4616 3251 4666 7,
3284 4593 3353 4650 ad
3382 4614 3562 4672 quem

2019 4688 2207 4745 locum
2233 4688 2463 4744 monuit
2493 4686 2624 4750 Car.
2652 4687 2880 4746 Clusius
2906 4685 3030 4763 ejus
3051 4682 3296 4761 parandi
3321 4682 3561 4740 modum

2020 4774 2343 4832 accuratius
2362 4776 2698 4852 exposuisse
2727 4772 3027 4833 Rawwotf.
3060 4771 3190 4830 ltin.
3222 4768 3323 4828 lib.
3358 4788 3408 4840 1,
3432 4788 3480 4825 c.
3500 4771 3558 4823 8.

2020 4861 2417 4921 Dubitandum
2471 4862 2594 4922 fere
2628 4885 2743 4923 non
2785 4862 3052 4932 videtur,
3106 4859 3245 4936 quin
3274 4856 3425 4915 idem
3464 4856 3564 4927 sit,

2021 4950 2181 5027 quod
2214 4970 2285 5008 ex
2326 4951 2483 5010 Golii
2525 4949 2967 5011 Commentariis
2996 4946 3278 5007 Castelius
3317 4946 3377 5003 in
3417 4948 3562 5002 Lex.

2023 5050 2183 5104 Pers.
2221 5045 2525 5127 descripsit
2552 5068 2609 5125 p.
2641 5067 2780 5121 177:
2812 5033 3018 5116 &Ji-Ay:
3059 5042 3446 5114 Tan-hauath,
3465 5046 3570 5097 ve!
