3859 5725
1408 281 1790 361 scfloLlA
1839 299 1934 360 IN
1984 300 2286 363 Nmms.

228 427 523 513 φυσαᾶφ]
547 432 587 500 ἡ
625 427 948 509 περιδίνησις
974 431 1013 499 ἡ
1041 426 1261 510 αἰθερία.
1302 430 1486 507 (ταῦτα
1527 429 1582 490 δὲ
1610 432 1670 490 ἐκ
1700 433 1806 490 τῶν

230 515 654 598 Ἀναξαγορικῶν
691 514 999 594 λαμὸάνει.)

315 634 418 675 mo,
463 616 613 682 Δῖνος
647 613 757 671 νυνὶ
800 610 1093 692 βασιλεύων
1137 633 1153 674 t
1184 612 1436 693 Ἐγγύθεν
1472 613 1661 673 ἔλαὸεν
1700 610 1808 672 ἀπὸ

228 707 331 763 τοῦ
359 702 483 769 Διὸς
500 702 565 760 τὸ
585 701 769 779 ὄνομα.
908 698 1117 782 [ὥσπερ
1144 702 1191 759 εἰ
1210 699 1386 780 ἔλεγε,
1410 700 1484 780 μὴ
1512 698 1807 781 βασιλεύειν

164 823 197 861 5
226 790 328 851 ’ὢν
351 789 485 861 Δία,
524 787 667 848 ἀλλὰ
694 789 865 848 Δῖνον.
889 789 990 867 οὐχ
1019 788 1100 847 ὅτι
1126 785 1226 860 τὴν
1249 788 1450 863 δίνησιν
1483 788 1806 862 ὓποὸάλλει,

232 881 298 939 ἐκ
328 877 515 939 τούτου
556 877 708 945 Δῖνος
732 868 896 947 εἶπεν,
925 876 1064 936 ἀλλὰ
1095 883 1384 958 κεραμεοῦν
1410 882 1521 937 ἐστι
1547 877 1678 958 βαθὺ
1704 900 1807 936 πο-

228 967 437 1048 τήρισν,
459 966 489 1028 ὃ
515 966 756 1025 καλεῖται
784 967 917 1032 δ’ἰνος
932 1010 949 1039 ,
972 961 1103 1047 ὅπερ
1124 965 1234 1024 ἄνω
1257 964 1528 1046 εὐρύτερον
1555 964 1636 1045 δν,
1660 964 1808 1024 κάτω

231 1056 311 1123 εἰς
332 1053 424 1123 ὀξὺ
447 1053 621 1132 λήγει.
648 1052 708 1111 τὸ
734 1051 836 1132 γὰρ
862 1054 1064 1131 γελοῖον
1094 1054 1155 1111 ἐκ
1176 1052 1363 1112 τούτου
1387 1056 1460 1121 εἰς
1481 1052 1578 1125 τὴν
1600 1058 1692 1113 τοῦ
1721 1057 1809 1115 Δῖ-

232 1166 325 1211 νος
349 1141 645 1223 παρείληφε
663 1139 914 1202 διάνοιαν.
939 1175 1023 1187 -
1043 1142 1179 1209 δῖνος
1204 1161 1220 1202 :
1244 1143 1395 1209 Δῖνος
1421 1141 1610 1223 κυρίως
1636 1145 1665 1201 ὁ
1687 1141 1809 1224 τόρ-

146 1262 206 1302 10
235 1252 357 1304 νος,
386 1232 604 1289 ἐνταῦθα
630 1227 687 1287 δὲ
724 1232 760 1300 ἡ
782 1233 876 1287 τοῦ
898 1230 1118 1310 οὐρανοῦ
1141 1228 1374 1306 κίνησις,
1410 1230 1499 1312 ἀφ’
1535 1221 1595 1289 οὗ
1629 1229 1742 1302 δίνη
1771 1234 1806 1302 ἡ

233 1316 509 1481 W
520 1317 650 1466 ’.ἴῖ
668 1317 775 1477 δὲ.
774 1315 1196 1488 ἳᾷῗοῖζῖἵὲφξ
1201 1321 1318 1466 ²122?
1333 1317 1497 1489 {22⁹0ss
1498 1311 1808 1491 ἶῖἷυῗτωροξῗ,

226 1496 326 1556 καὶ
354 1495 559 1568 κίνησιν
599 1493 692 1553 καὶ
712 1495 1018 1576 περιφοράν·
1052 1497 1081 1554 δ
1105 1493 1160 1554 δὲ
1186 1495 1519 1576 Στρεψιάδης
1552 1495 1802 1576 ποτήριόν

230 1607 286 1644 τι
313 1582 498 1655 ἐνόησε
523 1587 808 1663 κεραμοῦν,
840 1584 976 1643 δῖνον
1000 1583 1093 1643 καὶ
1119 1588 1275 1643 τοῦτο
1308 1581 1639 1661 καλούμενον
1680 1582 1808 1664 παρ’

156 1708 213 1747 1⁶
236 1672 519 1745 Ἀττικοῖς,
540 1670 602 1730 τὸ
621 1668 903 1749 λεγόμενον
919 1670 1152 1731 καυκίον.
1179 1667 1346 1750 vich]

320 1787 419 1830 ³⁸³.
459 1766 521 1827 τὸ
542 1766 680 1850 φημί
705 1766 836 1851 πρὸς
859 1765 955 1836 τὰς
974 1766 1207 1849 νεφέλας.
1231 1777 1340 1828 R.v
1360 1815 1375 1828 .

320 1886 401 1926 ³85
463 1865 559 1945 ἄγε
591 1864 627 1937 ἢ
652 1863 788 1946 λέγι.
826 1863 948 1926 τίνι.
988 1863 1095 1925 ἀπὸ
1123 1868 1283 1925 αὗτοῦ
1319 1888 1432 1924 σου.
1462 1875 1523 1924 R.
1568 1863 1674 1922 ἀπὸ
1716 1867 1808 1923 σοῦ

239 1953 349 2034 ἐγώ
378 1977 457 2014 σε.
481 1963 545 2011 V.
573 1950 711 2036 [ἀπὸ
737 1959 931 2013 σαυτοῦ
951 1952 1047 2029 ’γώ
1066 1977 1124 2013 σε
1149 1951 1339 2023 διδάξω
1367 1975 1382 2015 :
1412 1956 1507 2021 Εἷς
1532 1951 1592 2011 τὸ
1616 1957 1810 2012 σαυτοῦ

236 2040 447 2103 τελείαν
480 2041 737 2116 στικτέον,
776 2040 891 2101 ἐπεὶ
918 2041 1160 2102 σύνθετόν
1185 2045 1298 2102 ἐστι
1333 2041 1426 2102 καὶ
1472 2039 1810 2119 ἀμετάὸατον

148 2164 212 2204 ²0
234 2130 438 2210 γίνεται
465 2129 551 2216 ὑφ’
576 2129 631 2189 ἓν
658 2128 919 2211 λέγουσι]

320 2248 426 2288 388.
467 2230 650 2304 ζωμοῦ
678 2225 1068 2300 Παναθηναίοις
1100 2248 1115 2288 :
1141 2225 1268 2309 [Ἔν
1295 2230 1402 2295 τοῖς
1425 2224 1813 2297 Παναθηναίοις

237 2318 298 2376 αἱ
324 2313 564 2375 Ἀττικαὶ
591 2314 698 2381 τοῖς
727 2311 1013 2386 Ἀθηναίοις
1043 2313 1219 2383 πόλεις
1251 2312 1487 2392 ἔπεμπον
1525 2319 1663 2396 βοῦς.
1699 2314 1811 2374 ὅθεν

236 2409 275 2478 ἡ
305 2401 554 2485 δαψίλεια
574 2405 679 2460 τῶν
703 2406 888 2482 κρεῶν.

238 2488 473 2563 θηναίοις
495 2486 740 2571 ἐκόρεσας
763 2490 939 2568 ζωμοῦ
961 2486 1057 2561 τὴν
1075 2492 1306 2572 γαστέρα
1328 2513 1440 2551 σου.
1464 2488 1532 2549 τὰ
1552 2487 1606 2550 δὶ
1627 2493 1811 2552 Πανα-

155 2615 211 2655 2⁵
239 2578 436 2651 θήναια
464 2575 646 2659 ἑορτὴν
677 2576 804 2660 παρ’
833 2576 1119 2649 Ἀθηναίοις
1156 2577 1412 2657 μεγίστην
1456 2567 1591 2637 εἶναι
1633 2603 1813 2661 προει-

241 2665 502 2749 ρήκαμεν.
528 2663 644 2724 ἐπεὶ
671 2656 760 2723 οὖν
783 2667 838 2724 ἐν
870 2669 977 2734 τοῖς
999 2666 1389 2739 Παναθηναίοις
1414 2675 1589 2726 πᾶσαι
1619 2672 1676 2728 αἱ
1710 2669 1815 2729 ὑπὸ

238 2757 348 2814 τῶν
376 2751 660 2826 Ἀθηναίων
684 2754 1068 2812 ἀποικισθεῖσαι
1091 2752 1267 2823 πόλεις
1298 2758 1432 2835 βοῦν
1461 2754 1814 2835 τυθησόμενον

241 2840 503 2921 ἔπεμπον,
527 2837 829 2900 συνέόαινεν
851 2840 1031 2902 ἄδειαν
1055 2832 1189 2902 εἶναι
1206 2846 1310 2903 τῶν
1331 2848 1516 2925 κρεῶν,
1530 2841 1667 2905 ὥστε
1681 2847 1815 2919 πλη-

243 2934 461 3013 ροῦσθαι
507 2927 710 2995 πάντας
737 2928 830 2988 καὶ
859 2928 1008 3012 παρὰ
1044 2929 1104 2990 τὸ
1144 2930 1258 2991 δέον
1288 2931 1552 3001 ἐσθίοντας
1587 2932 1675 2993 διὰ
1718 2934 1813 3006 τὴν

164 3060 219 3101 30
246 3016 497 3099 ἀφθονίαν
520 3018 625 3074 τῶν
656 3019 841 3098 κρεῶν.
1006 3022 1132 3098 βοῦν
1176 3019 1516 3099 τεθυσόμενον
1561 3020 1814 3100 ἔπεμπον,

246 3103 548 3165 συνέὸαινεν
567 3100 814 3186 ἀφθονίαν
829 3128 854 3163 ε
876 3129 961 3163 ναι
980 3110 1164 3188 κρεῶν,
1184 3104 1322 3167 ὥστε
1337 3107 1670 3188 κορέννυσθαι
1684 3112 1816 3182 πλη·

249 3191 528 3277 ρουμένους
545 3191 663 3259 τοὺς
674 3191 1020 3272 βουλομένους
1033 3194 1267 3278 κρεάτων
1286 3219 1344 3271 τε
1361 3197 1455 3256 καὶ
1468 3201 1674 3275 ζωμῶν.
1690 3198 1815 3282 LB.]

334 3286 722 3362 Παναθηναίοις
748 3310 763 3350 t
791 3287 878 3351 Τὰ
907 3290 1255 3363 Παναθήναια
1279 3291 1432 3374 ἑορτὴ
1464 3299 1569 3355 τῶν
1590 3294 1817 3369 Ἀθηνῶν

246 3368 335 3451 ἦν,
358 3381 543 3437 πασῶν
567 3381 672 3437 τῶν
699 3379 754 3437 ἐν
782 3376 1019 3450 Ἀθήναις
1046 3379 1382 3459 τελουμένων
1418 3384 1610 3466 ἑορτῶν
1643 3389 1679 3457 ἡ
1721 3410 1814 3464 με·

168 3511 224 3553 ³5
247 3462 426 3542 γίσ-τη,
449 3466 501 3523 ἐν
523 3456 565 3544 ᾗ
580 3463 726 3548 ζῴων
754 3467 966 3525 πολλῶν
996 3467 1388 3550 σφαττομένων,
1410 3475 1482 3539 ὡς
1503 3476 1689 3532 πασῶν
1712 3478 1817 3534 τῶν

250 3552 655 3615 ἀποικισθεισῶν
678 3553 773 3615 ἀπ’
792 3553 1020 3626 Ἀθηνῶν
1038 3554 1241 3615 πόλεων
1256 3558 1576 3635 πεμπούσης
1589 3561 1815 3635 ἑκάστης

253 3636 355 3703 ἀνὰ
380 3636 471 3699 ἵνα
508 3645 629 3721 βοῦν
660 3643 732 3708 εἷς
758 3639 856 3715 τὴν
895 3643 1078 3702 θυσίαν
1106 3644 1199 3703 καὶ
1234 3643 1390 3728 ἔτερα
1414 3650 1577 3723 ἱερεῖα
1587 3693 1603 3722 ,
1643 3653 1691 3711 οἱ
1720 3649 1816 3729 μὲν

250 3733 345 3813 τῆς
379 3727 650 3795 καλλίονος
684 3729 871 3811 μοίρας
910 3729 1173 3813 ἄνθρωποι
1210 3732 1279 3792 τὰ
1306 3734 1503 3816 κρέατα
1538 3735 1727 3810 ἔσθιον,
1769 3742 1817 3799 οἱ

250 3816 471 3889 πένητες
490 3814 545 3876 δὲ
561 3815 681 3884 τοὺς
703 3817 909 3896 ζωμοὺς
921 3816 1014 3877 σὺν
1033 3820 1279 3899 τμήματι
1302 3823 1461 3904 ἄρτου
1477 3826 1816 3909 βραχυτάτῳ.

248 3913 437 3969 vietor.
1790 3952 1795 3957 ι

173 3958 227 3997 ⁸⁰
332 3978 457 4073 [εἶτ’
478 3990 777 4073 ἐταράχθης
797 4012 813 4054 :
839 3986 977 4055 Εῖτα
998 3994 1193 4070 συνέὸη
1218 4001 1493 4071 κινηθῆναι
1515 4000 1608 4058 καὶ
1626 4002 1816 4061 διατα-

253 4085 514 4165 ραχθῆναι
540 4078 639 4153 τὴν
660 4081 945 4165 γαστέρα]

331 4196 433 4239 887.
476 4176 598 4257 [καὶ
629 4176 810 4246 κλόνος
840 4178 1080 4262 ἐξαίφνης
1108 4201 1124 4241 2
1156 4181 1267 4243 Καὶ
1290 4181 1507 4265 στρόφος
1525 4206 1604 4253 τις
1626 4188 1719 4246 καὶ
1740 4178 1819 4247 εἶ-

253 4263 369 4344 λιγξ
404 4266 543 4344 αὗτῇ
602 4264 872 4327 συνέπεσε.
930 4267 1369 4352 διεκορκορύγησε
1405 4271 1462 4331 δὲ
1477 4317 1496 4349 ,
1559 4274 1679 4335 ἀντὶ
1725 4283 1820 4336 τοῦ

182 4399 237 4441 3
254 4349 479 4432 ἤχησε]
502 4354 838 4433 κορκορυγεῖν
877 4354 1087 4436 λέγουσι
1120 4357 1179 4418 τὸ
1218 4359 1399 4418 λαλεῖν
1442 4359 1542 4432 τὴν
1567 4363 1818 4445 γαστέρα.

260 4439 582 4519 (ἐμιμήσατο
608 4440 666 4499 δὲ
687 4446 756 4523 τῇ
789 4449 937 4526 φωνῇ
966 4449 1070 4505 τῶν
1095 4446 1319 4528 ἐντέρων
1352 4447 1441 4508 τὸν
1460 4438 1635 4529 ἦχον.)

332 4556 432 4598 ³⁹1.
472 4538 538 4597 ἐκ
561 4541 654 4597 ’τοῦ
673 4542 793 4601 κατ’
826 4543 1002 4623 ὀλίγον
1023 4542 1170 4624 φησί.
1202 4555 1264 4603 R.

332 4651 433 4694 an.
470 4630 582 4691 ἀπὸ
613 4637 916 4718 γαστριδίου
947 4639 1258 4701 eumont:
1301 4641 1437 4717 Ἀντὶ
1480 4646 1573 4702 τοῦ
1612 4648 1819 4726 μικροῦ.

259 4717 567 4800 σιηαγαγὼν
603 4721 659 4782 δὲ
692 4724 813 4793 τοὺς
840 4726 1127 4795 δακτύλους
1166 4727 1295 4812 φησὶ
1318 4734 1490 4790 τοῦτο.
1516 4742 1573 4790 R.
1598 4729 1813 4811 [ποσόν.

180 4855 237 4899 ω
260 4807 566 4887 συναγαγὼν
597 4810 657 4872 δὲ
676 4813 801 4881 τοὺς
825 4815 1111 4884 δακτύλους
1140 4818 1267 4898 ἐρεῖ.
1292 4816 1473 4879 τύννον
1504 4817 1610 4900 γὰρ
1637 4820 1698 4880 τὸ
1726 4844 1817 4898 μι-

258 4895 425 4980 κρόν.]
549 4899 637 4959 ὅτε
662 4899 855 4961 ἔλαὸεν
877 4906 1231 4983 ὁμολογοῦντα
1255 4905 1344 4966 τὸν
1366 4906 1821 4989 πρεσὸύτην,τότι

257 4987 539 5069 προσάγειν
578 4988 738 5048 αὐτὸν
782 4990 1042 5073 ἐπεχείρει
1078 4996 1147 5072 τῇ
1190 4991 1474 5074 συγκρίσει·
1521 4994 1616 5054 καί
1656 5018 1821 5077 φησι,

256 5075 558 5155 θαυμάζεις,
582 5080 628 5137 εἰ
654 5081 943 5158 βροντῶσιν
966 5082 1022 5139 αἱ
1045 5079 1279 5162 Νεφέλαι
1300 5080 1475 5147 πάντα
1497 5081 1818 5164 κατέχουσαι

1013 2399 1267 2485 Ἄλλως]
1285 2402 1389 2477 ἤδη
1413 2403 1530 2462 ποτ’
1555 2406 1611 2463 ιν
1634 2405 1818 2462 nava·-

3345 317 3450 368 101

1888 431 1979 491 τὸν
2017 433 2259 514 οὗρανὸν,
2301 431 2388 493 ὅτε
2431 435 2536 494 ἀπὸ
2575 445 2765 517 μικρᾶς
2804 438 2963 511 οὔσης
3002 442 3096 511 τῆς
3124 437 3323 505 κοιλίας
3364 460 3457 497 σου

1886 528 2133 589 τοσοῦτος
2156 512 2284 602 ἦχος
2309 525 2415 581 τῶν
2445 523 2650 604 πορδῶν
2678 525 2902 602 γίνεται;

1969 627 2070 669 394.
2113 606 2189 667 τὼ
2209 603 2411 687 ’νόματ’
2435 611 2687 683 ἀλλήλοιν
2720 634 2735 674 :
2764 617 2966 682 Δυῖκῶς
2990 612 3209 674 ἔκλινεν.
3249 612 3379 696 φησὶ
3402 613 3458 672 δὲ

1887 693 1969 756 ὅτι
1996 695 2085 756 διὰ
2119 702 2275 756 τοῦτο
2301 698 2393 757 καὶ
2432 696 2501 757 τὰ
2531 698 2766 777 ὀνόματά
2803 704 2933 761 εἰσιν
2962 702 3210 774 ἀλλήλοις
3252 724 3460 782 παρεμ-

1889 788 2021 865 φερῆ
2051 784 2143 843 καὶ
2170 783 2326 865 ὅμοια
2369 788 2464 857 τῆς
2507 789 2728 867 βροντῆς
2753 789 2960 861 καὶτῆς
2989 791 3205 871 πορδῆς.
3248 788 3457 870 [ἔπαιξε
3484 812 3510 850 5

1889 870 1946 930 δὲ
1973 871 2119 952 παρὰ
2145 872 2208 932 τὸ
2235 872 2774 957 ὁμοιοκατάληκτον]

1971 979 2072 1021 396.
2117 959 2209 1019 καὶ
2232 960 2555 1044 καταφρύγει
2582 982 2597 1023 2
2630 962 2885 1044 [Λέγεται
2915 963 3018 1047 γὰρ
3044 962 3126 1024 ὅτι
3152 964 3407 1032 πολλάκις
3432 968 3461 1022 ὁ

1888 1048 2135 1129 κεραυνὸς
2163 1048 2430 1129 ἁψάμενος
2456 1052 2551 1109 οὐκ
2584 1053 2814 1134 ἀναιρεῖ,
2855 1051 2994 1112 ἀλλὰ
3022 1050 3324 1135 περιφλέγει
3359 1051 3457 1131 μό-

1889 1157 1993 1194 νον.
2113 1134 2331 1204 Ἀλλως.
2374 1137 2728 1219 καταφρύγει,
2765 1139 3023 1202 καταίθει.
3066 1141 3340 1222 περιφλύει
3372 1141 3459 1213 δὲ,

1887 1223 2151 1304 περικαίει
2175 1226 2445 1296 ἐπιπολῆς.
2472 1225 2535 1284 τὸ
2555 1227 2608 1287 δὲ
2635 1231 2830 1298 ζῶντας
2849 1275 2867 1302 ,
2892 1227 3027 1297 τινὲς
3051 1229 3167 1288 ἀντὶ
3185 1235 3275 1289 τοῦ
3298 1231 3461 1288 πλου·
3491 1254 3540 1293 ιο

1889 1309 2031 1379 σίους
2056 1312 2343 1394 ἤκουσαν]
2372 1311 2460 1380 οὓς
2487 1313 2583 1391 μὲν
2612 1317 2924 1393 κατακαίει,
2949 1316 3034 1385 οὓς
3069 1315 3125 1376 δὲ
3151 1321 3346 1387 ζῶντας
3367 1340 3463 1376 πε·

1891 1398 2119 1480 ριφλέγει
2159 1401 2304 1484 (πυρὶ
2330 1398 2509 1483 φλέγει
2558 1407 2629 1483 V.)
2662 1416 2719 1463 R.
2743 1416 2806 1462 V.
2844 1404 3145 1465 κατακαίει.
3177 1404 3296 1471 τοὺς
3331 1407 3462 1474 ζῶν-

1887 1511 2010 1562 τας,
2032 1489 2150 1557 τοὺς
2167 1488 2464 1557 πλουσίους.
2489 1491 2794 1576 περιφλύει,
2820 1494 2872 1563 ἐξ
2897 1496 3153 1567 ἐπιπολῆς
3180 1493 3337 1553 καίει.
3367 1506 3458 1554 Br,

1888 1573 2006 1644 τοὺς
2034 1575 2089 1636 δὲ
2108 1580 2302 1647 ζῶντας
2323 1578 2624 1659 περιφλέγει
2654 1601 2669 1641 t
2700 1578 2905 1661 Ἤγουν
2928 1580 3048 1651 τοὺς
3071 1581 3146 1661 μὴ
3173 1583 3463 1643 ἀποθανόν-

1887 1686 1985 1730 τας
2013 1664 2236 1746 μετρίως
2261 1664 2421 1726 καίει.
2449 1683 2551 1733 LB.
3492 1695 3541 1736 ιε

1970 1772 2066 1815 397.
2110 1754 2344 1835 ἀφίησιν,
2373 1755 2708 1835 ἀποπέμπει.
2733 1765 2794 1815 R.

1969 1860 2066 1903 3⁹7.
2110 1841 2347 1924 Κρονίων
2375 1844 2507 1918 ὄζων
2547 1865 2563 1905 :
2595 1844 2817 1925 Ἄρχαῖε
2868 1843 2958 1903 καὶ
3000 1844 3236 1917 εὐηθείας
3270 1844 3461 1909 πνέων.

1891 1926 2004 1988 ἔστι
2038 1926 2094 1988 δὲ
2127 1931 2321 2012 Κρόνια
2359 1931 2508 2015 παρὰ
2550 1941 2659 2000 τοῖς
2684 1932 2951 2004 Ἕλλησιν
2999 1932 3172 2014 ἑορτή.
3205 1933 3366 2015 ἤγετο
3407 1932 3463 1993 δὲ

1892 2017 2284 2097 ἑκατομὸαιῶνι
2309 2021 2455 2099 μηνί.
2484 2021 2577 2080 καὶ
2602 2019 2855 2100 Κρονίους
2867 2019 2985 2088 τοὺς
3005 2020 3200 2103 λήρους
3217 2021 3458 2084 ἐκάλουν.

1976 2107 2320 2184 βεκκεσέληνε
2347 2129 2362 2169 :
2385 2106 2547 2169 Ἤτοι
2586 2107 2894 2179 ἀπόπληκτε
2937 2106 3028 2166 καὶ
3070 2106 3462 2182 σεληνόπληκτε
3490 2131 3544 2171 20

1892 2192 1985 2251 καὶ
2004 2192 2153 2254 σαλέ.
2176 2194 2234 2253 R.
2263 2187 2385 2272 (οἷον
2405 2193 2782 2268 σεληνόὸλητε,
2809 2193 3135 2268 ἀπόπληκτε.
3156 2196 3465 2275 Ψαμμήτι-

1892 2302 1985 2358 χος
2025 2280 2296 2360 Αἰγύπτου
2352 2280 2667 2363 βασιλεύσας
2698 2280 2954 2354 ἠθέλησεν
3004 2285 3287 2361 ἐπιγνῶναι
3332 2281 3467 2351 τίνες

1892 2366 2105 2426 πάντων
2143 2367 2428 2451 ἀνθρώπων
2468 2368 2827 2451 πρεσὸύτατοι
2855 2368 2948 2430 καὶ
2984 2373 3183 2452 πρῶτοι
3214 2371 3462 2450 γένοιντο.

1894 2458 1966 2522 ὥς
1993 2454 2048 2514 δὲ
2069 2455 2244 2516 πάντα
2273 2460 2728 2539 πολυπραγμονῶν
2768 2460 2868 2537 οὐχ
2906 2448 3008 2526 οἶός
3049 2481 3108 2516 τε
3139 2451 3204 2530 ἦν
3229 2461 3465 2541 ἀνευρεῖν

1893 2541 1956 2602 τὸ
1984 2543 2194 2625 ἀκριὸὲς
2221 2543 2308 2604 διὰ
2331 2546 2392 2604 τὸ
2409 2543 2635 2611 πολλοὺς
2662 2543 2785 2626 περὶ
2804 2543 2989 2605 τούτου
3011 2546 3342 2627 φιλονεικεῖν,
3370 2569 3467 2623 μη·
3492 2566 3545 2606 2⁶

1894 2630 2125 2709 χανᾶταί
2159 2655 2211 2690 τι
2237 2639 2487 2693 τοιοῦτον.
2529 2631 2711 2691 λαθὼν
2751 2632 3003 2713 ἀρτίτοκα
3041 2630 3134 2692 δύο
3169 2633 3354 2692 παιδία
3393 2636 3466 2701 εἰς

1895 2717 2095 2797 οἴκημα
2117 2718 2451 2779 κατέκλεισεν
2484 2719 2891 2800 ἀνακεχωρηκὸς
2924 2718 3255 2781 παντάπασι.
3296 2720 3388 2780 καὶ
3413 2724 3465 2779 οῖ

1899 2803 1995 2883 μὲν
2040 2805 2281 2885 λέγουσιν
2309 2810 2379 2876 ὥς
2420 2797 2572 2888 αἶγας
2616 2805 2927 2885 ὑπέπεμπεν
2974 2808 3175 2882 αὐτοῖς,
3205 2806 3267 2876 ἃς
3294 2808 3466 2880 θηλά·

1896 2898 2049 2964 ζοντα
2074 2895 2315 2978 ἐτρέφετο
2332 2896 2401 2955 τὰ
2428 2895 2646 2971 παιδία,
2675 2899 2724 2954 οἱ
2743 2892 2800 2954 δὲ
2822 2900 2893 2963 ὣς
2918 2894 3138 2978 τροφοὺς
3163 2895 3467 2977 παρέστησε

1895 2980 1990 3050 τὰς
2017 2982 2252 3063 γλώττας
2286 2986 2457 3043 αὐτῶν
2487 2983 2739 3062 ἐκτεμὼν,
2775 2981 2922 3043 ὥστε
2961 2989 3056 3057 τῆς
3090 2988 3263 3065 φωνῆς
3294 2987 3466 3043 αὒτῶν
3491 3008 3546 3049 80

1898 3067 1974 3146 μὴ
2006 3068 2212 3128 ἀκούειν
2233 3069 2303 3129 τὰ
2326 3070 2532 3131 παιδία.
2566 3077 2735 3130 ταῦτα
2766 3070 2822 3130 δὲ
2845 3075 2874 3130 ὃ
2896 3071 3275 3151 Ψαμμήτιχος
3303 3070 3468 3135 ἐποίει

1899 3155 2210 3236 βουλόμενος
2236 3156 2427 3216 εἰδέναι
2449 3157 2564 3216 τίνα
2591 3156 2718 3216 ποτὲ
2746 3157 2813 3217 τὰ
2841 3157 3030 3216 παιδία
3055 3157 3272 3238 πρώτην
3298 3158 3468 3241 προή-

1897 3266 2047 3303 σουσι
2067 3243 2162 3316 τὴν
2223 3243 2382 3319 ωνὴν,
2413 3244 2786 3324 ἀπαλλαγέντα
2808 3249 2912 3304 τῶν
2942 3246 3166 3324 ἀσήμων
3193 3247 3469 3325 κνυζημά-

1895 3354 2022 3392 των.
2050 3335 2122 3399 ὡς
2204 3357 2232 3391 ν
2255 3332 2459 3415 τριετὴς
2476 3333 2649 3399 αὐτοῖς
2675 3331 2952 3411 διεγεγόνει
2970 3331 3154 3414 χρόνος
3170 3338 3267 3406 τῆς
3288 3333 3469 3394 τοιαύ-

1896 3443 1993 3492 της
2018 3425 2236 3501 τροφῆς,
2269 3419 2597 3502 εἰσέπεμψεν
2626 3423 2698 3488 είς
2733 3420 2823 3481 τὸν
2849 3410 2990 3480 οἷκον
3025 3421 3142 3481 τινὰ
3170 3424 3275 3481 τῶν
3304 3421 3468 3503 φίλων
3494 3445 3548 3487 aa

1897 3508 2255 3586 ἐντειλάμενος
2285 3513 2460 3591 σιωπῇ
2483 3509 2778 3590 παρελθεῖν.
2808 3514 2900 3568 τοῦ
2930 3507 2987 3568 δὲ
3019 3508 3341 3592 ἀνεῴξαντος
3374 3509 3469 3578 τὰς

1898 3594 2082 3676 θύρας,
2105 3595 2354 3678 ὀρέγοντα
2379 3595 2475 3664 τὰς
2494 3604 2675 3676 χεῖρας
2702 3594 2773 3656 τὰ
2795 3595 2982 3656 παιδία
3015 3596 3199 3676 βέκκος
3224 3596 3466 3661 ἐλάλουν.

1899 3682 2122 3766 Φρύγας
2161 3683 2218 3744 δέ
2244 3708 2374 3768 φασι
2407 3683 2495 3744 τὸν
2541 3684 2697 3766 ἄρτον
2726 3683 2890 3753 οὕτως
2935 3686 3136 3760 καλεῖν,
3177 3686 3270 3746 καὶ
3305 3685 3470 3755 οὕτως

1899 3769 1995 3848 μὲν
2011 3772 2397 3853 ΙΨαμμήτιχον
2421 3773 2587 3854 εὑρεῖν
2624 3772 2716 3831 καὶ
2743 3778 3024 3832 πιστεῦσαι
3049 3772 3287 3855 πρώτους
3315 3796 3470 3855 γεγο-

1897 3858 2040 3918 νέναι
2068 3859 2305 3941 Φρύγας.
2343 3862 2563 3920 ἐνταῦθα
2593 3859 2646 3920 δὲ
2680 3865 2714 3932 ἡ
2743 3859 2878 3930 λέξις
2905 3861 3155 3939 σημαίνει
3180 3861 3241 3921 τὸ
3275 3864 3463 3944 ἀρχαῖε
3494 3881 3550 3921 ιο

1898 3947 1990 4006 καὶ
2037 3947 2246 4020 ἀνόητε.
2296 3949 2373 4026 V.)
2500 3947 2747 4029 [Ἄλλως.
2787 3947 2904 4007 ἀντὶ
2948 3954 3070 4023 τοῦ,
3113 3950 3303 4031 ἀρχαῖε
3375 3951 3468 4009 καὶ

1902 4032 2065 4116 μωρέ.
2108 4034 2224 4103 τοὺς
2273 4034 2376 4116 γὰρ
2427 4032 2632 4117 μωροὺς
2665 4033 2915 4116 ἀρχαίους
2955 4035 3175 4096 ἐκάλουν
3228 4037 3332 4096 ἀπὸ
3376 4041 3470 4108 τῆς

1899 4121 2158 4204 ἱστορίας,
2184 4123 2302 4191 τοὺς
2328 4123 2588 4204 Ἀρκάδας
2627 4122 2767 4183 κατὰ
2800 4122 2918 4192 τοὺς
2944 4123 3048 4207 πρὸ
3080 4123 3301 4196 σελήνης
3335 4125 3468 4207 χρό-

1899 4234 2018 4278 νους
2041 4213 2096 4271 ἐν
2122 4216 2237 4280 ταῖς
2273 4210 2487 4295 ἐρήμοις
2513 4211 2729 4291 διάγειν,
2756 4210 2791 4283 ἢ
2821 4212 2922 4272 ὑπὸ
2949 4221 3064 4281 ταῖς
3101 4212 3249 4280 ὕλαις
3277 4215 3336 4271 ἐκ
3362 4216 3467 4272 τῶν

1902 4298 2305 4359 ἀποπιπτόντων
2350 4301 2571 4381 καρπῶν
2632 4301 2833 4371 διαζῆν.
2894 4300 3365 4377 φιλονεικησάντων
3412 4301 3469 4361 δέ
3493 4319 3547 4359 ιε

1903 4408 2036 4445 ποτε
2058 4385 2326 4467 Ἀρκάδων
2355 4387 2452 4445 καὶ
2469 4390 2572 4446 τῶν
2598 4389 2829 4469 Φρυγῶν
2856 4387 2948 4447 καὶ
2975 4389 3198 4469 Περσῶν
3226 4388 3348 4469 περὶ
3374 4390 3469 4460 τῇς

1903 4471 2246 4556 ἀρχαιότητος
2262 4520 2278 4548 ,
2306 4474 2397 4535 καὶ
2424 4477 2496 4542 εἷς
2524 4472 2695 4555 κρίσιν
2733 4473 3005 4549 ἐλθόντων,
3040 4474 3411 4556 Ψαμμήτιχος
3438 4481 3468 4538 ὁ

1907 4560 2152 4641 βασιλεὺς
2174 4561 2447 4638 Αἰγύπτου
2459 4561 2641 4623 λαθὼν
2662 4560 2754 4621 δύο
2777 4562 3031 4643 ἀρτίτοκα
3053 4562 3241 4622 παιδία
3257 4610 3273 4638 ,
3290 4562 3345 4625 ἔν
3366 4588 3468 4625 τινι

1903 4646 2185 4708 ἀπέκλεισε
2220 4649 2369 4732 τόπῳ
2384 4696 2400 4724 ,
2442 4650 2532 4711 καὶ
2574 4641 2701 4730 αἶγα
2744 4648 2958 4723 ἐποίησε
2990 4655 3162 4710 ταῦτα
3203 4651 3465 4726 θηλάζειν.

1903 4735 2055 4796 ἄλλοι
2088 4735 2146 4795 δέ
2166 4759 2323 4818 φασιν
2351 4739 2447 4798 οὐκ
2469 4728 2648 4816 αἶγας,
2683 4735 2823 4798 ἀλλὰ
2849 4736 2944 4805 τὰς
2982 4741 3183 4798 ἑαυτῶν
3208 4740 3466 4823 μητέρας,
3493 4765 3550 4807 ω

1902 4823 2295 4903 ἐκτετμημένας
2338 4825 2432 4894 τὰς
2469 4827 2642 4885 αὐτῶν
2684 4824 2947 4905 γλώττας,
2976 4824 3065 4886 ἵνα
3111 4827 3185 4905 μὴ
3215 4827 3469 4890 δύνωνται

1903 4910 2274 4991 διδάσκεσθαι,
2313 4916 2605 4993 δμιλουσῶν
2636 4913 2918 4987 ἀλλήλαις,
2947 4914 3014 4973 τὰ
3051 4915 3258 4976 παιδία.
3286 4915 3469 4977 ἔπειτα

1904 4998 2039 5077 μετὰ
2079 5004 2256 5081 τριετῆ
2293 5002 2479 5084 χρόνον
2510 5001 2748 5062 ἐκέλευσε
2780 5004 3060 5064 σιωπῶντα
3106 5004 3270 5087 ἄνδρα
3299 5008 3470 5065 εἰσελ-

1903 5092 2012 5148 θεῖν
2035 5087 2165 5169 πρὸς
2187 5089 2339 5149 αὐτά.
2369 5087 2684 5157 εἰσελθόντος
2712 5088 2767 5150 δὲ
2792 5094 2950 5151 αὐτοῦ
2970 5092 3377 5173 προσεπήδησαν
3399 5091 3467 5157 τὲ
