3859 5725
420 269 535 323 490

417 392 689 454 Correxit
717 388 981 452 Dindorf.
1009 407 1082 448 ex
1106 387 1283 449 schol.
1308 387 1469 446 Pacis
1496 408 1659 460 1071.
1684 420 1758 432 —
1798 387 1833 444 8
1856 388 1951 444 τοῖ’»

419 479 644 547 Βάκιδος
661 484 752 538 τοῦ
776 482 1008 540 Βοιωτοῦ
1025 484 1098 538 V.

498 573 648 649 966,
702 589 770 627 12
813 567 1001 636 ἄλλως.
1041 565 1203 631 οὕτως
1230 567 1303 629 V.
1337 610 1401 625 ...
1448 566 1517 624 13
1553 563 1615 623 τὸ
1649 563 1949 623 λυσιτελοῦν

418 664 489 719 V.
524 658 658 720 Ald.

497 748 616 826 968
633 791 651 821 ,
686 748 756 805 16
781 744 1079 824 legebatur
1108 744 1206 802 hic
1232 754 1292 802 et
1324 740 1475 801 infra
1497 742 1568 807 εἰς
1591 739 1652 798 τὸ
1676 764 1732 817 μ.
1753 737 1948 798 κτίσαι.

419 841 756 897 Correctum
784 855 857 895 ex
875 834 1147 892 Athenaeo
1170 835 1234 907 5,
1259 853 1315 911 p.
1345 851 1460 908 219
1476 875 1491 902 ,
1523 843 1581 889 et
1613 830 1789 889 Suida
1813 849 1859 888 ⁵.
1883 829 1951 887 Et

416 925 480 986 τὸ
502 924 679 1004 μέσον.
717 972 780 983 ...
821 942 896 982 22
939 919 1144 989 λύκους.
1190 918 1311 989 τοὺς
1350 921 1594 1001 γέροντας
1622 919 1693 979 V.
1727 917 1954 977 Deinde

417 1014 756 1074 Dindorfius
780 1010 1185 1089 corrigendum
1213 1022 1380 1089 putat
1401 1031 1550 1091 φησι.
1586 1014 1827 1085 μιμεῖται
1855 1037 1951 1064 —-.

499 1110 648 1180 974,
680 1122 750 1174 27
783 1100 911 1184 φησὶ
949 1120 1063 1158 0111.
1088 1103 1159 1159 R.
1183 1099 1273 1159 Ad
1301 1120 1352 1157 v.
1389 1099 1504 1175 976
1530 1098 1588 1154 in
1613 1101 1683 1156 V.
1717 1094 1955 1176 Ἀριστο-

419 1188 593 1273 φάνης
610 1189 670 1250 τὸ
684 1192 745 1249 ἐκ
762 1197 854 1249 τοῦ
870 1185 1261 1266 ἀναλαμὸάνειν
1279 1186 1585 1267 γελοιάζειν,
1609 1205 1732 1264 quae
1752 1204 1865 1243 om.
1881 1189 1953 1243 G.

500 1280 650 1356 978,
697 1281 771 1338 30
822 1276 1136 1349 αὐξήσεσθαι
1174 1283 1246 1337 R.
1297 1279 1370 1339 V.
1413 1323 1476 1336 ..
1519 1278 1592 1333 32
1643 1271 1699 1332 δὲ
1735 1293 1850 1332 om.
1882 1278 1954 1330 V.

419 1366 635 1426 Eadem
654 1388 781 1445 quae
797 1372 869 1426 R.
889 1366 1105 1426 omittit
1121 1371 1190 1427 G.
1210 1364 1474 1442 Ἱππεῦσι,
1494 1362 1597 1422 ubi
1619 1363 1754 1425 vide
1773 1362 1953 1438 schol.

420 1453 493 1513 ad
526 1475 694 1513 1010.

497 1544 637 1620 983,
667 1545 737 1614 37
763 1542 1005 1624 χρησμὸν
1026 1563 1143 1604 0111.
1173 1547 1244 1601 R.
1268 1539 1542 1623 χρησμούς
1566 1544 1637 1605 G.

496 1631 615 1708 984
652 1633 791 1692 Σπλ.
826 1633 1094 1709 ἐπιθυμεῖν
1129 1637 1199 1691 R.

538 1719 640 1796 88,
669 1722 745 1795 39
761 1720 1123 1800 χρησμολογεῖ
1139 1725 1211 1781 R.
1240 1720 1311 1782 V.
1341 1752 1414 1768 -
1447 1727 1521 1788 44
1547 1737 1615 1796 sq
1658 1715 1957 1795 Σύμμαχος

412 1849 480 1865 ...
543 1829 568 1864 ν
601 1806 797 1865 addita
827 1826 900 1865 ex
936 1813 1039 1882 R.,
1085 1808 1300 1885 quibus
1336 1806 1532 1867 verbis
1567 1807 1795 1864 onissis
1825 1805 1954 1864 Ald.

416 1905 554 1973 post
581 1892 822 1972 μανιώδη
855 1893 987 1976 φησί
1023 1894 1196 1955 habet
1231 1894 1319 1955 τὸν
1345 1893 1597 1966 Διοπείθη
1623 1892 1713 1952 τὸν
1741 1892 1954 1974 ῥήτορα.

416 1983 590 2052 —45
620 1984 690 2049 ὡς
720 1981 812 2041 καὶ
843 1982 973 2043 Ald.
996 2028 1061 2042 ....
1089 1985 1162 2054 46
1202 1983 1564 2043 scribebatur
1595 1980 1954 2062 Ἆμφικτυόσι.

416 2104 498 2117 -
525 2071 603 2142 48
635 2092 718 2149 sq.
756 2071 1115 2132 scribebatur
1146 2070 1279 2153 ἀνὴρ
1308 2115 1373 2129 ..
1398 2072 1746 2151 μεταδραμῶ.
1788 2069 1953 2128 Conf.

415 2160 671 2220 Lobeck.
717 2161 1001 2239 Aglaoph.
1041 2182 1100 2240 p.
1134 2162 1270 2238 981.
1303 2199 1367 2212 --
1392 2159 1468 2218 50
1506 2159 1691 2238 Κόννῳ
1717 2156 1957 2217 Florens

416 2238 793 2309 Christianus.
830 2248 1159 2327 Legebantur
1179 2250 1374 2328 Κοινῷ.
1396 2293 1460 2306 ..
1481 2246 1547 2304 51
1580 2244 1726 2305 αὐτοὶ
1757 2243 1957 2303 διδόασ’

416 2336 558 2419 ᾅδειν
606 2335 905 2395 DobraeuS.
960 2336 1284 2417 Legebatur
1323 2337 1497 2401 αὐτοῖς
1549 2332 1781 2393 δίδοσθαι
1831 2333 1954 2392 δεῖν.

414 2425 798 2486 Schneiderus
818 2432 903 2485 De
928 2425 1441 2507 scholl.Aristopl1.
1468 2445 1529 2506 p.
1551 2425 1631 2485 65
1652 2423 1801 2484 αὐτοί
1826 2446 1956 2507 φασι

415 2515 673 2576 δεδόσθαι.
1160 2551 1190 2583 τ

496 2602 634 2671 994,
665 2615 732 2652 12
765 2591 874 2654 Καὶ
900 2594 1115 2673 δίδυμος
1134 2618 1195 2654 ου
1222 2595 1276 2655 τί
1297 2602 1369 2656 R.
1391 2599 1455 2657 Δ.
1485 2595 1545 2655 οὗ
1576 2594 1703 2676 πρὸς
1724 2593 1784 2655 τὸ
1808 2594 1860 2654 τί
1882 2599 1954 2654 V.

414 2682 560 2741 τουτὶ
585 2686 652 2743 G.
673 2728 738 2741 ...
771 2683 839 2740 13
861 2683 944 2741 ἐπ.
970 2687 1063 2742 τοῦ
1096 2686 1212 2743 θεοῦ
1240 2687 1309 2745 G.
1332 2684 1643 2762 Sequentia
1661 2702 1775 2742 om.
1795 2688 1866 2742 R.
1883 2687 1954 2744 G.

418 2772 607 2832 Verba
636 2763 741 2833 οἷον
761 2820 824 2832 .-
846 2771 1003 2855 πάρει
1031 2774 1209 2834 habet
1233 2780 1308 2835 V.
1336 2780 1515 2834 Dum.

495 2891 647 2947 997,
706 2891 774 2943 17
827 2868 1094 2930 τουτέστιν
1149 2877 1221 2931 R.
1266 2876 1337 2930 V.
1378 2917 1441 2931 ....
1492 2872 1561 2929 18
1601 2869 1851 2951 ἀνάθημά
1902 2895 1954 2930 τι

414 2958 618 3020 Suidas
681 2979 728 3020 S.
777 2958 986 3017 Μέτων.
1040 2958 1356 3038 ἀναθήματα
1392 2965 1463 3020 R.
1502 2958 1741 3036 ἀνάθεμα
1784 2984 1838 3019 τι
1878 2965 1951 3022 V.

412 3047 537 3107 Ald.
572 3094 635 3106 ...
676 3067 747 3123 19
784 3044 1160 3128 ἀστρονομικόν
1200 3048 1423 3107 SuidaS.
1459 3046 1549 3106 τὸν
1598 3048 1764 3126 δῆμον
1792 3054 1861 3108 V.
1895 3063 1956 3108 et

413 3136 730 3195 deteriores
763 3135 899 3195 libri
944 3136 1155 3196 Suidae.
1193 3171 1272 3183 -
1315 3157 1390 3194 20
1422 3141 1576 3195 τοῦτο
1608 3134 1706 3215 μὲν
1748 3127 1838 3197 οὖν
1880 3139 1952 3199 V.

414 3222 469 3282 δὲ
495 3244 604 3302 pro
638 3223 740 3306 γὰρ
768 3225 897 3284 Ald.
935 3225 1120 3285 Libri.
1160 3222 1460 3286 Λευκωνέα.
1500 3258 1579 3271 -
1622 3229 1696 3285 23
1725 3233 1818 3286 τοῦ
1845 3226 1954 3286 ad-

414 3312 564 3371 didit
618 3313 972 3372 Dindorfius.
1040 3314 1202 3374 Idem
1248 3315 1320 3373 de
1362 3315 1455 3373 his
1495 3314 1746 3373 conferri
1782 3315 1954 3392 jubet

412 3400 621 3460 Ideler.
647 3402 707 3458 in
749 3405 1161 3463 commentatt.
1200 3402 1519 3461 Academiae
1557 3404 1743 3461 Berol.
1784 3405 1953 3477 1814,

414 3508 472 3566 p.
502 3490 636 3564 239,
658 3501 716 3547 et
736 3490 799 3547 in
818 3490 970 3548 libro
999 3496 1090 3549 De
1122 3491 1500 3570 chronologia
1518 3492 1631 3549 vol.
1662 3512 1713 3565 1,
1735 3511 1792 3569 p.
1817 3493 1951 3567 326,

415 3587 474 3635 et
508 3579 568 3635 C.
605 3579 678 3634 Ο.
706 3577 938 3636 Mfiller.
972 3578 1033 3636 in
1066 3579 1375 3656 Ephemer.
1398 3576 1871 3656 Gottingensibus
1897 3599 1949 3638 a.

421 3665 592 3737 1822,
626 3664 727 3724 sol.
753 3673 847 3736 47,
872 3684 932 3742 p.
954 3666 1089 3742 459.
1115 3698 1190 3711 --
1215 3668 1288 3723 26
1310 3675 1415 3725 πᾶν
1435 3656 1480 3747 ᾧ
1498 3664 1952 3745 περιλαμὸάνεται

411 3751 710 3823 Dobraeus.
745 3752 1071 3831 Legebatur
1106 3752 1289 3813 ἐπάνω
1334 3750 1831 3835 παραλαμβάνεται.
1871 3790 1951 3804 -

414 3857 485 3911 27
522 3829 583 3898 οὗ
621 3839 922 3901 Dobraeus.
968 3840 1296 3919 Legebatur
1337 3843 1388 3899 ὁ.
1437 3844 1651 3900 Sensus
1690 3851 1811 3911 cst,
1853 3844 1949 3901 alii

412 3940 678 4006 quaerunt
699 3948 774 3985 an
810 3929 919 3986 sita
951 3929 1122 3987 suerit
1156 3949 1314 4007 pnyx
1335 3930 1396 3987 in
1431 3928 1599 3988 demo
1624 3930 1873 4005 Colono,
1916 3952 1949 3989 a

411 4037 532 4096 quo
551 4017 810 4076 diversus
832 4017 1002 4076 fuerit
1020 4018 1164 4075 alter
1182 4020 1437 4078 Colonus
1455 4022 1484 4077 ὁ
1502 4016 1718 4096 μίσθιος.
1745 4017 1949 4099 μίσθιος

411 4107 695 4165 Mem-sius
728 4107 914 4183 Reliq.
946 4108 1111 4164 Attic.
1146 4127 1272 4184 cap.
1307 4110 1362 4167 6.
1392 4107 1718 4185 Legebatur
1746 4111 1945 4188 μίσθος.

411 4194 543 4253 vid.
574 4199 921 4273 Harpocrat.
951 4214 996 4252 s.
1037 4194 1360 4262 Κολωνίτας.
1402 4240 1464 4252 ...
1503 4198 1579 4254 30
1607 4198 1663 4256 ἐν
1700 4208 1808 4268 τοῖς
1835 4205 1948 4280 ὁρι-

410 4289 578 4358 σμοῖς.
604 4283 752 4341 vide
779 4281 1026 4341 Casaub.
1050 4283 1122 4340 ad
1155 4284 1366 4344 Athen.
1404 4304 1568 4363 12,p.
1594 4285 1707 4355 540
1726 4332 1742 4360 ,
1773 4293 1844 4347 D.
1869 4331 1947 4342 ..-

410 4371 486 4428 33
537 4373 790 4453 φροντιῶν
847 4372 1204 4432 DindorliUS.
1262 4373 1590 4451 Legebatur
1641 4377 1945 4459 φροντίζων.

409 4458 604 4530 ταύτης
633 4459 849 4517 omittit
878 4459 1081 4518 Suidas
1110 4481 1155 4520 s.
1180 4460 1390 4520 Μέτων.
1421 4462 1756 4532 Λευκονοιεὶις
1782 4467 1852 4529 V.
1889 4481 1948 4526 et

408 4546 627 4605 Suidas.
673 4543 994 4614 Λευκωνιεὺς
1040 4549 1168 4607 Ald.
1218 4548 1444 4608 Deinde
1489 4550 1784 4629 legebatur
1829 4543 1946 4613 οἶδα

408 4624 528 4712 (οἶδ’
553 4634 779 4705 Suidas)
806 4637 835 4692 ὁ
863 4632 971 4703 τάς.
1006 4625 1123 4695 οἷοα
1151 4635 1225 4694 ab
1249 4636 1492 4709 librario
1520 4639 1782 4699 additum
1802 4662 1940 4701 cen-

407 4722 570 4782 sebat
598 4722 954 4781 DindorfiuS.
986 4724 1170 4782 Aliter
1193 4724 1316 4796 alii3
1359 4745 1411 4782 v.
1436 4727 1680 4786 Meinek.
1708 4731 1870 4788 Com.
1894 4736 1945 4805 1,

406 4830 467 4887 p.
494 4810 625 4887 589.
659 4842 730 4855 -
766 4810 842 4868 35
867 4809 1103 4891 Χαὸρίου
1133 4812 1442 4873 Bentleius.
1486 4814 1810 4892 Legebatur
1830 4841 1943 4898 χω-

409 4895 537 4977 ρίου.
562 4900 635 4966 a<
656 4897 880 4957 addidit
901 4897 1203 4958 Dobraeus.
1240 4898 1476 4981 εἴρηται,
1513 4902 1573 4960 in
1603 4918 1944 4983 argumento

409 4985 634 5047 fabulae.
663 5020 743 5032 --
780 4988 856 5044 36
891 5008 1096 5066 κατεμη
1136 4986 1370 5059 ανήσατο
1405 4990 1634 5050 SuidaS.
1672 4992 1809 5052 κατὰ
1836 5017 1944 5072 μη-

408 5070 576 5153 χανὴν
624 5070 755 5141 τίως
792 5072 870 5152 (τε
902 5072 1001 5151 V.)
1040 5010 1204 5135 offiium
1243 5080 1316 5138 V.
1355 5076 1481 5138 Ald.
1509 5111 1590 5123 —
1613 5081 1683 5154 37
1722 5102 1940 5143 κατεσκ.

1537 249 1992 315 ΑΒΝΟΤΑΤΙΟ
2029 247 2114 309 IN
2154 251 2422 315 Senot..

2042 384 2188 466 αὐτῷ
2217 406 2330 445 om.
2359 391 2434 446 V.
2472 420 2551 431 —-
2585 390 2660 447 38
2688 386 2987 466 legebatur
3026 392 3103 471 τῷ
3143 390 3315 474 δήμῳ.
3360 395 3598 456 Eadem

2040 477 2367 553 corruptela
2404 477 2585 539 schol.
2618 483 2764 538 Ran.
2797 480 2890 539 86.
2919 480 3304 541 scribendum
3337 482 3441 564 γὰρ
3474 505 3598 564 pro

2042 560 2115 638 δὲ,
2135 576 2201 622 ut
2225 584 2398 643 supra
2428 567 2465 624 1.
2497 586 2593 625 20.
2625 566 2762 628 Ald.
2800 570 3102 629 Λευκωνέα.
3127 575 3311 630 Dum.

2127 675 2308 728 1001,
2345 657 2532 726 41-43
2571 659 2841 736 proximo
2883 659 3107 718 scholio
3162 661 3469 740 postponit
3514 667 3596 721 R..

2041 744 2278 821 praefixo
2307 742 2500 820 ἄλλως,
2531 746 2786 807 scribens
2808 746 2909 814 Ὧς
2931 746 3143 826 πνιγεὺς
3158 740 3248 807 οὖν
3272 750 3596 833 περίκειται.

2044 865 2117 877 -
2154 836 2226 899 43
2273 832 2329 892 δὲ
2370 825 2516 900 οὗτος
2550 839 2580 894 ὃ
2620 836 2750 897 ΑΜ.
2794 871 2856 883 -
2907 839 2982 906 45
3018 837 3256 920 καθάπερ
3279 844 3352 899 R.
3384 880 3463 893 -
3510 840 3592 908 46

2042 920 2171 1002 φησὶ
2193 926 2260 980 V.
2289 923 2446 1004 φησὶν
2475 928 2504 984 ὁ
2536 924 2687 997 Ald„
2716 926 2877 1003 quod
2905 946 3021 985 om.
3043 932 3115 987 R.

2130 1011 2299 1069 1005.
2329 1013 2604 1071 Scholion
2625 1014 2737 1072 hoc
2763 1034 2876 1072 om.
2896 1020 2968 1074 V.

2132 1118 2301 1174 1009,
2334 1108 2365 1168 4
2395 1102 2424 1157 ὁ
2449 1100 2521 1160 Θ.
2547 1091 2694 1169 οὗτός
2720 1102 2882 1176 ἔστιν,
2914 1103 2948 1160 5
2974 1125 3139 1181 γεωμ.
3171 1103 3486 1186 περιὸόητος
3517 1111 3589 1165 R.

2134 1188 2303 1258 1013,
2341 1207 2406 1246 10
2429 1189 2490 1246 ἐκ
2509 1189 2901 1270 Λακεδαίμονος
2921 1192 3050 1252 AJd.
3078 1233 3157 1245 -
3187 1214 3209 1250 1
3225 1214 3247 1250 1
3282 1193 3592 1265 ξενηλασίας

2044 1273 2222 1354 γέγονε
2242 1280 2333 1349 V.,
2359 1276 2517 1353 quod
2540 1278 2602 1336 in
2621 1279 2892 1358 γεγονυίας
2911 1280 3251 1339 mutandum
3278 1282 3448 1356 soret,
3472 1283 3598 1342 nisi

2045 1383 2116 1422 ex
2148 1364 2368 1423 scholio
2401 1366 2676 1425 inferiore
2703 1368 2926 1428 illatum
2955 1369 3270 1428 videretur.
3292 1374 3479 1429 Dum.
3505 1402 3596 1417 -

2051 1474 2119 1510 12
2150 1450 2402 1520 σιτοδείας
2427 1458 2500 1513 V.
2534 1456 2752 1522 σποδιᾶς
2773 1457 2905 1515 Ald.
2943 1471 3000 1514 et
3033 1457 3236 1516 Suidas
3256 1478 3300 1516 s.
3332 1455 3587 1530 Ξενηλα-

2043 1549 2166 1599 τεῖν.
2189 1584 2251 1594 -
2287 1543 2356 1600 13
2394 1545 2461 1621 τῇ
2491 1563 2605 1602 0111.
2635 1550 2701 1604 V.
2723 1548 3013 1627 τριακοστῇ
3042 1543 3091 1615 ς’
3120 1550 3191 1604 R.
3212 1552 3329 1604 Aut
3358 1546 3453 1604 hic
3481 1567 3595 1605 nu-

2046 1649 2258 1703 merus,
2286 1650 2454 1708 quem
2484 1651 2601 1689 om.
2637 1632 2793 1706 Atei„
2823 1646 2923 1693 aut
2953 1636 3222 1715 superior
3247 1647 3586 1713 corruptus.

2042 1717 2283 1776 Videtur
2307 1720 2592 1797 superior.
2620 1725 2800 1779 Dum.
3197 1783 3205 1790 ,

2130 1825 2313 1881 1020,
2345 1810 2419 1866 23
2448 1802 2529 1865 ὅτι
2554 1809 2611 1866 οὖ
2646 1807 3037 1890 γεωμετρήσεις
3065 1813 3138 1870 V.
3169 1809 3301 1868 Atd.

2132 1914 2272 1951 1021
2299 1938 2315 1966 ,
2362 1914 2438 1972 29
2471 1895 2922 1976 Σαρδανάπαλλος
2949 1898 3319 1957 scribendum
3346 1896 3589 1976 ubique.

2043 2020 2123 2032 —
2145 1982 2219 2038 32
2247 1980 2337 2041 καὶ
2369 1983 2674 2065 μυρίζεσθαι
2704 2005 2817 2045 om.
2845 1987 2977 2045 Ald.
3009 2001 3069 2045 et
3099 1987 3299 2045 Suidas
3333 2008 3377 2045 s.
3420 1988 3589 2068 Σαρδ.

2044 2101 2120 2117 --
2146 2069 2219 2139 34
2237 2072 2708 2152 πεπυρπολημένος
2733 2081 2807 2136 G.
2828 2078 2907 2156 τῷ
2936 2074 3064 2157 οἴκῳ
3092 2082 3164 2135 R.
3197 2080 3269 2134 V.
3300 2112 3363 2125 —
3394 2077 3468 2134 35
3497 2075 3592 2136 ἐπὶ

2043 2159 2199 2238 τῷν.
2222 2159 2358 2220 Ald.
2380 2166 2467 2219 De
2485 2162 2865 2241 inscriptione
2882 2165 3135 2244 sepulcri
3157 2166 3590 2225 accuratissime

2043 2248 2314 2308 disseruit
2343 2249 2576 2308 Naekius
2600 2251 2658 2309 in
2677 2251 2831 2310 libro
2857 2251 2930 2312 de
2951 2253 3206 2313 Choerilo
3232 2274 3291 2331 p.
3320 2256 3434 2312 238
3455 2275 3586 2333 sqq.

2044 2378 2122 2391 -
2154 2339 2227 2410 37
2264 2336 2566 2415 legebatur
2589 2338 2887 2420 Ἀγχίαλον.
2920 2389 2986 2402 ..
3014 2343 3089 2419 39
3119 2355 3255 2421 post
3282 2337 3400 2409 ἄξια
3426 2343 3591 2401 addit

2044 2432 2112 2486 R.
2141 2425 2356 2509 ὡρίζετο
2384 2426 2440 2487 δὲ
2468 2418 2613 2496 οὗτος
2648 2432 2701 2489 ἐν
2745 2434 2915 2512 τρυφῇ
2957 2430 3052 2503 τὴν
3083 2431 3452 2511 εὐδαιμονίαν,
3486 2454 3588 2491 se-

2044 2515 2354 2596 quentibus
2378 2516 2622 2589 omissis.
2652 2516 2984 2590 Ἑλλάνικος.
3014 2521 3421 2582 Callisthenem
3451 2523 3507 2580 ἐν
3539 2525 3570 2601 β

2046 2610 2318 2688 Περσικῶν
2342 2609 2859 2670 nominatPhotius
2880 2614 3020 2670 Lex.
3043 2630 3102 2689 p.
3127 2609 3262 2682 500,
3289 2629 3381 2668 12.
3399 2614 3582 2670 Dum.

2044 2697 2225 2765 -.43
2263 2695 2508 2763 Κιλικίας
2537 2697 2829 2757 Gelenius·
2860 2696 3063 2767 Λυκίας
3100 2702 3172 2757 V.
3218 2699 3354 2759 Ald.
3389 2740 3471 2754 --
3509 2704 3582 2770 46

2043 2784 2372 2865 ἐπίγραμμα.
2402 2789 2490 2844 De
2512 2805 2630 2864 quo
2657 2787 2792 2846 vide
2815 2788 3078 2848 Naekium
3106 2807 3164 2868 p.
3198 2789 3487 2860 218-243.
3505 2823 3586 2834 -

2046 2876 2118 2933 50
2142 2874 2220 2934 8σ’
2240 2871 2433 2956 ἔφαγόν
2462 2897 2520 2934 τε
2544 2875 2636 2934 καὶ
2659 2881 2728 2935 V.

2131 2984 2276 3022 1022
2319 2985 2404 3044 sq.
2432 2960 2850 3045 λαχὼν-ἀρχὴν
2896 2983 3010 3022 0111.
3040 2968 3110 3022 R.
3143 2967 3213 3021 V.
3246 2966 3383 3021 Post
3409 2963 3584 3044 ἀρχὴν

2041 3053 2201 3112 addit
2220 3053 2347 3112 Ald.
2374 3052 2562 3118 ἄλλως.
2585 3054 2633 3112 οἱ
2656 3053 2783 3132 παρ’
2804 3050 3085 3120 Ἀθηναίων
3117 3052 3188 3118 εἷς
3216 3047 3308 3117 τὰς
3326 3052 3586 3124 ἐπηκόους

2041 3139 2218 3206 πόλεις
2258 3139 2644 3221 ἐπισκέψασθαι
2687 3140 2754 3198 τὰ
2796 3139 2921 3222 παρ’
2965 3139 3205 3207 ἑκάστοις
3247 3139 3584 3218 πεμπόμενοι

2042 3228 2316 3288 ἐπίσκοποι
2360 3228 2451 3287 καὶ
2493 3226 2719 3310 φύλακες
2758 3229 3068 3288 ἐκαλοῦντο*
3111 3226 3199 3295 οὓς
3249 3231 3298 3287 οἱ
3335 3228 3584 3296 Λάκωνες

2041 3315 2307 3398 ἁρμοστὰς
2334 3314 2529 3394 ἔλεγον.
2579 3320 2721 3392 Quae
2747 3336 2819 3375 ex
2850 3316 3026 3377 Suida
3057 3318 3304 3397 sumpsit
3334 3337 3383 3375 8.
3420 3316 3583 3379 Ἐπί-

2042 3427 2254 3470 σκοπος.

2128 3513 2146 3549 1
2161 3492 2297 3565 035,
2327 3513 2349 3549 1
2366 3512 2387 3549 1
2413 3492 2472 3550 οὗ
2489 3492 2553 3551 V.
2573 3512 2683 3571 pro
2709 3483 2873 3558 οὗτος.
2890 3494 3119 3570 μελετῶν
3149 3490 3238 3551 τὸν
3258 3491 3419 3570 νόμον
3434 3491 3492 3552 ὃν
3510 3500 3580 3551 G.

2127 3589 2298 3652 1042,
2336 3601 2407 3657 19
2433 3595 2568 3661 post
2594 3580 2747 3649 πόλις
2773 3582 2934 3642 addit
2959 3589 3027 3643 V.
3056 3573 3119 3655 ἦν
3140 3580 3307 3641 δὲκαὶ
3330 3584 3444 3665 (καὶ
3466 3604 3581 3643 0111.

2040 3673 2135 3739 G.)
2163 3667 2264 3725 ὑπὸ
2293 3661 2451 3727 Ἄθω.

2127 3760 2275 3824 1046
2305 3758 2377 3823 εἷς
2404 3755 2468 3815 τὸ
2491 3775 2603 3814 0111.
2625 3761 2697 3815 V.

2125 3855 2271 3918 1047
2292 3891 2309 3920 ,
2356 3845 2431 3902 26
2477 3842 2815 3923 ἀναγομένων
2846 3847 2914 3905 G.
2946 3878 3025 3889 -—
3066 3845 3141 3902 28
3180 3844 3358 3917 Μ’ἥνες
3386 3844 3582 3905 sabula

2037 3932 2267 3991 aliunde
2295 3932 2553 3991 nondum
2577 3934 2828 4009 cognita.
2848 3966 2925 3976 —
2949 3952 3024 4010 29
3044 3952 3128 4009 sq.
3153 3933 3237 3991 sic
3266 3933 3322 3990 in
3347 3933 3499 4006 Ald„
3527 3935 3580 4000 ἐς

2036 4019 2123 4079 τὸν
2168 4022 2490 4100 μουνιχιῶνα
2529 4042 2545 4077 τ
2584 4021 2633 4087 ἔς
2670 4019 2760 4078 τὸν
2807 4022 3255 4100 μαιμακτηριῶνα
3298 4019 3401 4101 γάρ
3446 4022 3578 4080 εἰσιν

2037 4112 2091 4168 αἱ
2121 4133 2153 4168 κ
2191 4154 2203 4167 .

2123 4132 2269 4254 1ιρ153
2312 4214 2428 4255 om.
2469 4201 2536 4257 V.
2572 4194 2919 4266 ἀποπάτησας
2956 4194 3199 4255 fortasse
3232 4209 3578 4274 corruptum

2036 4305 2108 4343 ex
2134 4282 2499 4356 ἀπεπάτησας,
2528 4283 2685 4362 quod
2711 4284 2979 4361 proximo
3003 4284 3199 4342 vet-sui
3220 4285 3576 4365 adscriptum

2035 4375 2163 4432 fuit.
2190 4372 2281 4432 Ad
2301 4392 2356 4431 v.
2392 4374 2541 4430 1052
2563 4374 2623 4431 in
2648 4371 2920 4455 Ὺῐόφειλὴ
2940 4376 3007 4453 τῇ
3027 4376 3148 4453 θεῷ,
3180 4372 3337 4452 quod
3359 4393 3474 4431 om.
3498 4378 3574 4437 G.

2034 4467 2100 4537 In
2138 4462 2211 4539 gt.
2253 4462 2327 4520 ad
2373 4483 2424 4521 v.
2471 4464 2614 4532 1054
2664 4462 2846 4521 codex
2899 4459 3247 4533 ἀποπατήσας
3297 4460 3574 4531 ἀποτίλας.

2037 4557 2220 4611 Dum.

2121 4641 2300 4708 1063,
2341 4660 2365 4697 1
2401 4637 2542 4717 λέγει
2568 4646 2781 4709 0111.,1ἱ.
2803 4685 2820 4712 ,
2844 4643 2944 4720 qui
2978 4646 3135 4719 μῦας.
3165 4676 3230 4687 --
3266 4662 3300 4699 2
3326 4636 3430 4726 γὰρ
3453 4664 3572 4705 om.

2033 4734 2125 4803 V.,
2160 4729 2261 4806 qui
2290 4728 2600 4807 ὣςλαδέγω.
2625 4733 2693 4790 G.
2722 4730 2889 4808 λαγῶ.

2119 4818 2291 4893 1065,
2323 4819 2355 4875 3
2377 4813 2603 4883 κάλυκος
2624 4817 2712 4876 καὶ
2738 4823 2808 4877 V.

2120 4907 2269 4982 1069
2307 4905 2387 4962 sic
2424 4904 2485 4963 in
2515 4910 2606 4978 R.,
2636 4905 2846 4965 Δάκετα
2882 4903 3048 4987 μικρὰ
3074 4903 3293 4988 ἑρπετὰ,
3325 4902 3550 4987 σκορπίο

2031 4995 2120 5054 καὶ
2149 4992 2217 5052 τὰ
2242 4991 2422 5053 λοιπά.
3257 5006 3266 5021 ·

2123 5103 2224 5158 107
2235 5084 2288 5158 3,
2329 5104 2398 5142 10
2424 5080 2680 5152 εὖτίλιζεν
2703 5088 2773 5143 R.
2797 5088 2868 5143 V.
2893 5117 2971 5130 ·-
3007 5104 3030 5141 1
3047 5104 3075 5142 r
3095 5082 3191 5156 τῆς
3217 5079 3474 5143 additum
3488 5096 3563 5143 ex
