3859 5725
1564 268 2087 332 LYSISTRATAE.

3256 288 3369 342 503

240 412 433 471 Suidas
476 410 818 511 προσπαίζειν
857 410 1008 487 αὐτῇ.
1044 440 1117 452 —
1166 407 1238 464 28
1281 411 1459 462 πᾶσαν
1503 401 1757 483 παρθένον
1845 401 1942 474 τὴν
1965 403 2192 486 γραφήν.
2217 444 2278 456 -
2304 414 2378 475 40
2420 407 2708 487 λεγομένην
2752 415 2821 471 Β.
2841 449 2904 464 --
2927 421 3032 486 41,
3067 421 3138 480 42
3170 411 3369 484 Μήκων

239 505 355 558 Put.
381 501 611 558 rectius.
638 506 816 557 πᾶσαν
837 517 953 557 om.
987 500 1058 555 K.
1088 528 1163 540 -
1195 494 1270 551 30
1293 491 1500 570 ἱμάτιον
1522 509 1638 548 om.
1673 495 1751 548 Κ.
1844 497 1919 551 Κ.
1951 491 2205 574 Φανόχου
2229 500 2301 555 Β.
2332 501 2396 555 L.
2410 497 2675 577 Φεινόχου
2699 502 3076 563 ΡυιΦανίλου
3097 507 3223 562 Bar.
3247 504 3376 562 Φα-

238 587 387 646 ldem
415 591 663 666 φοροῦσα.

311 675 447 745 646,
479 674 553 732 38
578 673 668 733 και
691 673 916 741 ἀσπίδας
934 675 1005 730 R.
1029 674 1176 742 Put„
1202 671 1304 748 qui
1323 687 1567 748 sequens
1594 668 1758 727 scho-

238 763 348 820 lion
368 763 449 820 ita
474 782 604 821 cum
628 762 742 819 hoc
767 758 1098 837 conjungit,
1121 756 1441 839 ὁλοχρύσους
1466 755 1556 817 καὶ
1584 762 1760 838 ὁρμα-

238 847 346 916 θους
372 848 589 929 ἔχουσαι
611 852 717 908 τῶν
748 848 1001 929 ἰσχάδων.
1026 846 1117 906 καὶ
1145 844 1311 913 οὕτως
1336 844 1659 924 ἐπόμπευον.
1682 877 1756 891 -

240 947 302 1006 41
333 936 423 996 καὶ
452 956 570 996 om.
603 942 678 998 Κ.

312 1027 448 1101 651,
476 1028 548 1096 43
573 1024 757 1085 καθότι
777 1024 914 1085 τίκτ.
939 1029 1067 1083 Put.
1090 1058 1171 1074 —
1196 1022 1271 1092 45
1298 1021 1439 1081 ὥστε
1455 1026 1526 1082 Β.
1550 1026 1677 1080 Put.
1703 1033 1763 1081 et

236 1117 433 1177 Suidas
461 1138 505 1176 s.
529 1116 749 1189 Μηδική
775 1129 835 1175 et
861 1117 1157 1196 Παππῷον.
1182 1112 1308 1173 ὅταν
1339 1113 1511 1180 ὧςΚ.
1544 1110 1760 1191 cuped-

235 1209 411 1266 λεσθαι
430 1212 503 1266 Β.
531 1242 611 1253 -
638 1208 712 1275 46
739 1203 1025 1287 χρήματα,
1062 1204 1199 1286 ἅπερ
1226 1201 1404 1271 ἔταξεν
1444 1200 1762 1281 Ἀριστείδης

237 1296 408 1354 δοῦναι
432 1303 537 1362 τοῖς
559 1294 865 1375 συμμάχοις
890 1294 1286 1369 εἰ-πολεμοῖεν
1311 1295 1443 1349 Put.
1472 1300 1629 1348 recte
1646 1333 1663 1363 ‚
1696 1301 1761 1347 ut

238 1383 319 1441 vel
351 1404 424 1442 ex
462 1384 640 1444 Suida
632 1395 929 1490 ”appan-et.
950 1420 1014 1434 --
1043 1389 1232 1457 47-49
1269 1379 1330 1437 ἄν
1304 1380 1459 1461 νδρας
1491 1376 1718 1460 εἰσφέρω
1745 1400 1759 1435 z

234 1469 343 1530 ἀντὶ
388 1494 482 1530 του
508 1475 689 1550 γεννῶ.
714 1469 870 1532 τοῦτό
892 1493 1089 1553 φησιν,
1112 1468 1616 1546 ὅτι-πολεμοῦντας
1629 1473 1758 1528 Put.

233 1571 399 1632 -47
427 1557 546 1626 τους
569 1559 875 1627 πολίταςῙ...
895 1598 954 1611 -
982 1567 1059 1636 49
1083 1556 1156 1617 'A.
1188 1562 1282 1615 τοῦ
1310 1576 1427 1616 om.
1452 1561 1522 1616 R.

307 1647 601 1705 653.1mo
632 1646 747 1717 654
777 1667 908 1706 cum
949 1646 1220 1704 lemmate
1244 1633 1341 1704 εἶτ’
1378 1640 1757 1709 ἀναλώσαντες.

231 1775 307 1790 ...-
329 1735 401 1793 52
426 1754 513 1813 sq.
540 1732 830 1815 παρέταξεν
855 1732 1262 1811 corrigendum
1290 1752 1363 1790 ex
1381 1738 1531 1804 Put.,
1559 1733 1618 1790 in
1643 1751 1761 1809 quo

233 1820 349 1879 haec
378 1842 483 1880 suo
511 1822 642 1880 loco
673 1823 864 1900 posita
886 1839 1010 1879 esse
1040 1819 1286 1878 vidimus
1309 1817 1383 1876 ad
1413 1776 1561 1887 1.46.
1594 1841 1761 1878 ταυτα

232 1906 284 1967 δὲ
314 1907 524 1982 ἔταξεν,
553 1910 625 1968 53
653 1912 700 1969 εἰ
721 1917 828 1976 τοῖς
856 1907 1139 1989 βαρὸάροις
1166 1907 1396 1966 Suidas,

307 2001 457 2075 656,
489 2002 523 2059 3
556 2021 642 2079 sq.
667 2000 834 2079 ἄγειν.
867 1997 1190 2076 ὑποδήματι.
1237 1999 1499 2079 ἀψῃκτῷε
1543 1998 1762 2078 σκληρῷ

231 2088 319 2147 καὶ
350 2087 645 2174 ἀμαλάκτῳ
671 2093 739 2147 R.
768 2088 1071 2165 Excerpsit
1098 2086 1302 2146 Suidas
1330 2106 1374 2143 s.
1406 2083 1669 2167 Ἇψήκτῳ.

308 2179 447 2249 660,
474 2178 509 2235 5
535 2175 611 2240 Ἀ.
631 2180 724 2236 τοῦ
751 2195 869 2234 om.
902 2180 969 2235 R.
1005 2172 1282 2256 πρόσθεσιν
1305 2179 1437 2232 Put.

311 2265 424 2333 664
454 2265 662 2323 lemma
685 2262 863 2323 habet
884 2268 1016 2322 Put.
1040 2298 1105 2311 —
1133 2281 1203 2320 10
1232 2264 1286 2321 ἐν
1317 2258 1662 2343 συκοφύλλοις
1686 2267 1759 2322 R.

231 2357 363 2414 Put.

311 2438 426 2496 665
452 2436 627 2499 habet
651 2438 855 2498 Suidas
882 2458 926 2496 ε.
957 2435 1465 2502 Λυκόποδεςξΰοηΐ.
1488 2436 1760 2495 Photium

229 2546 286 2603 p.
312 2525 458 2600 235,
494 2546 667 2597 ¹7·-
696 2544 764 2583 12
793 2523 913 2592 τοὺς
944 2545 1059 2584 om.
1094 2529 1247 2583 Κ.-·-
1276 2531 1343 2591 14
1381 2521 1572 2584 ἔλαὸον
1615 2524 1762 2583 scri-

229 2612 484 2671 bendum
531 2633 605 2671 ex
642 2613 836 2672 Suidae
876 2614 1078 2672 codice
1109 2612 1356 2671 Bruxell.
1389 2649 1452 2663 —
1495 2613 1565 2671 15
1604 2615 1762 2674 λύκου

227 2706 355 2760 Put.
378 2699 808 2780 κεκαλυμμένους
826 2702 978 2760 idem
1003 2715 1064 2761 et
1085 2702 1314 2762 SuidaS.
1340 2744 1400 2755 .-
1426 2703 1499 2759 16
1523 2701 1763 2762 καίεσθαι

228 2793 305 2849 Κ.
335 2786 687 2870 περιέχοντος.
713 2787 869 2848 ἄλλοι
897 2788 983 2865 δὲ,
1009 2789 1097 2848 διὰ
1122 2793 1252 2847 Put.
1285 2786 1322 2860 ἢ
1360 2787 1446 2847 διὰ
1473 2790 1765 2850 suidas·—

235 2899 301 2951 17
335 2877 595 2957 ἐπίσημον
622 2883 694 2938 Κ.
716 2917 779 2929 --
810 2899 883 2937 20
909 2878 1056 2938 Ἱππ.
1084 2880 1256 2937 αὐτῶν
1287 2901 1404 2957 τυρ.
1439 2883 1568 2938 Bar.
1597 2917 1653 2929 -
1686 2900 1756 2938 21

226 2964 287 3024 τὸ
316 2967 471 3045 Λειψ.
495 2985 609 3024 om.
633 2969 696 3024 L.
722 2965 929 3027 Suidas
948 2964 1007 3024 τὸ
1032 2967 1190 3046 Λειψ.
1220 2962 1281 3023 τὸ
1309 2963 1440 3047 ὑπὲρ
1466 2966 1762 3047 Πάρνηθος,

226 3054 299 3120 εἴς
334 3050 364 3112 ὃ
391 3066 505 3111 etc.

309 3142 450 3213 666,
483 3160 554 3198 22
597 3161 685 3217 sq.
717 3140 839 3222 περὶ
871 3139 967 3212 τὴν
1004 3137 1284 3221 Πάρνηθον
1331 3160 1404 3199 ex
1451 3145 1521 3200 R.
1549 3143 1768 3221 recepit

226 3228 602 3300 Diodorfius‚
645 3229 810 3305 cujus
857 3227 981 3287 haec
1019 3241 1156 3287 nota
1204 3239 1338 3286 est:
1370 3227 1478 3288 «τὸ
1523 3228 1767 3309 ὑπεράνω

226 3314 508 3397 Πάρνηθος
530 3320 603 3375 Κ.
630 3315 825 3393 (Idem
850 3316 912 3373 in
941 3320 1068 3374 Put.
1090 3317 1213 3374 sine
1241 3316 1354 3393 τὸ.)
1381 3314 1442 3375 τὸ
1464 3316 1591 3399 ὑπὲρ
1616 3318 1768 3401 Πάρ-

224 3407 380 3475 νηθος
419 3403 623 3463 Suidas
666 3415 725 3461 et
754 3402 885 3485 ὑπὲρ
920 3403 1198 3483 Πάρνηθος
1227 3406 1376 3463 dixit
1416 3407 1759 3483 Hesychius·

225 3487 545 3572 Λειψύδριον
569 3488 630 3548 ’τὸ
663 3489 795 3572 ὑπὲρ
824 3489 1083 3564 Παιονίης
1108 3510 1203 3569 ap.
1244 3493 1526 3555 Herodut.
1560 3495 1628 3564 5,
1652 3497 1764 3569 62;
1818 3546 1819 3549 ,

223 3575 362 3659 ὑπὲρ
382 3577 635 3660 Σπάρτης
664 3580 931 3638 Eustath.
973 3580 1048 3638 ad
1074 3583 1247 3642 nom.
1283 3600 1344 3659 p.
1376 3584 1483 3651 461
1502 3626 1520 3655 ,
1556 3603 1649 3641 20.
1678 3588 1766 3644 De

224 3665 417 3723 forma
458 3678 658 3724 autem
705 3666 1013 3747 Πάρνηθος,
1054 3670 1125 3738 ἡ,
1171 3687 1281 3747 pro
1344 3668 1564 3751 Πάρνης
1607 3674 1763 3731 cous.

222 3752 405 3811 schol.
433 3751 588 3811 Nub.
620 3758 753 3813 322.
776 3778 1000 3823 ι--τινες
1019 3755 1279 3816 additum
1306 3777 1381 3815 ex
1399 3763 1463 3817 L.
1488 3770 1547 3817 et
1568 3760 1765 3821 Suida.

220 3843 377 3899 Sunt
402 3840 821 3900 Alcmaeouidae.

308 3928 422 3999 667
453 3932 585 3986 Put.
616 3926 791 3986 habet
817 3930 1027 3989 lemma
1052 3928 1145 3990 ὅτε
1164 3921 1322 4009 ἦμεν.

307 4017 427 4092 669
451 4012 780 4096 Ἔλαφρύναι
803 4021 920 4077 Put

312 4104 451 4177 673,
479 4123 550 4176 27
586 4104 663 4162 Ἀ.
698 4108 792 4163 τοῦ
817 4123 931 4163 om.
973 4109 1044 4164 Β.
1071 4109 1186 4164 Pro
1221 4106 1407 4167 tribus
1442 4107 1534 4167 his
1573 4108 1764 4169 verbis

220 4191 404 4251 habet
448 4197 583 4253 Put.
623 4200 902 4272 προσεχεῖς
948 4192 969 4271 (
989 4194 1137 4272 sic).
1160 4231 1225 4245 --
1256 4215 1334 4274 29
1372 4197 1652 4278 προσεχῶς
1693 4202 1761 4258 L.

220 4282 361 4341 Bar.

307 4366 426 4441 675
447 4410 465 4439 ,
492 4369 566 4427 30
595 4365 817 4447 Ἇρτ.-
838 4365 1061 4449 Ἐφεσία
1102 4388 1179 4428 ex
1211 4374 1285 4429 R.
1321 4369 1621 4445 additum,
1658 4375 1762 4452 qui

222 4453 586 4532 Λυγδαμίδος.
630 4454 966 4514 Herodotus
1013 4477 1078 4528 7,
1128 4478 1205 4534 99
1248 4456 1571 4536 Λυγδάμιος.
1595 4498 1660 4512 --
1685 4461 1755 4518 31

220 4541 367 4604 αὕτη
386 4565 571 4620 συνεμ.
596 4553 657 4600 et
683 4544 803 4601 καθ’
834 4540 992 4602 Ἐλλ.
1020 4548 1093 4602 Κ.
1122 4544 1236 4619 Qui
1264 4546 1326 4602 in
1367 4544 1483 4604 fine
1508 4546 1672 4606 addit
1693 4539 1761 4621 ἦν

219 4626 281 4689 δὲ
311 4628 375 4688 τὸ
403 4629 548 4707 γένος
574 4627 817 4710 Ἐφεσία.

307 4718 428 4788 676
478 4718 688 4776 lemma
736 4716 1097 4802 διαγράψομαι
1146 4718 1323 4779 habet
1377 4727 1445 4783 L.
1492 4723 1762 4783 Correxit

218 4805 586 4866 Dindorfius.
619 4806 783 4865 Idem
826 4809 1081 4867 correxit
1123 4808 1378 4891 περιαίρω
1414 4815 1483 4869 Β.
1526 4814 1761 4894 περιαρῢ

218 4898 302 4957 K.
324 4929 390 4942 —
412 4894 484 4961 34
512 4892 786 4974 ἐπάρασαν
812 4901 917 4962 τοῖς
897 4895 1390 5003 ..κατεγνωσμένους
1418 4903 1490 4958 Κ.

307 4984 429 5058 679
455 4983 539 5040 sic
560 4988 715 5054 Put„
738 4983 835 5045 Ἐν
865 5006 934 5063 τῃ
954 4984 1168 5065 ποικίλῃ
1193 4994 1325 5067 στοᾷ
1338 4985 1547 5068 γραφὴν
1571 4952 1760 5059 ἐποίη-

219 5092 321 5135 σεν
362 5073 393 5129 6
434 5076 510 5131 Μ.
527 5071 1041 5153 -κωμῳδούμενος,
1086 5045 1314 5154 λέγεται
1337 5074 1395 5134 δὲ
1431 5077 1645 5148 ποικίλη
1674 5075 1760 5136 διὰ

1846 580 1995 661 νίχου
2019 589 2095 644 Κ.
2122 628 2181 640 -
2204 594 2277 654 42
2305 584 2394 644 καὶ
2419 606 2535 644 om.
2558 591 2686 646 Put.

1929 672 2048 729 680
2071 669 2214 751 λέγει
2239 673 2435 733 addidi
2463 694 2535 733 ex
2563 680 2691 734 Put.

1928 760 2044 819 682
2074 759 2150 821 ’.Α
2181 766 2272 821 τοῦ
2300 782 2419 823 om.
2446 767 2520 821 R.
2556 763 2836 844 ἀνεγείρεις
2864 769 2935 823 Β.
2966 770 3095 824 Put.

1929 849 2044 908 683
2068 837 2170 910 Ὗν
2192 849 2288 921 τὴν
2315 857 2445 911 Put.
2470 843 2533 909 ὗν
2562 871 2674 910 om.
2703 852 2899 912 ceteri.

1933 940 2088 1013 684,
2125 941 2199 1010 48
2249 962 2306 999 σε
2351 939 2659 1019 δαιὸόμενον
2702 943 2775 1003 Β.
2817 942 2886 1000 Id
2926 955 3011 1001 est
3056 941 3377 1023 δαιρόμενον.

1850 1030 2026 1086 Dum.

1929 1116 2047 1175 685
2071 1115 2370 1195 ξαινόμενον
2399 1123 2473 1178 Κ.

1929 1205 2066 1275 688,
2099 1207 2171 1265 53
2199 1203 2261 1263 ἄν
2287 1226 2404 1265 om.
2431 1210 2500 1264 R.
2520 1243 2585 1254 —
2607 1207 2678 1273 54
2714 1205 2922 1264 lemma
2958 1204 3180 1274 αὖτοδάξ
3208 1205 3382 1266 habet

1847 1299 1994 1366 Put„
2024 1294 2228 1353 deinde
2249 1292 2610 1376 ὀργιζομένων.

1929 1383 2047 1459 690
2071 1387 2197 1441 Put.
2223 1403 2337 1441 om.
2366 1404 2418 1456 1,
2443 1403 2477 1441 2
2502 1381 2933 1460 Ἵνα-εὐτελῶν,
2953 1382 3125 1442 habet
3148 1403 3387 1462 sequen·

1850 1470 1929 1527 tia
1957 1482 2017 1529 et
2054 1470 2319 1529 scholion
2360 1472 2497 1546 694.
2526 1476 2604 1528 Κ.
2655 1475 2720 1529 L.
2751 1470 2836 1529 sic
2866 1468 3025 1530 ιἽνα
3055 1468 3131 1548 μὴ
3173 1470 3381 1551 δικάσῃ.

1847 1555 1882 1628 ἢ
1909 1554 1997 1617 ἵνα
2020 1555 2095 1636 μὴ
2118 1560 2190 1625 εἰς
2217 1557 2360 1639 ὥραν
2388 1556 2514 1638 ἔλθῃ
2533 1600 2550 1628 ,
2594 1555 2731 1637 μηδὲ
2761 1556 3066 1638 πολεμήσῃ.
3109 1557 3289 1626 παίζει
3328 1558 3383 1616 δὲ

1849 1644 1957 1704 ἀπὸ
1982 1649 2087 1704 τῶν
2115 1647 2337 1705 εὐτελῶν
2356 1691 2372 1720 ,
2402 1644 2453 1705 οἳ
2480 1645 2553 1724 (οἳ
2576 1666 2692 1705 om.
2720 1649 2813 1724 L.)
2835 1648 2907 1713 εἰς
2929 1646 3019 1706 τὸν
3048 1659 3161 1708 ete.

1930 1735 2069 1810 695,
2096 1756 2127 1807 7
2157 1736 2227 1794 Δ.
2254 1734 2317 1793 τὸ
2356 1736 2428 1800 ὡς
2450 1754 2565 1793 om.
2597 1740 2676 1793 Κ.
2702 1773 2764 1786 --
2796 1737 2833 1794 8
2875 1734 3040 1795 τῶνδε
3067 1737 3173 1794 τῶν
3215 1737 3383 1796 ἀετῶν

1848 1828 1976 1882 Put.
2023 1825 2211 1882 αἰετῶν
2249 1828 2326 1883 Κ.
2351 1858 2415 1872 -
2449 1842 2487 1899 9
2523 1822 2611 1881 ἐπὶ
2633 1820 2756 1890 τοὺς
2779 1868 2796 1898 ,
2843 1844 2913 1882 10
2956 1823 3273 1885 ἀναλύονται
3314 1825 3382 1885 L.

1848 1915 1976 1969 Bar.

1930 2002 2078 2078 698,
2130 2004 2197 2061 13
2229 2000 2525 2068 κελεύοντες
2565 2007 2863 2060 Kusterus.
2911 2002 3238 2081 Legebatur
3282 2026 3384 2063 κω·

1848 2088 2073 2157 λύοντες.
2100 2090 2189 2151 lb.
2216 2089 2308 2150 καὶ
2337 2090 2392 2150 τί
2412 2096 2482 2149 R.
2511 2095 2641 2149 Put.
2665 2088 2700 2162 ἢ
2721 2091 2775 2149 τί
2803 2095 2878 2149 Κ.

1934 2200 2066 2252 701,
2106 2201 2126 2237 ι
2141 2180 2195 2239 5.
2218 2179 2387 2258 Legit
2414 2180 2724 2238 scholiasta
2745 2185 3050 2239 Ravennas
3076 2186 3196 2246 ταῖς
3212 2181 3383 2240 παισί.

1847 2273 2035 2327 Dum.
2056 2274 2131 2328 Et
2152 2276 2297 2326 ταῖσι
2319 2267 2473 2327 παισὶ
2491 2289 2561 2326 ex
2587 2268 2787 2327 codice
2812 2287 2932 2347 quo
2957 2268 3229 2328 utebatur
3250 2290 3389 2328 eno—

1852 2358 1994 2416 tavit
2015 2362 2322 2416 Puteanus,
2353 2355 2435 2416 Τὸ
2467 2378 2507 2436 χ
2532 2376 2648 2415 om.
2670 2361 2821 2485 Puta„
2852 2357 2954 2434 qui
2991 2376 3059 2431 17
3085 2370 3216 2435 post
3238 2356 3385 2439 φίλον

1851 2503 2038 2580 pergit
2073 2500 2143 2565 εἷς
2165 2496 2294 2576 (εἰο)
2320 2495 2571 2580 Τηλέφου
2600 2499 2815 2577 Εὐριπι.

1935 2589 2045 2662 703
2074 2584 2162 2648 Τὰ
2187 2583 2461 2646 κωλύοντα
2488 2592 2619 2646 Put.
2646 2587 2862 2645 omisso
2895 2589 3027 2668 ψηφ.

1934 2677 2048 2750 706
2079 2673 2182 2735 Ἐκ
2204 2678 2275 2737 Τ.
2303 2676 2426 2759 Εὖρ.
2455 2675 2550 2734 hic
2574 2676 2783 2734 iterum
2805 2681 2956 2749 Put.‚
2987 2674 3202 2734 addens
3223 2674 3387 2736 ἄνασ-

1852 2788 1920 2824 σα
1957 2763 2228 2845 πράγους.
2215 2786 2228 2799 ·
2254 2762 2386 2841 γυνή
2417 2787 2497 2830 τις
2518 2762 2648 2843 πρὸς
2673 2763 3042 2844 Λυσιστράτην
3064 2761 3225 2842 λέγει.
3336 2804 3344 2813 -

1935 2851 2302 2929 715Ριιῑ.;ἢ
2328 2843 2447 2932 {iv
2471 2853 2607 2934 ἄλλῃ
2645 2852 2829 2935 βίὸλῳ.

1935 2965 2049 3017 720
2072 2942 2410 3022 κακέμφατον
2432 2947 2507 3001 Κ.

1937 3051 2045 3103 721
2085 3035 2211 3089 Put.
2242 3029 2361 3087 sic.
2385 3019 2423 3106 ᾖ
2445 3033 2538 3087 τοῦ
2563 3026 2775 3095 Πανός.
2800 3029 2853 3087 ἐν
2894 3031 2964 3107 τῇ
2997 3027 3278 3107 ἀκροπόλει
3326 3028 3387 3087 τὸ

1852 3118 1992 3200 ἱερον
2016 3122 2108 3177 τοῦ
2138 3115 2332 3183 Πανός.

1937 3225 2073 3277 722,
2104 3224 2179 3262 22
2215 3204 2442 3264 Εἰλυσπ.
2469 3207 2540 3261 Β.
2571 3204 2751 3262 ἷλυσπ.
2776 3206 2852 3260 Κ.
2876 3240 2941 3253 -
2968 3204 3039 3272 34
3066 3203 3220 3261 εἱλεῖν
3238 3204 3388 3262 Din-

1855 3293 2072 3351 dorflus
2104 3311 2180 3349 ex
2216 3289 2508 3366 Hesychio
2541 3311 2587 3348 ε.
2619 3286 3162 3365 Κατειλυσπωμένην.
3199 3294 3387 3368 Lege-

1854 3381 2030 3441 batur
2053 3380 2318 3438 εἰλεῖσθαι.
2344 3376 2612 3459 τροχιλίας
2635 3382 2761 3436 Bar.
2786 3375 3064 3458 τροχιλίων
3089 3382 3168 3437 Κ.

1937 3469 2051 3542 723
2077 3472 2204 3526 Put.
2234 3467 2443 3524 lemma
2479 3463 2654 3523 habet
2684 3463 2771 3522 ἐπὶ
2795 3467 3063 3544 στρουθοῦ.

1937 3577 2076 3633 729,
2106 3563 2172 3622 4ι
2205 3551 2344 3613 κακὰ
2371 3559 2440 3613 Β.
2460 3589 2524 3608 -·-
2544 3552 2821 3631 Sequenti
2845 3571 3016 3610 versu
3047 3557 3176 3612 Put.
3214 3552 3389 3612 habet

1852 3643 1951 3718 σὴς
1971 3642 2103 3710 σέως
2122 3647 2150 3702 δ
2170 3639 2398 3714 σκώληξ.
2426 3646 2498 3701 Et
2515 3643 2704 3720 posito
2724 3642 2990 3701 lemmate
3004 3642 3207 3701 scholii
3228 3634 3386 3720 quod

1854 3733 2072 3792 omittit
2096 3732 2171 3790 ad
2199 3751 2254 3787 v.
2286 3730 2398 3803 732
2428 3751 2441 3787 :
2467 3728 2597 3811 πρὸς
2621 3727 2718 3801 τὴν
2745 3730 2829 3789 κλ.
2860 3732 2967 3788 τῶν
2993 3729 3146 3804 σέων,
3175 3727 3257 3789 ὅτι
3260 3774 3382 3790 ......

1853 3819 2160 3895 σεύσεσθαι,
2183 3818 2340 3897 quod
2369 3818 2513 3876 male
2542 3820 2786 3879 lectum..

1935 3911 2074 3984 734,
2105 3918 2176 3979 47
2205 3906 2267 3965 τὸ
2284 3908 2379 3965 ἀπ.
2406 3910 2479 3965 Κ.
2503 3903 2542 3977 ἢ
2561 3905 2744 3964 habet
2764 3911 2914 3979 Put„
2943 3906 3043 3965 sed
3073 3906 3288 3964 omittit
3310 3909 3384 3975 48

1851 3994 2259 4076 καὶ-ἀπέλθῃς.
2293 4000 2471 4054 Recte
2488 3996 2776 4053 Bekkerus
2795 3995 3036 4054 ἀπελθεῖν
3055 3993 3144 4054 καὶ
3168 3995 3383 4076 χρῄζῃς,

1893 4086 1929 4160 ὴ
1953 4088 2045 4145 ἀπ.

1852 4112 1894 4166 μ
1935 4175 2050 4246 735
2076 4173 2155 4232 ita
2184 4174 2336 4244 Put„
2363 4169 2606 4252 Ἄμοργὶς
2626 4168 2749 4250 (sic,
2775 4182 2842 4229 ut
2873 4169 3116 4229 suidas
3101 4190 3160 4227 m
3204 4191 3272 4230 ea
3302 4176 3383 4252 v.)

1850 4260 2045 4343 κυρίως
2071 4263 2105 4332 ἡ
2125 4256 2488 4336 λινοκαλάμη,
2516 4257 2571 4327 ἐξ
2591 4250 2656 4332 ἧς
2672 4256 2872 4336 γίνεται
2889 4256 3076 4335 ἱμάτια
3101 4257 3383 4335 (ἐνδύματα

1850 4348 2093 4427 Suidas)
2132 4344 2414 4428 ἀμόργινα.
2473 4345 2588 4426 ἅμα
2632 4342 2723 4404 καὶ
2767 4344 2856 4404 ἐπὶ
2900 4343 3139 4426 ἀνδρείου
3186 4345 3383 4406 αἰδοίου

1850 4436 2047 4505 παίζει.
2080 4434 2282 4514 γίνεται
2308 4432 2363 4502 ἐξ
2390 4437 2550 4505 αὐτῆς
2582 4431 2775 4511 βάμμα
2802 4428 3033 4512 ἐρυθρόν.
3051 4469 3117 4483 --
3139 4431 3213 4488 50
3251 4435 3380 4493 ἀλε-

1848 4525 2042 4606 πύστφ
2066 4529 2197 4585 Bar.
2226 4561 2286 4573 —
2312 4522 2380 4582 51
2428 4519 2529 4580 ὑπὸ
2554 4517 2742 4593 τὴνΒ.
2781 4525 2843 4577 L.
2872 4531 2930 4578 et
2970 4520 3193 4579 Suidas.
3219 4559 3280 4570 —
3306 4521 3379 4580 52

1848 4614 2117 4696 κάρπαθον
2140 4616 2207 4672 L.
2240 4616 2454 4670 Bar.—-
2481 4610 2552 4669 53
2571 4606 2652 4667 ὅτι
2678 4630 2731 4665 τι
2761 4612 2856 4679 Κ,
2888 4607 2988 4683 qui
3019 4626 3135 4664 om.
3161 4604 3376 4682 γίνεται.

1929 4703 2045 4777 738
2078 4700 2255 4760 habet
2279 4704 2406 4757 Put.

1930 4801 2067 4877 739,
2094 4801 2130 4856 6
2160 4796 2216 4856 δὲ
2240 4799 2312 4862 εἰς
2331 4795 2392 4855 τὸ
2412 4801 2488 4859 Κ.

1929 4898 2078 4970 743,
2103 4897 2139 4953 8
2162 4892 2345 4965 ἐπειδὴ
2383 4890 2438 4951 δὲ
2472 4896 2599 4951 Bar.
2620 4926 2685 4940 --
2703 4911 2742 4966 9
2778 4909 2863 4967 sq.
2902 4889 3374 4969 περικεφαλαίαν-

1846 4986 1991 5045 κύειν
2023 4986 2084 5044 in
2111 4990 2241 5046 Put.
2273 4995 2427 5040 recte
2453 4979 2801 5039 adscribitur
2828 4978 3019 5037 versui
3044 4978 3152 5052 751
3173 5022 3190 5052 ‚
3223 4977 3376 5060 ἔχου-

1847 5098 1917 5133 σα
1939 5072 2036 5146 τὴν
2058 5070 2203 5153 ἱερὰν
2226 5074 2407 5143 κυνῆν.
2439 5068 2605 5130 Conf.
2637 5068 2814 5128 schol.
2843 5067 2974 5141 757.
