3859 5725
1642 226 2048 288 RANARUM.

1634 420 2044 508 RANAE.

3319 243 3431 300 ⁵15

348 647 774 706 Διοιπιιιιτωι
807 640 850 695 1.
891 655 915 693 1
949 646 1010 693 et
1044 634 1077 691 3
1106 628 1169 691 τὸ
1201 650 1316 689 om.
1348 635 1419 688 R.
1455 626 1593 706 παρέ
1633 650 1707 686 ειν
1731 627 1800 686 R.
1844 637 1856 695 1
1893 626 1997 685 ὕπὸ
2024 627 2282 689 Διονύσου
2329 628 2610 692 κωλύεται.
2634 669 2698 684 -
2730 651 2923 708 27-29
2965 652 3083 695 om.
3124 634 3302 692 etiam
3339 641 3438 704 9.,

272 732 408 795 Ald.
426 770 490 784 -
512 739 543 798 4
571 726 640 788 τὰ
661 747 777 787 om.
804 728 876 782 V.
900 723 1016 779 ...⁵
1044 712 1082 801 ’ᾗ
1105 720 1199 778 vel
1225 717 1260 789 ἢ
1288 723 1359 777 R.
1390 722 1456 775 V.
1482 714 1546 774 δι’
1575 651 1648 773 ἐν
1671 714 1805 774 Ald.
1846 702 1855 728 ¹
1897 728 2030 792 post
2067 738 2125 777 v.
2159 718 2191 774 3
2223 719 2390 796 ponit
2423 725 2496 780 V.
2528 739 2660 778 cum
2685 720 2949 778 lemmate
2968 718 3103 780 εἴπω
3121 725 3296 781 τιτῶν
3318 723 3440 780 εἰω-

272 841 380 894 ..7
413 823 677 900 ὁρμᾶται,
708 816 777 873 13
801 815 969 871 ταῦτα
1003 808 1049 868 δ’
1072 810 1127 867 ἐν
1162 811 1233 866 V.
1257 844 1323 859 -
1350 807 1419 863 18
1453 804 1541 862 διά
1570 826 1630 862 τε
1655 805 1809 862 ἐκΒ.
1897 803 2083 866 θότων.
2107 842 2170 854 -
2196 805 2271 864 3ο
2303 809 2407 865 τῶν
2431 826 2546 865 om.
2576 812 2649 867 V.
2679 809 2754 868 Θ.
2787 807 3097 886 εἰθισμένων
3124 810 3253 870 Ald.
3276 847 3339 860 -
3364 810 3433 867 31

273 906 362 968 διὰ
390 907 480 966 τὸν
517 908 578 965 ἐκ
604 909 675 961 V.
695 899 905 981 ἀγνοίας
926 902 1000 958 R.
1036 902 1193 958 V.-
1226 916 1297 971 ¹9
1321 891 1417 971 μὲν
1456 883 1546 951 οὗν
1570 913 1708 957 τινος
1735 894 1813 949 V.
1897 896 1994 949 τοῦ
2024 912 2141 954 om.
2164 899 2239 954 V.
2269 895 2340 954 Θ.
2374 899 2455 955 Μ.
2488 896 2594 954 τῶν
2624 892 2899 971 ὀνομάτων
2921 901 2996 957 R.
3021 934 3082 945 —
3107 898 3179 956 33
3229 894 3442 964 συνετός

252 1034 337 1054 Δ-
353 1016 429 1054 ao
449 988 793 1075 παρελθόντες
817 986 1090 1047 Brunckii
1123 984 1365 1043 membr.
1386 1022 1450 1035 -
1466 1003 1539 1040 aa
1565 978 1813 1050 ἐξισῶσαι
1900 984 1975 1043 Θ.
2011 980 2233 1064 σώφρων
2259 988 2335 1042 Μ.

274 1082 665 1152 R.diu'=‘›coe=V-
691 1075 933 1147 ἕξὲλάσαῑ
952 1075 1150 1133 Αωο-
1171 1075 1244 1131 23
1266 1071 1505 1150 ἐντίμους
1533 1088 1652 1129 0¹¹¹·
1685 1074 1815 1128 ΒΝ
1988 1080 2043 1150 3,
2077 1081 2148 1151 37
2176 1078 2265 1138 καὶ
2293 1078 2353 1138 τὸ
2386 1081 2440 1137 ἐν
2468 1085 2536 1138 R.
2566 1085 2723 1140 Fort.
2758 1085 2787 1141 ὃ
2828 1084 2902 1142 ἐν.
2940 1082 3150 1141 Addidi
3181 1080 3446 1163 δευτίραις

280 1211 343 1223 -
363 1175 438 1231 25
465 1166 762 1247 μονόκωλον
788 1170 859 1224 R.
891 1163 1020 1223 Ald·
1039 1198 1106 1214 —
1135 1183 1210 1239 29
1242 1181 1329 1239 sq·
1356 1158 1448 1218 καὶ
1486 1163 1578 1217 τοῦ
1606 1178 1820 1237 τραγῳ·
1907 1189 1979 1227 ex
2007 1173 2081 1228 R.
2115 1169 2186 1228 Θ.
2209 1169 2329 1245 (qui
2361 1170 2414 1245 β)
2445 1181 2503 1227 et
2531 1171 2609 1228 M.
2633 1174 2812 1229 Dum.
2833 1207 2895 1219 --
2926 1171 2999 1228 38
3030 1173 3059 1229 ὁ
3080 1170 3345 1229 additum
3373 1189 3447 1228 ex

287 1259 435 1317 δικοῦ
471 1252 651 1338 θρόνου
674 1251 1018 1331 iegebantur
1050 1270 1224 1329 supra
1258 1261 1390 1327 post
1423 1245 1652 1326 ἔχοντος.
1681 1251 1817 1306 Post
1908 1258 1981 1317 Θ.
2012 1260 2096 1316 Μ.
2121 1297 2181 1307 -
2202 1256 2278 1331 39
2316 1257 2374 1314 οὗ
2405 1254 2491 1314 διά
2530 1261 2599 1314 R.
2632 1261 2725 1315 τοῦ
2761 1259 2872 1323 πῶς
2906 1248 2995 1316 οὗν
3043 1256 3150 1315 δύν.
3191 1263 3263 1317 V.
3288 1299 3350 1309 .-
3371 1265 3447 1325 4ο

285 1349 448 1424 τῑμῆς
493 1341 850 1421 transposuit
888 1338 1211 1398 Brunckius
1248 1359 1261 1394 ²
1299 1356 1410 1414 ego
1463 1334 1656 1394 malim
1692 1344 1824 1412 1³05t
1911 1341 2087 1402 σκεύει
2112 1349 2181 1402 R.
2202 1379 2267 1391 —
2287 1352 2356 1412 41
2386 1341 2446 1402 δέ
2466 1364 2581 1403 om.
2611 1345 2682 1404 Θ.
2705 1347 2822 1405 Pro
2857 1345 2948 1402 his
2975 1350 3045 1403 V.
3066 1349 3221 1404 τοῦτο
3259 1342 3317 1403 δὲ
3351 1342 3450 1426 φύ-

289 1429 791 1507 ἆντῑποῑησαμένου.
818 1434 1005 1487 Dum.
1023 1469 1089 1480 -
1110 1427 1181 1495 34
1205 1423 1561 1507 προσάγοντος
1586 1429 1658 1483 R·
1688 1427 1822 1481 *vu-⁰
1911 1431 2070 1501 λαξαι
2094 1454 2108 1469 ·
2127 1432 2269 1492 πάνυ
2309 1431 2413 1513 γάρ
2454 1431 2564 1491 ἔστ’
2595 1429 2698 1505 ἤδη
2748 1431 2905 1512 χολή
2954 1433 3177 1492 ἐνταῦθα’
3219 1455 3378 1513 φησιν
3422 1436 3452 1491 ὁ

292 1523 478 1580 36-38
536 1522 597 1578 οὗ
660 1513 1163 1590 δεδήλωται-ὄντα·
1218 1513 1534 1571 &motatio
1593 1512 1824 1590 ineptas
1914 1519 2166 1588 Διόνυσος
2189 1519 2324 1599 μηδὲ
2349 1524 2444 1578 τοῦ
2474 1518 2726 1597 θλίὸομαι
2772 1519 3072 1600 ἀνέχεσθαι.
3128 1521 3225 1579 sic
3274 1523 3451 1579 etiam

294 1630 469 1688 qmm
491 1608 622 1668 ΑΜ.
653 1607 806 1666 infra
834 1617 967 1683 post
990 1600 1311 1681 Δικαίαρχος
1332 1602 1518 1679 ponit,
1541 1604 1613 1662 R.
1636 1605 1702 1657 V.
1725 1619 1826 1657 au·
1915 1613 2015 1681 Μ.,
2042 1609 2154 1668 nisi
2185 1608 2344 1687 quod
2373 1605 2714 1667 δὲ-ὶνταῧθα
2738 1609 2971 1667 omittit.

293 1711 408 1757 tem
431 1710 562 1775 post
584 1706 989 1774 argumentum
1009 1693 1310 1750 metricum
1331 1688 1627 1750 exhibent.
1649 1694 1830 1747 Dum.

289 1823 355 1838 ...
383 1786 454 1858 37
482 1783 667 1842 codex
690 1788 831 1860 Reg.
858 1782 1034 1853 2821,
1060 1799 1255 1857 quem,
1275 1781 1336 1836 in
1362 1778 1594 1836 scholiis
1608 1776 1829 1855 Regio·-

291 1899 423 1939 rum
465 1877 787 1955 optimum,
831 1884 1099 1932 accurate
1154 1870 1424 1930 tractavit
1467 1867 1831 1939 Dfibnerus‚

293 1971 461 2028 ἰκεῖσε
487 1964 618 2047 πρὸς
643 1963 733 2022 τὸν
764 1961 888 2041 Ἥρ.
913 2004 974 2015 -
1003 1963 1079 2037 39
1111 1950 1171 2020 εὖ
1201 1958 1291 2018 καὶ
1326 1955 1620 2039 φιλοπόνως
1650 1954 1790 2014 πάνυ
1810 1995 1827 2026 ,

301 2077 325 2113 1
357 2051 625 2130 Ἀντιγένη
668 2051 756 2110 ἐπὶ
801 2049 1038 2130 Ληναίῳ.
1082 2045 1390 2117 Φιλωνίδης
1418 2044 1693 2128 ἐπεγράφη
1737 2041 1829 2102 καὶ

295 2142 463 2202 ἐνίκα.
493 2138 764 2222 Φρύνιχος
794 2138 926 2196 ΑΙά.
955 2141 1165 2209 Ληναῖα
1188 2142 1258 2196 R.
1283 2137 1463 2222 λιναῑα
1486 2140 1560 2192 V.

376 2237 523 2289 Ano.
572 2233 645 2287 11.
691 2224 1029 2286 Dindorfius
1082 2222 1377 2302 inscripsit
1426 2219 1832 2303 Ἀριστοφάνους

294 2320 689 2400 γραμματικοῦ.
733 2312 911 2381 ἄλλως
949 2312 1290 2391 inscriptum
1338 2311 1399 2368 in
1450 2313 1525 2366 V.
1550 2345 1618 2360 -
1659 2329 1690 2379 7
1733 2305 1831 2378 τὴν

297 2404 568 2476 σκυτάλην
596 2402 724 2461 ΑΙά.
747 2403 1032 2478 ἀναγαγεῖν
1066 2400 1406 2459 Brunckius.
1432 2394 1643 2474 ἀνάγειν
1670 2394 1827 2456 libri.

294 2531 361 2544 -·
393 2514 458 2550 ιι
509 2489 836 2573 προσέκοπτε
877 2489 1092 2548 Atd.-
1120 2490 1188 2547 13
1221 2490 1271 2565 γ’
1309 2506 1424 2545 om.
1466 2490 1536 2545 R.
1572 2489 1646 2545 V.
1673 2528 1735 2538 -
1762 2490 1829 2552 14

295 2583 354 2641 οὗ
381 2579 458 2659 μὰ
486 2579 571 2637 δία
596 2578 646 2655 γ’
678 2578 811 2636 Ald.

380 2673 530 2727 Ano.
557 2671 667 2728 111.
707 2666 741 2723 5
781 2685 870 2742 sq.
908 2663 999 2724 καὶ
1042 2661 1524 2724 ὅτου-Πλούτωνα
1564 2661 1833 2741 supplevi

297 2774 374 2816 ex
401 2753 535 2816 cod.
570 2765 780 2832 quarto
809 2754 1004 2831 Regin.
1035 2758 1300 2810 Buuucx.

360 2848 532 2903 Aac.
576 2847 654 2901 tv
690 2853 777 2900 est
812 2841 1189 2901 recentissimi
1229 2840 1584 2919 grammatici
1633 2831 1835 2901 decla·-

302 2934 514 3005 matio,
543 2930 709 3008 cujus
730 2944 954 3009 partem
986 2932 1232 3008 primam
1251 2975 1267 3001 ,
1296 2951 1329 2988 a
1369 2929 1562 2988 verbis
1589 2932 1618 2988 ὁ
1651 2925 1835 3009 παρὼν

305 3017 525 3091 ποιητὴς
567 3036 748 3095 usque
786 3016 857 3075 ad
892 3015 1091 3085 ἐξέθετο
1119 3019 1296 3098 δρᾶμα
1324 3018 1362 3074 1.
1396 3017 1500 3088 45,
1537 3017 1734 3077 inveni
1777 3016 1837 3073 in

303 3107 507 3164 codice
548 3105 887 3163 Taurinensi
938 3106 1032 3172 34.
1072 3108 1258 3163 Dum.
1299 3105 1375 3162 Et
1408 3116 1497 3163 est
1542 3105 1602 3160 in
1654 3101 1839 3177 Regio

306 3195 565 3252 2821...
601 3212 673 3267 19
695 3189 981 3261 Ἀθηναίων
1010 3189 1135 3271 άρχ.
1188 3212 1316 3270 χαρ.
1351 3195 1443 3250 ὄπ.
1478 3195 1656 3249 Taur.
1690 3194 1835 3261 Reg.

303 3318 369 3333 ....
394 3283 465 3340 23
494 3277 904 3359 μεταρσιολόγου
925 3279 1045 3337 Aid.
1066 3321 1128 3331 ..-
1152 3282 1342 3346 24-30
1366 3299 1480 3337 om.
1501 3282 1675 3336 Taur.
1694 3283 1842 3336 Sunt

305 3369 382 3430 ab
402 3371 516 3428 alio
545 3368 917 3446 grammatico
941 3367 1137 3425 addita
1161 3388 1177 3425 ε
1203 3387 1382 3445 quare
1405 3367 1629 3426 seclusi.
1650 3371 1836 3425 Dum.

306 3458 499 3518 Habet
526 3457 823 3535 Regius.-
846 3455 942 3529 25,
969 3456 1042 3512 26
1064 3455 1328 3533 θεολογίας
1347 3457 1424 3523 ὣς
1440 3460 1579 3532 Reg.
1606 3453 1841 3531 reliquis

308 3546 557 3606 omissis,
600 3588 663 3598 -
699 3545 766 3603 31
820 3540 1152 3623 ψευδοτύπου
1202 3544 1462 3602 Beckius.
1515 3540 1839 3623 ιζιευδοτόπου

308 3636 437 3694 Ald.
461 3638 639 3693 Recte
665 3638 808 3708 Reg.
843 3630 1186 3712 ψευδοτύφου.
1212 3674 1271 3684 -
1307 3631 1381 3689 35
1419 3629 1666 3712 φέρεσθαι
1686 3632 1844 3687 τινῶν

308 3721 549 3804 αῖθερίων
581 3716 889 3801 ἀνθρώπων.
919 3721 990 3787 ὣς
1016 3718 1283 3779 Ald.-36
1315 3716 1571 3801 Σάτυρος.
1604 3714 1845 3799 Σύαγρον

313 3810 506 3868 dicere
529 3809 715 3866 voluit
740 3808 847 3886 (de
884 3826 1002 3883 quo
1029 3808 1152 3869 vid.
1182 3808 1447 3868 Eustath.
1480 3807 1553 3865 ad
1597 3811 1837 3865 Homer.

312 3918 376 3975 p.
402 3906 460 3967 4,
481 3896 598 3973 26).
620 3895 850 3953 Monuit
871 3894 1097 3953 Fabric.
1116 3896 1262 3955 Bibl.
1284 3902 1386 3954 Gr.
1415 3896 1527 3953 vol.
1560 3916 1611 3967 ι,
1630 3915 1685 3973 p.
1709 3895 1779 3967 37
1794 3915 1843 3951 1.

312 3993 383 4046 In
403 3983 636 4066 Σάγαρις
651 3995 991 4061 corruptum
1013 3982 1167 4060 apud
1183 3986 1351 4061 Diog.
1372 3988 1441 4045 L.
1469 4004 1525 4057 α,
1553 3985 1646 4051 46.
1664 3988 1846 4040 Dum.

312 4113 379 4130 -.
401 4080 472 4149 37
505 4070 721 4152 Κέρκοψ
748 4071 874 4130 ΔΙιΙ.
897 4067 1100 4149 κίρκων
1122 4076 1296 4129 Taur.
1319 4076 1486 4147 Reg„
1516 4071 1678 4148 quasi
1696 4072 1848 4149 Κερ·

315 4162 456 4224 κύων
484 4161 824 4219 vetuissent.
860 4156 1091 4240 Κέρκωψ
1110 4160 1277 4236 Diog.
1305 4165 1368 4218 L.
1387 4196 1451 4208 -
1476 4161 1549 4216 38
1579 4156 1850 4228 τοξικῆς-

317 4251 573 4328 μουσικῆς
595 4252 768 4305 Taur.
800 4251 939 4324 Reg.
969 4281 1035 4296 -
1060 4254 1127 4313 41
1171 4246 1426 4328 οὐρανίοις
1454 4244 1629 4323 λήρως
1659 4247 1839 4306 ἅντιπ.

315 4342 457 4415 Reg.
497 4371 562 4386 -
584 4335 774 4404 43-45
823 4330 1219 4411 ἑξομοιουμένου
1266 4334 1371 4412 (sic
1408 4333 1687 4391 Beckius:
1716 4353 1846 4391 nam

318 4425 452 4485 Atd.
472 4419 1349 4502 ἓξομνυμίνου)-θορυ6ωδέστατα
1368 4440 1485 4479 om.
1505 4424 1678 4480 Taur.
1700 4426 1841 4501 Reg.

948 4585 1225 4610 -000—

915 4703 1264 4766 SCHOLIA.

2001 1709 2057 1772 4,
2088 1702 2159 1770 43
2193 1721 2281 1778 sq.
2314 1697 2720 1780 ἀντὶ-πονηρόν
2755 1700 2897 1758 ἐστιν
2935 1700 2995 1757 in
3033 1701 3144 1758 fine
3185 1679 3338 1777 postx
3358 1696 3455 1756 λε’-

1917 1811 2105 1865 γοντας
2126 1788 2290 1868 ponit
2309 1789 2381 1848 V.
2401 1831 2462 1842 ...
2485 1795 2558 1857 44
2577 1785 2764 1869 πικρόν
2792 1786 3102 1848 Dobraeus.
3129 1785 3456 1865 Legebatur

1918 1875 2163 1957 πονηρόν.
2186 1874 2453 1957 μοχθηρόν
2478 1876 2549 1935 Θ.
2568 1918 2633 1927 -
2661 1874 2735 1942 45
2763 1871 2939 1952 ἔλεγεν
2959 1876 3104 1954 αὐτῷ
3127 1872 3213 1932 διὰ
3235 1877 3302 1932 V.
3327 1875 3456 1934 πολ-

1918 1963 2017 2035 λὴν
2049 1963 2285 2042 γίνεσθαι
2307 1962 2403 2036 τὴν
2429 1962 2559 2026 Ald.
2585 1962 2802 2044 ἕπιδαψ.
2829 1962 2916 2021 ἐπὶ
2942 1965 3035 2033 τῆς
3062 1962 3301 2028 παιδείας
3324 1962 3453 2042 (scr.

1919 2050 2152 2130 παιδιᾶς)
2177 2049 2442 2133 φορτικόν.
2469 2052 2704 2128 συνεχῶς
2723 2056 2797 2110 V.

2002 2148 2058 2222 8,
2092 2169 2123 2220 7
2157 2147 2449 2224 μετατιθεὶς
2480 2149 2553 2208 Θ.
2600 2146 2677 2221 (et
2722 2152 2886 2224 Reg.,
2914 2147 3016 2223 qui
3051 2145 3216 2207 addit
3244 2144 3364 2216 ἤτοι
3403 2147 3458 2216 ἐξ

1920 2233 2071 2313 ὤμου
2102 2236 2174 2302 εἷς
2195 2224 2342 2313 ὦμον
2368 2234 2754 2312 μεταλλάσσων
2783 2234 2876 2293 καὶ
2904 2232 3256 2316 μεταφέρων).
3280 2233 3316 2305 ἢ
3354 2258 3454 2312 με-

1921 2322 2258 2401 τατιθέμενος
2281 2329 2351 2384 V.
2374 2344 2489 2382 om.
2518 2327 2592 2383 R.
2616 2324 2737 2380 -8
2772 2327 2864 2381 τοῦ
2894 2320 3043 2401 ὤμου
3072 2323 3142 2382 Θ.
3177 2319 3326 2379 lhid.
3357 2326 3461 2380 τά-

1919 2411 2531 2495 νάφορον-βαστάζουσι
2561 2430 2676 2470 om.
2703 2416 2775 2474 R.
2815 2415 2889 2471 V.

2002 2534 2060 2589 9,
2094 2513 2161 2568 13
2187 2508 2330 2590 φέρω
2355 2514 2421 2567 V.
2451 2508 2682 2568 Omittit
2711 2507 2825 2565 hoc
2846 2507 3029 2567 schol.
3066 2507 3241 2565 etiam
3270 2508 3341 2567 Θ.

1980 2615 2025 2657 Ἴ
2045 2621 2100 2669 ο,
2131 2621 2150 2655 ι
2170 2607 2203 2667 4
2240 2599 2313 2664 εἶς
2330 2596 2391 2655 τὸ
2415 2595 2544 2655 αὖτὸ
2570 2594 2627 2653 δὲ
2648 2601 2719 2653 V.

2012 2718 2034 2753 1
2052 2717 2102 2767 1,
2143 2696 2207 2752 18
2234 2694 2371 2753 Ἀντὶ
2391 2697 2481 2751 τοῦ
2508 2690 2647 2764 πλὴν
2672 2694 2841 2751 ἐκεῖνο
2864 2691 2946 2773 ἐφ’
2972 2683 3017 2775 ᾧ
3040 2691 3102 2752 ἂν
3129 2691 3458 2772 ἐξεμίσαιμι.

1927 2783 2120 2852 ἄλλως.
2147 2776 2254 2841 οἶον
2277 2788 2344 2840 V.
2369 2780 2573 2859 Ἥγουν
2602 2781 2672 2840 Θ.
2701 2823 2755 2834 ..-
2788 2801 2858 2858 ¹9
2885 2778 3058 2857 λέγεις
3103 2785 3259 2840 τοῦτο
3299 2785 3459 2852 ποιῆ-

1926 2896 2052 2943 σαι,
2090 2871 2210 2931 τότε
2261 2876 2325 2927 V.
2365 2875 2632 2928 Fortasse
2657 2866 2865 2945 μέλλεις
2886 2874 3041 2927 τοῦτο
3071 2871 3311 2940 ποιῆσαι.
3347 2866 3466 2927 τότε

1929 2956 2306 3024 εἰπὲ-Ἄλλως
2328 2955 2522 3013 addita
2546 2976 2618 3013 ex
2647 2961 2716 3014 R.
2746 2957 2815 3015 V.
2837 2958 2908 3015 Θ.
2935 2968 2992 3013 et
3021 2956 3200 3014 Suida
3232 2978 3278 3015 ε.
3313 2956 3468 3016 Μέλ-

1925 3049 2023 3106 λω.
2047 3083 2108 3095 -
2131 3065 2205 3103 20
2224 3044 2315 3103 καὶ
2338 3041 2457 3102 τότε
2480 3042 2570 3100 καὶ
2590 3041 2714 3101 ὅταν
2737 3041 2908 3120 λέγεις
2933 3047 2997 3099 V.
3026 3049 3115 3102 νῦν
3140 3043 3232 3103 καὶ
3256 3042 3343 3103 ὅτε
3371 3043 3467 3103 λί-

1928 3158 2036 3212 γεις
2064 3136 2161 3207 9.,
2190 3132 2292 3210 qui
2327 3151 2442 3188 om.
2463 3129 2688 3196 Ἄλλως.
2711 3169 2775 3181 -
2814 3152 2882 3187 21
2920 3134 3090 3211 ῥᾷστα
3120 3129 3222 3211 γὰρ
3263 3134 3466 3210 μᾶλλον

1930 3227 2000 3279 R.
2020 3223 2091 3279 Θ.
2122 3216 2185 3277 ἂν
2216 3217 2477 3277 additum
2508 3238 2583 3276 ex
2608 3223 2683 3279 R.
2705 3254 2770 3269 —
2804 3237 2877 3275 αα
2907 3216 3207 3298 ἔξεμέσοιμι
3253 3218 3342 3280 ἐὰν
3387 3220 3467 3279 εἴ-

1930 3332 2049 3376 ποις
2075 3312 2151 3371 Θ.

2021 3410 2113 3479 13,
2140 3404 2329 3463 2830
2361 3402 2578 3461 omittit
2600 3401 2772 3460 etiam
2803 3401 3008 3461 Suidas
3031 3422 3077 3462 s.
3107 3402 3287 3471 Λύκις.
3305 3442 3366 3453 -
3395 3425 3471 3479 ²9

1935 3498 2118 3553 ἑαυτοῦ
2140 3497 2214 3554 V.

2015 3603 2110 3663 14,
2143 3593 2216 3648 32
2237 3588 2431 3647 malim
2461 3584 2698 3666 λέγουσι.
2730 3591 2915 3649 Dum.
2940 3586 3223 3668 λέγεταιδῖ
3252 3589 3341 3649 καὶ
3367 3589 3472 3650 Λύ·

1935 3701 2022 3740 xo:
2047 3677 2268 3737 Suidas.
2305 3673 2451 3734 οὐδὲν
2501 3672 2804 3756 διαφέρεται
2831 3677 2906 3736 Θ.
2953 3682 3040 3738 Μ.
3070 3682 3209 3736 Post
3257 3675 3472 3759 φέρεται

1936 3766 2097 3825 addit
2135 3772 2211 3827 V.
2265 3763 2524 3845 γράφεται
2558 3760 2722 3834 σκεύη
2762 3762 3030 3844 φέρουσιν.
3063 3802 3116 3814 -
3142 3766 3217 3823 35
3257 3764 3471 3843 λέγεται

1939 3876 2057 3917 om.
2085 3859 2158 3916 R.
2186 3857 2221 3925 ἡ
2247 3852 2300 3911 δὲ
2324 3849 2500 3935 γραφὴ
2526 3855 2723 3932 τριχῶς
2751 3851 2885 3912 Ald.
2920 3855 2955 3924 ἡ
2985 3848 3042 3911 δὲ
3070 3853 3246 3932 γραφὴ
3274 3853 3435 3933 διχῶς
3456 3899 3472 3925 ,

1936 3942 2098 4024 ἢγὰρ
2135 3940 2297 4015 σκεύη
2332 3940 2575 4023 φέρουσιν
2607 3939 2643 4011 ἢ
2681 3945 3137 4024 σκευηφοροῧντες.
3172 3940 3343 4000 λείπει
3382 3933 3473 4000 οὖν

1938 4033 2000 4093 τὸ
2035 4022 2107 4090 ὧν
2136 4021 2276 4089 οὗτοι
2298 4027 2514 4088 εἰώθασι
2543 4037 2710 4088 ποιεῖν
2732 4037 2841 4095 τοῖς
2869 4034 3277 4110 σκευοφοροῦσιν
3306 4034 3391 4088 Μ.
3435 4028 3472 4101 ἢ

1938 4120 2041 4201 γὰρ
2068 4125 2139 4179 R.
2181 4123 2252 4175 V.
2281 4119 2354 4178 Θ.
2398 4115 2433 4187 ἢ
2466 4116 2727 4230 γράφεται
2763 4118 2894 4177 Ald.
2920 4157 2983 4169 —
3013 4121 3085 4192 37
3122 4118 3355 4199 σκευηφό
3418 4144 3476 4186 υς
3543 4196 3546 4201 Ι

1939 4214 2014 4269 V.
2040 4243 2103 4256 -
2133 4216 2208 4275 4ο
2226 4226 2319 4284 sq.
2338 4205 2511 4263 λείπει
2532 4227 2622 4264 ουν
2648 4202 2708 4263 τὸ
2725 4248 2741 4277 ,
2763 4196 2837 4263 ὧν
2861 4205 3104 4264 εἰώθασιν
3130 4216 3274 4266 οὑτοι
3310 4210 3359 4284 (ο
3393 4230 3475 4266 τοι

1942 4292 2157 4355 εἰώθασι
2179 4294 2284 4371 Θ.)
2308 4299 2477 4351 ποιεῖν
2500 4299 2607 4357 τοῖς
2633 4290 2965 4373 σκευοφόροις
2985 4294 3055 4353 Θ.
3084 4294 3232 4365 Am„
3268 4297 3475 4353 ceteris

1941 4383 2190 4442 omissis.
2213 4377 2421 4441 ἀκούειν
2440 4381 2622 4444 ἁπλῶς
2646 4398 2760 4437 om.
2781 4386 2873 4450 V.,
2898 4381 3087 4458 spatio
3109 4382 3330 4441 relict0.

2021 4491 2042 4527 1
2060 4471 2095 4527 8
2117 4514 2135 4543 ,
2185 4479 2262 4546 49
2305 4468 2412 4527 ἀπὸ
2452 4472 2544 4527 τοῦ
2586 4466 2886 4546 Ὁμηρικοῦ
2927 4472 3012 4528 Μ.
3062 4465 3199 4527 κατὰ
3241 4468 3302 4527 τὸ
3344 4468 3472 4551 παρ’

1938 4557 2172 4639 Ἡσιόδῳ
2199 4563 2343 4637 Reg.
2362 4596 2428 4609 -
2449 4558 2522 4616 53
2549 4557 2650 4638 γὰρ
2676 4559 2751 4618 Θ.
2786 4577 2895 4635 pro
2931 4548 3019 4615 οὗν
3042 4570 3100 4616 et
3127 4577 3246 4619 om.

2024 4671 2099 4727 ¹9
2129 4649 2174 4708 ὣ
2197 4648 2288 4708 καὶ
2317 4651 2389 4725 (3⁸)
2417 4651 2512 4728 φεῦ
2533 4670 2547 4685 ·
2571 4638 2685 4706 εἶτα
2706 4644 2877 4713 στίξον
2908 4651 3053 4724 neg.

2023 4760 2134 4809 22,
2170 4759 2208 4815 9
2251 4740 2564 4819 ἀμφιφορεῖς
2607 4738 2681 4795 Μ.
2724 4734 2855 4809 φησί
2899 4739 2972 4795 V.
3006 4740 3086 4795 M.
3108 4771 3173 4785 -
3195 4756 3266 4794 12
3294 4734 3474 4819 ὥσπερ

401 4856 454 4907 ι,
481 4834 671 4911 25-29
700 4834 830 4893 Ald.
861 4847 919 4893 et
944 4837 1019 4896 Θ.
1051 4849 1278 4914 ponunt
1312 4850 1441 4915 post
1466 4834 1727 4902 πινυτόςι,
1750 4839 1845 4897 33,
1892 4851 1901 4864 ·
1941 4828 2107 4886 παῖδα
2133 4827 2388 4885 additum
2409 4846 2480 4884 ex
2509 4829 2607 4897 R.‚
2633 4825 2732 4899 qui
2762 4843 2879 4883 om.
2910 4821 3019 4883 καὶ.
3049 4821 3194 4904 φέρει
3219 4825 3346 4885 Ald.

405 4925 480 4983 26
506 4927 600 4982 τοῦ
619 4920 769 5002 ὤμου
787 4929 862 4982 V.
889 4924 959 4982 τὰ
1000 4921 1375 5005 στρατεύματα
1414 4927 1488 4986 Θ.
1517 4925 1646 4988 Ald.
1689 4927 1851 4987 addit

2025 4925 2121 4995 23,
2150 4944 2174 4981 1
2191 4932 2224 4992 4
2254 4926 2283 4981 ὁ
2307 4920 2539 4986 Ξανθίας
2568 4919 2703 4979 add.
2733 4923 2801 4979 V.
2824 4955 2890 4970 -
2910 4940 2931 4976 1
2948 4918 2981 4975 5
3008 4920 3166 4980 αὐτοῦ
3189 4920 3262 4981 Θ.
3296 4920 3473 4999 Cujus

326 5011 539 5094 γελοίου
576 5011 733 5093 χάριν
755 5034 771 5049 ·
806 5009 885 5069 διὸ
922 5011 1012 5105 καὶ
1039 5011 1243 5073 ἀστεῖόν
1276 5035 1332 5073 τι
1365 5011 1511 5084 λέξαι
1540 5014 1847 5095 βουλόμενος
1941 5014 2163 5077 scholio
2192 5013 2452 5090 sequenti
2493 5010 2530 5069 1.
2561 5030 2635 5066 22
2662 5008 2824 5067 addit
2864 5013 3008 5086 Reg.
3055 5016 3252 5069 νοεῖται
3290 5008 3344 5068 δὲ
3379 5012 3470 5077 καὶ

497 5123 668 5169 senon..
704 5123 958 5172 Anmovn.

3259 5120 3320 5173 ³3
