3859 5725
29 443 59 763 Wtffssffs.

29 996 53 1388 επι--Πῑ-ῖῐ.

1777 236 2035 299 PLUTI.
3314 255 3427 307 565

314 386 384 445 18
405 384 495 445 καὶ
524 382 624 465 γὰρ
647 383 801 441 κάκεῖ
824 384 986 456 Reg.,
1016 377 1115 455 qui
1142 389 1274 455 post
1310 371 1489 435 σκαιόν
1529 373 1825 450 sequentia

310 475 540 533 omittit.
564 507 628 521 -
655 469 730 527 25
754 465 1103 527 ἀνταπόδοτον
1127 465 1256 523 Ald.
1287 466 1623 522 Correctum
1647 464 1706 522 in
1731 463 1820 521 ed.

307 563 478 621 Basil.
500 560 724 620 Bastius
741 559 803 617 in
823 557 977 615 notis
996 574 1126 613 mss.
1141 575 1191 609 τι
1212 553 1326 612 Sed
1348 553 1551 631 quidni
1566 554 1673 631 leg.
1693 556 1823 611 ἀνα-

306 646 714 726 πόδοτον,(Ῑιιο(1
725 642 1148 704 exhibetschol.
1173 640 1246 699 ad
1260 648 1407 698 Aves
1427 660 1482 698 v.
1501 662 1555 714 7,
1588 661 1822 698 omnes-

308 757 420 817 que
444 736 673 795 codices
708 731 971 808 Gregorii
1009 732 1165 788 Con?
1196 728 1327 786 vide
1358 733 1542 788 Koen.
1594 750 1654 807 p.
1704 749 1821 805 19.»

307 861 370 875 .-
398 846 474 902 ²9
494 822 742 905 πρότερον
772 817 1133 879 referendum
1163 816 1389 875 videtur
1414 816 1485 875 ad
1514 814 1577 874 τὸ
1616 820 1821 898 πρῶτον

309 931 509 971 versus
535 907 930 989 praecedentis.
961 910 1255 962 Scnaena.

392 1010 528 1072 470,
560 999 631 1055 33
661 1008 796 1074 post
825 993 1104 1073 Ὁμηρικῷ
1132 992 1322 1070 pergit
1348 993 1442 1065 Θ.,
1485 993 1604 1050 ἀλλ’
1637 994 1682 1051 εἰ
1729 992 1823 1070 μὲν

312 1085 537 1144 δώσουσι
556 1081 712 1165 γέρας
741 1080 1035 1159 μεγάθυμοι
1064 1078 1291 1158 Ἀχαιοί.
1318 1080 1377 1137 οὗ
1401 1077 1503 1158 γὰρ
1527 1079 1826 1141 ἀποδέδωκε

325 1174 536 1251 ωδοκῇ.
558 1171 642 1230 lb.
664 1168 903 1243 δώσωσι,
929 1171 1002 1236 34
1026 1165 1212 1226 δόωσιν
1236 1173 1306 1226 R.
1335 1168 1826 1248 προσυπακουστέον

309 1258 368 1317 τὸ
396 1259 653 1318 additum
685 1276 760 1314 ex
786 1257 856 1316 Θ.

391 1355 526 1421 474,
546 1355 576 1414 4
590 1366 610 1402 1
637 1343 883 1421 λέγοντας
902 1344 949 1402 si
969 1344 1200 1421 scripsit
1220 1345 1521 1421 glossator,
1541 1358 1672 1403 ante
1693 1365 1828 1405 ocu-

310 1435 395 1491 los
424 1445 523 1491 aut
547 1430 752 1489 habuit
779 1442 878 1487 aut
902 1427 1116 1487 habere
1144 1428 1252 1487 sibi
1285 1432 1442 1488 visus
1470 1443 1556 1489 est
1581 1432 1830 1513 ἁμαρτά-

308 1542 505 1585 νοντας.
532 1523 824 1577 Scnaenn.
845 1514 1063 1592 λέγοντα
1088 1517 1318 1593 Regius.

393 1607 505 1676 476
528 1649 544 1678 ,
595 1604 669 1671 45
714 1624 800 1680 sq.
845 1600 1261 1674 Τοῦτο-οὔσης
1298 1622 1410 1661 om.
1441 1606 1510 1664 Θ.
1533 1643 1598 1656 -
1642 1608 1827 1676 46-48

310 1691 592 1771 τύμπανα,
638 1690 810 1770 βάκλα
826 1736 841 1762 ,
888 1686 1034 1770 παρὰ
1079 1686 1141 1747 τὸ
1167 1688 1398 1748 τύπτειν.
1428 1690 1659 1773 κύφωνες
1703 1693 1829 1762 ξύλα

310 1771 385 1845 οἷς
406 1777 693 1837 τύπτονται
714 1778 769 1836 ἐν
787 1783 857 1835 V.
879 1779 1100 1834 Bastius
1118 1777 1179 1834 in
1204 1797 1339 1835 mss.
1364 1801 1376 1833 ε
1400 1803 1422 1828 «
1443 1779 1631 1837 Suidae
1649 1781 1829 1841 codex

311 1864 812 1944 Sangermanensis
847 1884 987 1935 177:
1018 1861 1231 1937 Βάκλα,
1258 1862 1587 1943 τιμωρητικᾶι
1614 1866 1828 1946 ὄργανα,

309 1952 471 2034 λῶροί
499 1973 646 2019 τινες.
669 1978 696 2003 ι
722 1956 825 2008 Est
866 1950 1137 2007 baculam.
1161 1984 1225 1999 -
1255 1954 1328 2018 46
1366 1952 1417 2008 ἰν
1450 1943 1525 2019 οἷς
1570 1955 1730 2013 Suid.
1769 1957 1829 2015 in

190 2096 197 2100 .
311 2038 612 2116 Τύμπανα,
664 2036 836 2117 βάκλα
873 2036 1021 2117 παρὰ
1065 2036 1127 2095 τὸ
1169 2034 1412 2097 τύπτειν·
1457 2036 1620 2115 ξύλα,
1662 2044 1715 2101 ἐν
1756 2036 1835 2111 οἷς

313 2124 663 2204 ἕτυμπάνιζον
686 2147 702 2160 ·
730 2126 966 2204 ἐχρῶντο
988 2121 1093 2203 γὰρ
1120 2120 1287 2202 ταύτῃ
1311 2127 1378 2200 τῇ
1411 2126 1663 2209 τιμωρία.
1690 2135 1831 2189 Pro-

312 2214 441 2286 bat,
466 2212 774 2272 accedente
810 2217 1065 2270 Kustero
1086 2256 1102 2285 ,
1133 2213 1449 2271 Gatakerus
1492 2216 1640 2275 Adv.
1669 2220 1828 2281 Misc.

313 2322 364 2358 c.
393 2302 466 2370 46
490 2344 506 2373 ,
544 2319 602 2377 p.
638 2318 752 2375 912
773 2342 789 2371 ‚
819 2303 864 2356 B
885 2341 904 2371 ,
928 2298 1164 2358 Suidam
1191 2299 1443 2358 vicissim
1468 2320 1500 2358 e
1531 2304 1832 2367 scholiaste

313 2387 696 2466 supplendum
721 2406 959 2445 monens
984 2409 997 2443 ε
1022 2398 1289 2444 neutrum
1312 2388 1449 2445 mihi
1476 2390 1678 2466 placet.
1709 2400 1833 2453 Du-

314 2477 520 2553 plicem
547 2477 653 2532 τῶν
679 2473 969 2551 τυμπάνων
999 2486 1335 2551 potestatem
1377 2475 1678 2537 scholiasta
1712 2494 1829 2540 tra-

312 2562 435 2632 dit,
465 2562 711 2639 primam
741 2561 1007 2636 equulei,
1030 2561 1148 2619 sive
1168 2561 1431 2638 stipitum
1455 2563 1536 2620 ita
1569 2580 1833 2627 constru-

313 2662 573 2720 ctorum,
602 2659 669 2705 ut
706 2647 779 2705 iis
817 2647 1038 2706 astricti
1075 2648 1394 2725 illigatique
1432 2651 1515 2708 rei
1563 2656 1832 2716 membris

312 2735 579 2814 expansis
597 2733 1057 2791 distenderentur
1076 2776 1090 2803 ‚
1115 2747 1353 2811 totoque
1375 2756 1621 2815 corpore
1651 2743 1832 2822 plagis

311 2833 575 2900 paterent
596 2842 619 2886 ,τ
656 2839 727 2878 eo
756 2832 1005 2897 spectat,
1034 2819 1113 2901 ἐφ’
1142 2811 1260 2890 οἷς·
1290 2823 1528 2883 alteram
1562 2827 1797 2890 fustium
1815 2878 1833 2906 ,

311 2908 522 2987 quibus
554 2907 923 2966 caedebantur
945 2931 960 2966 ι
984 2909 1166 2965 solam
1194 2912 1573 2985 posteriorem
1591 2957 1608 2987 ,
1636 2937 1738 2975 sen
1763 2919 1835 2978 de

310 2995 624 3066 industria,
648 2995 772 3051 sive
800 2994 958 3070 quod
986 2995 1164 3052 verba
1190 2996 1510 3054 scholiastae
1533 3002 1720 3061 minus
1748 3007 1836 3062 in-

312 3084 611 3159 telligeret,
640 3080 796 3158 quod
819 3081 1011 3159 potius
1038 3081 1233 3155 credo,
1262 3083 1468 3142 Suidas
1491 3086 1790 3149 adnotavit
1817 3115 1833 3151 ι

312 3181 674 3248 quapropter
699 3180 761 3225 ut
791 3168 886 3225 hic
914 3167 1219 3226 commode
1251 3171 1482 3247 scripsit
1519 3175 1572 3230 ἕν
1621 3167 1695 3242 οἷς
1722 3198 1832 3254 pro

312 3250 421 3332 οἷς,
455 3257 538 3314 sic
565 3255 662 3313 ille
683 3274 801 3312 non
832 3256 1021 3313 minus
1048 3255 1195 3314 bene
1215 3256 1294 3338 ἐφ’
1319 3247 1409 3322 οἷς.
1433 3263 1654 3320 Ηειιετ.
1674 3299 1739 3312 --
1757 3275 1832 3342 49

313 3341 713 3424 τιμωρούμενοι.
744 3338 858 3399 ἔστι
880 3341 937 3400 δὲ
956 3339 1239 3419 σύνδεσμος
1263 3350 1331 3402 V.
1356 3386 1418 3400 -
1450 3347 1524 3405 50
1549 3351 1791 3426 Hesych.
1815 3375 1830 3412 ι

314 3430 513 3492 Κάλιον
531 3475 548 3504 ,
578 3428 856 3508 κυνάριον,
923 3427 1239 3509 ακτηρίδιον.
1274 3431 1498 3508 Κάλιος,
1527 3433 1587 3493 τὸ
1620 3437 1833 3515 δεσμω-

311 3517 491 3599 τήριον
508 3562 524 3590 ,
549 3515 640 3574 καὶ
666 3515 811 3584 ξύλον
834 3560 852 3592 ,
951 3516 1170 3576 ἐδέοντο.
1206 3521 1483 3579 Καλιῶσαι
1501 3566 1519 3594 ,
1562 3525 1792 3593 πατάξαι
1815 3551 1847 3572 ··

311 3625 445 3664 nam
469 3603 628 3683 quod
654 3603 933 3681 praecedit
963 3603 1184 3685 πράξαι,
1225 3628 1298 3666 ex
1328 3610 1438 3668 hoc
1470 3611 1652 3670 verbo
1697 3633 1832 3674 cor-

314 3706 548 3772 ruptum
572 3712 828 3770 auguror
843 3735 860 3764 ,
880 3705 1054 3770 atque
1082 3694 1215 3752 ideo
1236 3696 1612 3774 rejiciendum
1635 3703 1836 3774 ;intel·⁶¹

314 3781 424 3857 lige
448 3799 587 3837 vero
605 3793 890 3853 percutere
902 3780 1082 3854 suste,
1112 3782 1200 3840 vel
1230 3787 1397 3861 ltgno,
1423 3788 1584 3864 quod
1619 3793 1835 3850 Graecis

312 3866 490 3923 κᾶλον.
516 3864 678 3923 ldem
704 3866 764 3922 in
789 3864 983 3946 Κύφων
1013 3887 1141 3945 quae
1177 3874 1452 3948 protulit,
1484 3894 1833 3956 quamquam

312 3952 547 4013 resectis
576 3951 845 4029 pluribus
871 3968 1002 4011 sunt
1027 3957 1345 4031 imminuta,
1387 3961 1532 4019 adeo
1567 3984 1771 4041 parum
1800 3989 1832 4025 a

312 4051 511 4096 nostro
564 4040 869 4098 scholiaste
904 4040 1152 4116 distant,
1193 4058 1259 4103 ut
1306 4046 1381 4104 ab
1425 4051 1628 4109 eodem
1674 4056 1833 4114 fonte

315 4139 561 4204 uterque
588 4126 895 4186 videantur
924 4129 1183 4188 hausisse
1210 4154 1224 4189 ι
1258 4134 1561 4210 legendum
1607 4153 1831 4216 autem,

313 4209 540 4294 Κύφων,
580 4209 738 4294 ὅνπερ
772 4214 900 4272 ἔνιοι
939 4214 1209 4293 κυνάγχην
1260 4222 1517 4281 καλοῦσι·
1557 4228 1713 4302 quod
1734 4272 1750 4300 ‚
1785 4232 1833 4289 si

312 4299 573 4359 conferre
592 4300 769 4358 libeat
793 4321 969 4360 voces
998 4302 1256 4383 Κυνάγχη
1297 4320 1357 4366 et
1386 4311 1704 4390 Δερριστὴς,
1732 4319 1832 4375 vix

310 4387 371 4443 in
403 4387 642 4446 dubium
665 4389 859 4447 vocari
891 4390 1106 4466 poterit
1129 4415 1146 4463 ;
1172 4393 1245 4451 ad
1280 4396 1635 4457 medicorum
1678 4417 1833 4463 certe

309 4473 582 4553 συνάγχην
604 4475 698 4532 vel
724 4474 991 4554 κυνάγχην
1019 4476 1240 4537 nullum
1270 4494 1356 4540 est
1373 4526 1389 4551 ,
1413 4504 1532 4561 quo
1575 4487 1830 4549 deduca-

311 4580 474 4628 mur,
505 4562 568 4619 in
612 4561 792 4620 verbo
828 4560 1004 4641 κύφων
1045 4568 1371 4644 vestigium.
1400 4575 1622 4634 Husr.
1655 4577 1830 4637 κάλων

308 4652 376 4706 V.
415 4647 788 4725 ὀνομάζουσιν,
830 4652 1007 4728 vulgo
1051 4666 1181 4730 post
1216 4657 1391 4717 κλοιὸν
1429 4658 1673 4736 lectum,
1718 4664 1837 4725 huc

313 4737 721 4812 transpositum
740 4756 869 4795 cum
894 4743 966 4796 R.
993 4752 1050 4797 et
1081 4741 1274 4801 Suida.
1298 4781 1362 4794 —
1387 4746 1531 4808 51-3
1557 4751 1721 4809 sicin
1739 4759 1830 4829 V„

317 4819 562 4880 τάσσεται
587 4821 811 4881 δὲ--καὶ
835 4826 1270 4906 τυφανισμὸς-καὶ
1297 4832 1386 4892 ἐπὶ
1412 4839 1516 4894 τῶν
1539 4842 1829 4921 τιμωριῶν.

312 4912 360 4968 οῖ
389 4907 443 4966 δὲ
470 4908 702 4992 κύφωνες
729 4903 805 4980 οἷς
844 4912 1025 4995 κύφειν
1058 4923 1265 4978 ποιοῦσι
1297 4921 1388 4981 τὸν
1422 4925 1741 5006 κρινόμενον.
1783 4933 1839 4988 οἳ·

313 4997 368 5057 δὲ
394 4998 609 5077 δεσμοὺς
633 5001 888 5079 ξυλίνους,
917 5006 987 5071 εἷς
1009 5005 1094 5074 οὓς
1133 5010 1181 5068 οἶ
1223 5011 1497 5075 ὓπεύθυνοι
1538 5017 1655 5086 τοὺς
1700 5044 1835 5102 τρα-

1910 365 2106 445 χήλους
2129 368 2405 429 ἐνίὸαλλον
2443 368 2532 429 καὶ
2563 369 2648 431 διὸ,
2678 375 2835 433 τοῦτο
2870 375 3226 454 ἠναγκάζοντο
3269 403 3429 440 κεκυ-

1910 454 2078 534 φέναι.
2107 456 2168 515 τὸ
2196 455 2251 515 δὲ
2282 456 2396 528 ἑξῆς
2437 446 2480 517 ὦ
2529 459 2913 542 βασανιστήρια
2951 462 3079 533 ξύλα
3115 467 3227 525 ἐστὶ
3259 470 3313 527 ἐν
3354 461 3428 537 οἶς

1908 542 2270 612 ἀναὸαίνοντες
2292 543 2597 621 ἐτύπτοντο,
2619 546 2688 606 τὰ
2710 550 2967 626 λεγόμενα
2994 552 3185 630 βάκλα.
3207 553 3423 623 Ἄλλως.

1908 629 2142 709 κύφωνίς
2161 634 2264 691 εἶσι
2283 633 2350 692 τὰ
2377 632 2536 712 ἕρανα
2558 634 2593 691 ἃ
2627 636 2946 698 ἐπιτιθέασιν
2974 642 3027 698 ἐν
3056 646 3133 722 τῷ
3176 642 3430 725 τραχήλῳ

1908 720 2015 776 τῶν
2037 719 2522 779 καταδικασθέντων
2545 744 2560 759 ·
2591 719 2732 782 ἔνθεν
2761 725 2850 783 καὶ
2886 730 2915 784 ὁ
2945 729 3170 806 πονηρὸς
3217 730 3426 811 ἄνθρω-

1909 828 2007 871 πος
2050 806 2224 887 κύφων
2280 809 2674 886 ὀνομάζεται-
2705 813 2772 870 51
2833 811 2957 873 ἔνθα
2980 819 3050 878 Θ.
3085 816 3141 875 δὲ
3183 839 3295 877 om.
3350 828 3421 881 R.

1910 892 2001 952 καὶ
2030 893 2115 952 ἐπὶ
2159 901 2227 954 R.
2259 901 2328 953 V.
2351 934 2415 946 -
2459 918 2492 954 α
2541 900 2928 973 ἀναγκάζεσθαι
2969 906 3039 965 Θ.
3081 905 3287 963 ΑΙά.-
3319 911 3428 966 3-5

1913 981 2433 1048 διπλῶς-δύνασθαι
2458 1005 2572 1061 om.
2602 988 2771 1045 etiam
2798 990 2868 1049 Θ.
2902 1003 2960 1047 et
2987 993 3207 1051 Suidas.
3233 1028 3306 1042 —-
3337 999 3370 1054 5
3394 996 3430 1068 ἢ

1913 1066 2086 1134 ἄλλως
2106 1071 2176 1130 Θ.
2207 1069 2337 1128 Ald.
2365 1069 2618 1148 τύμπανα
2643 1071 2811 1151 βάκλα
2839 1075 2984 1158 παρὰ
3005 1078 3064 1137 τὸ
3084 1077 3314 1140 τύπτειν.
3344 1081 3434 1140 κύ-

1913 1176 2078 1235 φωνες
2105 1155 2161 1214 δὲ
2187 1155 2312 1225 ξύλα
2340 1159 2471 1217 εἷσὶν
2500 1166 2569 1221 R.
2594 1161 2736 1220 ἐστὶν
2764 1164 2892 1221 Ald.
2914 1202 2979 1214 -
3011 1187 3043 1238 7
3079 1168 3431 1252 καὶ-κύφειν

1914 1263 2028 1300 om.
2078 1245 2250 1302 etiam
2297 1245 2522 1306 suidas.
2561 1284 2623 1297 -
2660 1251 2727 1307 13
2765 1248 2885 1318 ἀξία
2930 1253 3082 1325 αὐτή.
3122 1253 3234 1315 ἔστι
3266 1255 3321 1315 δὲ
3365 1257 3435 1316 τὰ

1912 1326 2100 1405 τύμπ.,
2138 1339 2204 1398 14
2238 1330 2478 1392 ἔτυπτον.
2503 1336 2575 1401 ὡς
2604 1334 2650 1391 δ’
2677 1332 2835 1407 ἔνιοι,
2877 1336 3065 1416 βάκλα.
3100 1340 3212 1401 ἔστι
3249 1342 3303 1402 δὲ
3345 1343 3434 1401 καὶ

1914 1413 2183 1495 τύμπανον
2213 1409 2344 1483 εἶδος
2364 1419 2583 1498 ὀργάνου
2606 1429 2857 1502 κρουστοῧ
2882 1425 3046 1506 ψόφον
3071 1430 3356 1489 ἀποτελοῦν
3381 1437 3437 1490 ἐν

1913 1507 1991 1584 τῷ
2035 1502 2337 1563 τύπτεσθαι.
2383 1507 2526 1586 κύφ.,
2582 1510 2648 1565 15
2686 1511 2825 1589 ζυγῷ
2868 1513 3032 1590 βοῶν,
3083 1512 3137 1580 ὃς
3174 1516 3310 1574 κατὰ
3344 1525 3437 1579 τοῦ

1914 1589 2181 1670 τραχήλου
2225 1593 2327 1649 τῶν
2362 1593 2659 1653 καταδίκων
2700 1597 2962 1674 τιθέμενος
3001 1600 3214 1661 κύπτειν
3258 1606 3445 1672 αὐτοὺς

1915 1675 2289 1757 παρεσκεύαζε,
2316 1677 2518 1758 διχόθεν
2544 1680 2730 1750 αὐτοὺς
2756 1685 3010 1760 κολάζων,
3028 1691 3095 1767 τῇ
3120 1712 3175 1747 τε
3194 1697 3285 1750 τοῦ
3305 1716 3439 1774 τρα-

1918 1764 2089 1844 χήλου
2117 1762 2288 1824 πιέσει
2333 1770 2409 1847 τῷ
2447 1790 2508 1826 τε
2535 1769 2792 1847 μηδαμῶς
2829 1774 3012 1841 αὐτοὺς
3058 1777 3319 1839 ἀνανεύειν
3348 1783 3438 1841 ἐᾶν

1915 1857 2054 1929 Reg.

1999 1944 2133 2015 480,
2156 1944 2227 2000 23
2258 1942 2554 2004 Ἐπέὸαλον
2602 1946 2704 2028 γάρ
2741 1970 2868 2009 ποτε
2908 1952 2972 2010 V.
2996 1990 3060 2002 —
3086 1953 3161 2012 25
3196 1959 3262 2035 τῇ
3305 1971 3438 2016 ante

1916 2029 2146 2110 τιμωρία
2161 2031 2387 2090 addidit
2406 2036 2627 2096 Hemst.
2649 2042 2783 2094 Post
2797 2039 3026 2121 τιμωρίᾳ
3046 2042 3108 2098 in
3128 2043 3200 2101 Θ.
3226 2058 3285 2102 et
3305 2045 3437 2105 Ald.

1919 2134 2241 2197 sequuntur
2285 2120 2916 2205 εἴθιστο-κρινομένων,
2959 2150 3089 2206 quae
3134 2134 3354 2192 scholio
3384 2156 3438 2192 v.

1920 2208 2034 2274 482
2084 2209 2417 2267 Dindorfius
2463 2211 2687 2269 addidit
2743 2228 2980 2275 auctore
3019 2223 3089 2276 V.
3131 2224 3260 2278 Una
3306 2242 3438 2279 cum

1920 2296 2263 2372 praecedenti
2290 2300 2358 2375 τῇ
2380 2296 2498 2375 δίκῃ
2523 2296 2579 2358 δὲ
2613 2303 2678 2379 τῇ
2702 2302 2931 2385 τιμωρία
2955 2324 3072 2362 om.
3106 2312 3175 2365 R.
3216 2322 3270 2366 et
3306 2311 3440 2369 Sui·-

1920 2385 2022 2443 das
2047 2405 2091 2442 s.
2128 2389 2178 2445 T
2183 2385 2374 2463 ίμημα.
2401 2423 2465 2436 --
2497 2392 2568 2446 30
2594 2410 2753 2467 seqq.
2781 2392 2961 2465 ἐπειδὴ
2986 2394 3249 2476 ὀφείλεται
3275 2422 3440 2476 τιμω-

1922 2472 2143 2551 ρηθῆναί
2165 2496 2255 2548 σε,
2281 2472 2370 2532 ἐὰν
2406 2479 2664 2556 ἡττηθῇς,
2691 2477 2809 2537 τίνα
2831 2478 3047 2543 κόλασιν
3086 2483 3339 2567 ὑπόσχῃς.
3367 2527 3440 2539 —

1919 2558 2023 2639 πρὸ
2058 2564 2152 2631 τῆς
2192 2561 2443 2642 κρίσεως,
2472 2565 2544 2629 ὣς
2581 2587 2633 2622 τ.
2658 2570 2777 2638 ἡττ.
2822 2567 2968 2647 δοίη,
3007 2570 3311 2655 ἐπιγράφειν
3346 2574 3402 2633 δὲ
3425 2621 3441 2649 ,

1918 2645 2080 2724 ἤγουν
2113 2647 2200 2705 ἐπὶ
2218 2650 2285 2727 τῇ
2311 2671 2402 2728 πρ.
2427 2685 2504 2695 -
2523 2651 2730 2712 τοιάντε
2746 2656 3044 2738 τιμωρίαν,
3071 2656 3108 2728 ἢ
3139 2658 3253 2738 βίου
3272 2660 3442 2740 τύχως

1922 2736 2046 2812 (sic)
2071 2734 2350 2815 ἀφαίρεσιν
2372 2735 2407 2808 ἢ
2432 2742 2662 2820 κεφαλῆς
2685 2745 2864 2802 Panis.
2900 2750 2967 2801 In
2994 2749 3179 2822 Regio
3205 2769 3441 2826 prorsus

1924 2834 1987 2879 ut
2008 2827 2165 2880 Junt.
2195 2858 2258 2873 ·-
2290 2824 2359 2880 31
2382 2824 2617 2906 ὑπόσχῃς
2640 2833 2775 2907 Reg.
2798 2829 3030 2911 ὑπέσχῃς
3048 2838 3080 2891 J
3087 2847 3203 2892 unt.
3230 2860 3255 2888 α
3280 2837 3440 2896 Nihil

1923 2921 2114 2968 tamen
2134 2922 2222 2967 est
2251 2910 2400 2968 undo
2427 2913 2674 2989 pendeat
2717 2916 2954 2998 ὑπόσχῃς
2974 2965 2989 2992 ,
3022 2922 3131 2978 nisi
3171 2942 3278 2999 pro
3323 2924 3441 2983 τίνα

1921 2998 2089 3054 simul
2135 2998 2431 3073 scripseris
2470 2997 2575 3058 ἵνα.
2608 3003 2718 3061 Sed
2764 3006 2956 3063 verius
3003 3007 3279 3083 arbitror,
3325 3011 3440 3070 τίνσ

1919 3080 2136 3140 κόλασιν
2167 3080 2380 3163 ὑφέξεις.
2404 3088 2505 3143 Est
2530 3101 2722 3147 autem
2743 3092 3001 3169 scholion
3025 3094 3203 3153 hocce
3228 3117 3440 3168 recem,

1920 3182 1979 3226 et
2007 3167 2177 3246 plane
2198 3174 2581 3247 nugatorium,
2600 3176 2764 3253 cujus
2786 3191 3004 3246 auctor,
3032 3180 3170 3240 dum
3199 3184 3379 3241 forma
3390 3206 3439 3242 m

1914 3255 2266 3333 judiciorum
2305 3260 2457 3337 apud
2496 3262 2872 3322 Athenienses
2912 3269 3142 3342 penitus
3181 3272 3440 3349 ignorat,

1921 3343 2191 3402 insulsam
2216 3344 2641 3405 distinctionem
2665 3352 3116 3412 comminiscitur
3137 3356 3288 3416 inter
3311 3360 3440 3442 γρά-

1921 3451 2033 3509 φειν
2057 3444 2114 3488 et
2141 3430 2472 3515 ἐπιγράφειν,
2502 3437 2665 3511 quasi
2692 3437 2806 3496 hoc
2835 3439 2982 3496 foret
3003 3483 3021 3511 ‚
3062 3449 3257 3501 iterum
3294 3450 3440 3504 litem

1919 3524 2199 3575 oestImare
2219 3520 2311 3579 vel
2338 3534 2558 3591 taxare,
2586 3523 2883 3602 designato
2899 3525 3018 3603 jam
3043 3550 3220 3610 poenae
3239 3552 3451 3616 genere

1922 3606 2077 3681 quod
2100 3608 2317 3666 scilicet
2346 3610 2505 3686 prius
2525 3609 2712 3671 fuerat
2738 3615 3028 3678 omissum.
3052 3622 3350 3678 Hans-n—
3374 3624 3439 3679 32

1922 3692 2023 3772 πρὸ
2050 3697 2192 3770 Reg.
2217 3692 2346 3775 πρὸς
2368 3701 2525 3755 Junf.

2004 3784 2140 3855 482,
2174 3785 2247 3858 39
2276 3782 2440 3855 αὐτὴν
2459 3787 2776 3865 προστιμίαν
2805 3790 2935 3848 Ald.
2969 3789 3022 3848 δὲ
3051 3813 3164 3851 om.
3197 3796 3267 3855 R.
3287 3832 3349 3844 —
3377 3807 3437 3865 4¹

1921 3864 2145 3935 Ἄλλως.
2173 3869 2430 3950 τιμωρίαν
2453 3872 2640 3931 addita
2661 3895 2732 3932 ex
2755 3882 2826 3934 V.
2846 3914 2910 3925 —
2937 3886 3008 3946 [σα
3034 3878 3148 3956 ἤδη,
3161 3881 3249 3939 καὶ
3273 3888 3344 3939 V.
3373 3885 3442 3943 Θ.

1922 3956 2012 4014 καὶ
2028 3976 2141 4014 om.
2162 3958 2291 4015 Ald.
2308 3971 2366 4016 et
2394 3960 2525 4023 tort.
2547 3965 2611 4018 R.
2642 3987 2667 4015 α
2685 3963 3065 4024 scribendum
3083 3969 3315 4027 videtur
3343 3971 3446 4042 ἤδη

1920 4038 2074 4103 εἶναι.
2094 4069 2119 4096 a
2149 4052 2331 4105 Dum.
2361 4047 2655 4127 ὁριούμενον
2682 4053 2753 4110 Θ.
2775 4053 2904 4111 Ald.
2934 4067 2990 4111 et
3017 4055 3146 4115 fort.
3176 4051 3244 4116 R.

2005 4135 2140 4205 483,
2164 4135 2238 4202 46
2265 4132 2434 4201 ἔξοδον
2463 4135 2534 4194 Θ.
2565 4135 2684 4194 ὀδόν
2707 4139 2910 4198 Suidas
2937 4161 2980 4199 s.
3013 4139 3232 4210 Ἱκανός.

2003 4221 2117 4290 485
2144 4222 2205 4279 in
2234 4227 2417 4280 Dorv.
2440 4224 2591 4282 inter
2611 4246 2810 4287 versus
2838 4229 2910 4287 ad
2933 4228 3214 4310 πράττοντ’
3235 4231 3447 4310 legitur

1919 4309 2206 4385 adjectum
2230 4309 2490 4390 πάσχοντι
2505 4358 2523 4385 ,
2553 4314 2757 4374 vitiose
2787 4338 2895 4394 pro
2920 4317 3188 4398 πάσχοντε
3207 4341 3219 4354 ·
3246 4340 3443 4398 margo

1921 4398 2205 4456 rationem
2249 4402 2488 4477 exponit
2517 4424 2531 4460 z
2558 4405 2773 4482 πράττω
2808 4404 2899 4462 καὶ
2940 4404 3002 4463 τὸ
3046 4408 3213 4479 ποιῶ,
3255 4406 3344 4465 καὶ
3383 4404 3444 4466 τό

1919 4485 2116 4564 πάσχω
2133 4509 2147 4526 ·
2180 4499 2298 4545 tum
2318 4489 2450 4548 sede
2474 4510 2575 4551 sua
2602 4492 2819 4551 dimota
2849 4493 3150 4570 paululum
3176 4494 3447 4556 observa.

1921 4575 2005 4632 tio
2036 4576 2146 4633 huc
2178 4578 2436 4635 revocari
2459 4578 2629 4638 debet
2655 4601 2669 4636 ε
2700 4583 2871 4640 Τοῦτο
2902 4581 3115 4640 διπλοῦν
3134 4603 3150 4619 ·
3178 4580 3213 4654 ἢ
3241 4583 3441 4662 ταχέως

1917 4662 2158 4721 πείσεσθε
2190 4669 2342 4723 τοῦτο
2363 4689 2376 4702 ·
2417 4662 2453 4736 ἢ
2490 4666 2694 4744 ταχέως
2725 4668 2972 4737 ποιήσετε
3007 4673 3165 4727 τοῦτο
3207 4669 3335 4754 πρός
3378 4694 3445 4748 με

1918 4755 2230 4822 ἡττηθεῖσαν
2245 4774 2268 4795 ·-
2288 4752 2384 4810 ubi
2409 4796 2427 4826 ‚
2455 4775 2585 4832 quae
2611 4755 2861 4814 deterius
2892 4758 3190 4834 aliquanto
3220 4757 3435 4817 scribe-

1919 4838 2162 4910 bantur,
2204 4841 2448 4898 correxi.
2492 4843 2675 4919 Igitur
2705 4843 2976 4921 ambigua
3008 4848 3287 4906 sententia
3319 4849 3440 4907 liaec

1922 4928 2051 5005 capi
2078 4928 2264 4986 voluit
2286 4952 2298 4985 :
2329 4931 2475 5001 Quin
2500 4952 2604 4988 vos
2618 4975 2638 5001 ,
2674 4953 2843 5007 qaam
2863 4941 3091 5011 potestis
3119 4939 3432 5006 celerrime,

1926 5025 1986 5079 id
2006 5027 2186 5097 agite,
2221 5032 2284 5077 ut
2311 5024 2583 5078 alter-uem
2612 5039 2750 5094 pars
2774 5043 2847 5081 ex
2870 5027 3172 5082 conditione
3205 5044 3437 5094 paemtm
