3859 5725
346 182 461 246 400
1481 171 1925 242 ΔΠΝΟΤΑΤΙΟ
1960 167 2046 232 ΙΝ
2087 170 2348 234 SCHOL.

433 334 613 386 1211,
646 320 718 382 24
752 311 1245 376 Νεανικῶςοω.ν.
1285 338 1347 351 -·
1372 306 1447 364 25
1470 303 1539 364 τὰ
1567 324 1684 362 0111.
1719 308 1790 362 R.

433 410 612 474 1214,
643 402 711 459 31
744 400 1054 478 εἰσαίθῆναι
1078 393 1149 455 τὰ
1179 392 1434 477 βρώματα
1456 392 1589 454 Ald.
1612 438 1628 467 ‚
1663 394 1724 451 in
1762 411 1877 471 qua

344 508 462 548 11011
486 501 573 547 est
590 484 911 568 προσφάγιτ.

434 600 454 635 1
468 578 603 636 215.
656 582 746 635 Ex
796 575 902 634 hac
936 572 1309 632 annotatione
1356 571 1598 648 apparet
1627 565 1877 649 κρεκάδια

343 678 682 724 ornamenta
700 662 958 741 quaedam
981 681 1103 720 esse
1123 659 1329 718 similia
1348 659 1440 716 avi
1460 656 1579 740 κρέξ
1598 658 1687 715 vel
1708 654 1877 736 κρέκα

342 754 529 814 dictas.
550 757 734 811 Dum.
1392 813 1403 822 ἢ

433 843 611 908 1216,
644 840 717 897 35
747 835 962 908 αἴτησαι
984 834 1115 894 Ald.
1142 865 1219 880 --
1249 843 1325 904 40
1350 833 1541 893 editur
1559 830 1870 913 ἑωρακέναι.

429 949 601 997 1221,
628 929 700 997 43
729 921 1017 1005 Τισαμόνῳ
1044 930 1116 983 V.
1146 922 1276 980 Ald.
1302 963 1379 975 .-
1408 923 1479 992 45
1504 942 1590 1001 sq.
1640 919 1753 998 ἅμα
1786 918 1876 979 καὶ

342 1021 621 1094 Μεταγενῆ
668 1011 967 1096 Φιλοθύτην
1000 1016 1075 1070 V.
1112 1013 1378 1070 Correxit
1418 1011 1770 1071 Dindorfius.
1799 1043 1879 1055 —

346 1116 417 1180 47
440 1125 529 1183 sq.
548 1108 661 1164 ἐστι
674 1100 812 1173 πλὴν
832 1099 1090 1182 ἀρισάκας
1112 1104 1177 1159 V.
1194 1099 1305 1159 ἐστὶ
1328 1098 1468 1171 πλὴν
1493 1099 1725 1179 ἀρσάκας
1748 1099 1877 1156 Ald.

343 1194 613 1255 Correxit
634 1193 809 1251 idem.
839 1191 1004 1249 Conf.
1023 1190 1275 1247 Meinek.
1303 1194 1466 1250 Com.
1493 1195 1549 1260 1,
1577 1208 1632 1266 p.
1668 1188 1803 1260 758.

429 1302 597 1356 1222,
614 1283 684 1341 51
700 1279 761 1339 τὸ
773 1281 982 1360 πρῶτον
1002 1278 1134 1336 Ald.
1153 1318 1217 1330 -
1236 1281 1271 1336 8
1284 1277 1578 1355 legebatur
1592 1275 1875 1357 παροίνιαι.

431 1372 610 1443 1223,
645 1389 709 1427 11
750 1388 835 1445 sq.
879 1363 974 1444 μὲν
1004 1369 1111 1424 τῶν
1148 1364 1433 1446 Παραλίων
1463 1369 1685 1422 Portus.
1718 1366 1772 1422 ἐν
1802 1368 1877 1448 τῷ

340 1459 587 1541 παραλίῳ
618 1463 690 1517 V.
722 1455 850 1515 Ald.
875 1453 1042 1513 Cous.
1070 1454 1250 1511 schol.
1276 1458 1410 1529 Lys.
1438 1453 1532 1510 58.
1561 1482 1634 1496 -—
1664 1473 1731 1509 12
1749 1475 1879 1534 προ-

337 1548 553 1621 εστήκει
569 1552 636 1605 V.
664 1547 758 1605 1110
781 1557 838 1603 et
859 1544 1024 1615 infra,
1048 1551 1114 1612 14
1140 1542 1453 1624 Διακριέων,
1480 1544 1550 1599 16
1570 1541 1714 1624 παρὰ
1732 1541 1791 1601 τὸ
1807 1548 1875 1603 V.

428 1658 600 1710 1227,
634 1636 704 1693 18
729 1636 801 1700 ὡς
830 1630 1108 1711 δεχόμενος
1133 1636 1197 1689 V.

428 1729 609 1797 1234,
651 1725 722 1782 23
762 1720 968 1793 ὤνησαι
1008 1711 1156 1786 οὗτος
1194 1723 1223 1779 6
1262 1724 1332 1777 V.
1363 1717 1562 1789 ὤνησεν
1601 1710 1748 1786 οὗτος
1786 1719 1878 1778 καὶ

340 1816 475 1874 Aid.
518 1821 670 1872 Vera
704 1812 991 1890 scriptura
1023 1809 1285 1867 restituta
1321 1828 1395 1866 ex
1430 1807 1608 1867 schol.
1639 1807 1873 1868 Thesm.

350 1907 482 1982 169.
515 1936 590 1950 —-
620 1912 689 1970 24
715 1897 960 1982 ἀντρέψει
987 1896 1132 1975 τάχα
1160 1896 1466 1956 SeidleruS.
1500 1894 1707 1977 τρέψεις
1737 1896 1880 1975 τάχα

338 1999 408 2051 V.
449 1991 591 2071 τάχα
638 1989 842 2072 τρέψεις
875 1987 1006 2051 Ald.
1037 1984 1135 2056 τὴν
1186 1991 1258 2045 V.
1302 1983 1433 2043 Ald.
1482 2017 1556 2033 .-
1595 1986 1666 2043 25
1709 1987 1879 2057 ζητῶν

339 2079 632 2140 Seidlerus
665 2076 904 2136 addidit.
952 2079 1096 2133 Nam
1129 2074 1211 2132 sic
1246 2073 1608 2150 grammatici
1636 2073 1882 2153 μαίεσθαι

339 2167 714 2246 interpretari
742 2166 946 2223 solent.

428 2260 608 2333 1239,
650 2274 726 2329 29
749 2256 842 2311 τοῦ
870 2247 1081 2309 σκολίου
1116 2251 1183 2307 R.
1214 2287 1295 2298 --
1329 2249 1399 2306 31
1458 2246 1607 2326 γνοὺς
1640 2254 1715 2308 R.
1749 2269 1880 2309 cum

339 2345 622 2405 Athenaeo
648 2343 736 2414 15,
756 2360 817 2418 p.
844 2340 981 2415 695,
1005 2343 1067 2396 C.
1084 2335 1260 2395 πίουσ’
1281 2341 1345 2395 V.
1367 2336 1570 2395 ποιοῦσ’
1588 2338 1878 2410 Aut-31.

340 2431 497 2514 μέρος
520 2438 588 2492 V.
622 2463 701 2477 -—
732 2431 805 2486 35
836 2426 1135 2505 legebatur
1161 2423 1447 2504 Ἁρμόδιος.
1479 2423 1754 2507 Ἡρόδικος
1789 2429 1881 2488 vel

342 2518 723 2604 Ἀρτεμίδωρος
762 2514 1065 2575 Dobraeus.
1104 2514 1339 2573 Praetuli
1374 2511 1678 2594 Ἡρόδικος,
1720 2517 1883 2594 cujus

338 2606 741 2691 κωμῳδούμενα
764 2615 1162 2662 memorantur
1183 2602 1258 2661 ab
1286 2601 1582 2661 Athenaeo.
1603 2609 1785 2665 Dum.
1805 2640 1884 2651 —

341 2700 417 2758 36
433 2694 761 2778 ἀναγέγραφε
782 2692 1086 2751 Dobraeus.
1109 2690 1433 2770 Legebatur
1451 2690 1634 2771 ἀνάγει
1656 2692 1880 2775 γραφὴν.

336 2787 406 2846 τὰ
420 2786 535 2867 (vel
555 2783 636 2863 τὸ)
653 2780 871 2841 addidit
883 2780 1182 2839 Dobraeus.
1206 2778 1582 2838 scribebatur
1599 2779 1882 2862 Χειρόνων.

338 2917 415 2931 ....
445 2877 515 2948 37
545 2872 659 2955 ᾄδει
682 2877 751 2929 V.
778 2911 842 2923 -
872 2871 947 2927 38
980 2866 1359 2952 Ἀρτεμιδώρου
1386 2871 1461 2926 V.
1488 2913 1549 2924 -
1580 2879 1654 2938 40
1681 2871 1882 2953 ἀνδρώ-

333 2986 497 3042 νυμον
522 2960 910 3022 Sclmeiderus
935 2959 994 3017 in
1014 2959 1246 3016 Lexic0.
1278 2958 1604 3035 Legebatur
1624 2960 1883 3043 ἀνδρωνύ-

335 3075 513 3131 μενον.
528 3077 592 3089 -
608 3060 639 3120 4
654 3072 676 3107 1
708 3061 843 3108 ante
867 3054 1117 3127 παρεῖχεν
1141 3045 1357 3124 aliquid
1384 3047 1614 3106 excidit.
1635 3055 1883 3108 Dum.-

336 3144 411 3211 43
443 3139 539 3220 μὲν
566 3140 705 3200 Ἀλκ.
742 3142 808 3197 V.
842 3133 934 3194 τὸν
966 3134 1034 3196 Ἀ.
1061 3134 1277 3193 Ald...
1300 3143 1372 3203 44
1404 3156 1489 3213 sq.
1515 3136 1719 3197 παίδων
1774 3160 1881 3198 κα..

332 3228 693 3291 τωκισθὲντων
718 3225 823 3285 ὑπὸ
844 3221 1125 3298 Θησέωςῆ
1155 3223 1464 3305 Εὗριπίδου,
1490 3227 1564 3292 εἷς
1588 3224 1644 3284 ὃν
1668 3225 1730 3285 τὸ
1756 3250 1881 3287 oxo-

331 3320 445 3380 λιόν
470 3324 537 3378 V.
559 3366 619 3378 ...
642 3326 712 3390 47
736 3309 924 3374 σκολιὰ
946 3311 1077 3374 Ald.
1096 3354 1159 3365 -
1185 3321 1260 3387 49
1282 3326 1413 3388 post
1431 3310 1702 3392 Ἡρακλῆς
1720 3316 1880 3374 addit

334 3410 464 3468 Ald.
497 3405 824 3485 Δικαίαρχος
846 3400 903 3461 δὲ
927 3403 982 3459 ἐν
1006 3403 1084 3480 τῷ
1107 3397 1228 3481 περὶ
1250 3402 1516 3476 μουσικῶν
1537 3399 1773 3479 ἀγώνων,
1798 3401 1879 3463 ὅτι

332 3499 454 3581 τρία
507 3494 634 3575 γένη
668 3485 732 3565 ἦν
763 3493 944 3570 ᾠδῶν,
974 3486 1039 3547 τὸ
1076 3485 1170 3565 μὲν
1219 3484 1320 3545 ὕπὸ
1366 3486 1580 3545 πάντων
1627 3488 1877 3570 ᾀδόμενον

334 3586 451 3645 καθ’
492 3583 584 3643 ἕνα
613 3580 757 3655 ἑξῆς,
792 3578 853 3638 τὸ
882 3578 929 3636 δ’
967 3574 1069 3636 ὑπὸ
1096 3578 1200 3635 τῶν
1230 3574 1603 3635 συνετωτάτων
1629 3579 1698 3643 ὡς
1724 3576 1879 3658 ἔτυχε

332 3678 400 3754 τῇ
425 3672 599 3746 τάξει,
628 3670 657 3729 δ
676 3671 739 3741 δὴ
764 3667 1040 3727 καλεῖσθαι
1066 3660 1152 3723 διὰ
1177 3662 1274 3735 τὴν
1303 3662 1450 3733 τάξιν
1491 3663 1717 3724 σκολιόν.
1738 3668 1810 3733 ὥς
1833 3668 1879 3725 δ’

336 3758 686 3841 Ἀριστόξενος
707 3756 799 3815 καὶ
818 3753 1026 3820 Φύλλις
1047 3757 1076 3813 6
1096 3752 1363 3832 μουσικὸς,
1388 3750 1468 3812 ὅτι
1492 3754 1544 3812 ἐν
1565 3761 1674 3820 τοῖς
1689 3753 1879 3834 γάμοις

331 3849 452 3931 περὶ
500 3847 626 3927 μίαν
665 3844 927 3927 τράπεζαν
977 3842 1175 3909 πολλὰς
1213 3841 1393 3908 κλίνας
1433 3839 1688 3914 τιθέντες,
1728 3842 1876 3925 παρὰ

334 3935 491 4017 μέρος
506 3935 623 4008 ἓξῆς
651 3931 901 4014 μυρρίνας
926 3929 1132 4011 ἔχοντες
1149 3922 1277 4010 ᾖδον
1301 3929 1516 4008 γνώμας
1533 3928 1624 3990 καὶ
1649 3929 1876 4014 ἐρωτικὰ

333 4024 582 4084 σύντονα·
624 4027 659 4095 ἡ
699 4019 755 4081 δὲ
789 4018 1027 4100 περίοδος
1058 4016 1246 4077 σκολιὰ
1274 4016 1471 4096 ἐγίνετο
1499 4015 1585 4077 διὰ
1611 4017 1708 4090 τὴν
1735 4019 1875 4079 θέσιν

333 4116 439 4173 τῶν
482 4115 695 4172 κλινῶν.
739 4116 884 4184 Quae
926 4127 1001 4166 ex
1044 4107 1220 4166 Suida
1257 4126 1382 4165 esse
1428 4107 1585 4165 illata
1604 4149 1622 4179 ,
1660 4110 1761 4187 qui
1801 4129 1873 4169 ex

335 4202 643 4261 scholiasta
672 4197 923 4258 Platonis
951 4196 1229 4275 sumpsit,
1264 4193 1386 4273 jam
1427 4195 1502 4253 ad
1537 4198 1681 4254 Rau.
1722 4197 1869 4271 1337

336 4289 553 4350 monui.
578 4292 758 4346 Dum.

422 4386 598 4450 1240,
626 4396 665 4454 9
689 4381 868 4448 τοῦτο,
897 4373 1121 4432 scolion
1154 4369 1516 4450 praecedente
1541 4392 1713 4432 versu
1741 4394 1869 4432 me-

336 4478 641 4528 moratum.
1771 4483 1775 4486 ’

419 4562 597 4628 1244,
644 4550 713 4609 16
743 4550 1006 4628 sequitur
1028 4548 1090 4607 in
1114 4550 1186 4605 V.
1215 4545 1286 4605 ad
1315 4566 1372 4605 v.
1407 4547 1592 4622 1245,
1613 4546 1870 4629 χρήματα

329 4641 581 4704 πλουσίου
631 4638 873 4716 ὧδηματ’
901 4636 1032 4716 [sic]
1062 4635 1321 4717 Αἰσχίνης
1348 4633 1600 4706 συνέθηκε
1639 4634 1868 4694 πενίτιον

331 4734 464 4811 (scr.
505 4728 774 4810 πενιχρὸν)
788 4730 866 4809 τῷ
884 4724 1111 4794 ἀλαζόνι·
1136 4716 1466 4807 Κλειταγόρα
1486 4720 1541 4780 δὲ
1559 4719 1867 4790 συνέπλεξεν

329 4822 391 4880 ἐκ
416 4826 508 4880 τοῦ
532 4820 763 4878 σκολιοῦ.

2053 311 2196 368 1251
2229 312 2311 369 sic
2332 316 2429 383 R„
2461 306 2541 367 ὅτι
2569 306 2737 388 ὄνομα
2760 308 3073 391 θεράποντος
3093 312 3314 393 χρυσός.
3349 337 3545 392 μετα-

1967 397 2146 457 δαλεῖν
2184 399 2322 456 θέλει
2357 397 2477 463 τοὺς
2509 396 2732 479 τρόπους
2769 402 2863 456 τοῦ
2894 397 3211 482 πρεσὸύτου.
3236 446 3312 457 ...
3343 421 3434 480 29
3470 399 3548 471 εἰς

1967 485 2054 545 τὸν
2081 485 2292 568 ἄριστον
2321 484 2356 557 ἢ
2386 486 2476 544 τὸν
2493 486 2698 545 δεῖπνον
2724 491 2789 546 V.
2810 534 2873 545 .-
2893 488 2962 545 31
2988 479 3313 548 καταὸαλεῖν
3345 489 3548 573 θύραν.

1965 575 2222 657 γράφεται
2249 573 2481 643 πατάξαι
2499 581 2568 633 V.

2054 667 2225 737 1257,
2248 664 2321 722 35
2343 684 2458 721 0111.
2478 668 2571 736 V„
2594 663 2696 741 qui
2716 662 3131 740 ἄνεμυθήσαντο.

1981 769 1988 774 “
2055 753 2224 830 1259,
2255 760 2347 824 42,
2370 753 2442 820 43
2465 750 2762 829 legebatur
2786 749 3551 834 Eussaptttxol-Mo'ontzxoi.

1967 846 2304 903 Correctum
2332 863 2406 902 ex
2423 843 2644 900 scholio
2668 849 2775 901 Av.
2809 851 2878 914 47
2894 865 2942 900 1.
2960 890 3026 902 .-
3050 846 3122 915 43
3147 863 3277 923 post
3308 848 3553 927 ἄνθρω-

1966 930 2132 989 πίνων
2164 931 2326 990 addit
2362 931 2494 989 Ald.
2530 928 2780 996 Αἴσωπος
2810 930 2865 989 δὲ
2895 936 2924 990 6
2945 935 3051 990 τῶν
3083 931 3259 1011 μύθων
3291 932 3556 1004 ποιητὴς

1969 1018 2203 1097 Σάμιος,
2240 1019 2415 1084 δοῦλος
2445 1017 2505 1078 οὗ
2525 1016 2622 1089 τὴν
2646 1016 2815 1098 τύχην
2840 1021 3042 1095 μᾶλλον
3076 1018 3110 1090 ἢ
3135 1019 3232 1090 τὴν
3262 1021 3552 1104 προαίρε-

1968 1131 2071 1182 σιν,
2101 1110 2197 1167 οὐκ
2217 1106 2396 1189 ἄφρων
2418 1110 2538 1184 μὲν,
2567 1105 2685 1164 οὐδὲ
2704 1111 2824 1165 κατ’
2847 1106 2973 1166 αὐτὸ
2997 1113 3151 1166 τοῦτο
3169 1107 3326 1190 ἀνήρ.
3364 1099 3419 1190 ᾧ
3440 1109 3552 1188 γὰρ

1967 1201 1996 1257 6
2041 1196 2199 1275 νόμος
2241 1198 2301 1254 οὐ
2340 1196 2610 1273 μετεδίδου
2655 1199 2981 1277 παρρησίας,
3031 1196 3203 1280 τούτῳ
3248 1201 3548 1279 προσῆκον

1965 1275 2031 1357 ἦν
2062 1282 2557 1366 ἐσκιαγραφημένας
2599 1280 2693 1350 τὰς
2747 1281 3052 1360 συμὸουλὰς
3090 1284 3184 1343 καὶ
3228 1287 3550 1346 πεποικιλ-

1967 1371 2129 1451 μένας
2177 1373 2342 1451 ἡδονῇ
2388 1369 2478 1430 καὶ
2545 1371 2726 1452 χάριτι
2791 1370 3115 1453 παραφέρειν
3134 1416 3150 1445 ,
3204 1371 3404 1453 ὥσπερ
3450 1376 3548 1434 καὶ

1966 1465 2071 1521 τῶν
2120 1463 2314 1543 ἰατρῶν
2359 1464 2404 1518 οἳ
2458 1457 2553 1537 μὲν
2589 1458 2847 1542 ἐλεύθεροι
2880 1457 2942 1518 τὸ
2975 1458 3090 1518 δέον
3126 1460 3550 1539 ἐπιτάττουσιν,

1966 1550 2058 1609 ἐὰν
2112 1547 2170 1609 δέ
2221 1572 2300 1615 τις
2359 1547 2561 1620 οἰκέτης
2628 1545 2847 1627 γένηται
2889 1546 2987 1619 τὴν
3048 1547 3214 1628 τύχην
3273 1549 3378 1608 καὶ
3441 1546 3547 1620 τὴν

1966 1636 2159 1717 τέχνην
2179 1635 2389 1719 ἰατρὸς,
2435 1635 2728 1718 πράγματα
2755 1634 2896 1716 ἔχει,
2941 1632 3245 1694 κολακεύειν
3275 1634 3408 1713 ἅμα
3445 1634 3547 1698 καὶ

1969 1725 2267 1807 θεραπεύειν
2297 1723 2385 1783 τὸν
2407 1722 2669 1797 δεσπότην
2691 1721 3129 1803 ἀναγκαζόμενος.
3153 1723 3285 1804 φασὶ
3310 1721 3378 1784 δέ
3393 1747 3544 1791 τινες

1969 1813 2056 1872 τὸν
2090 1813 2337 1873 Αἴσωπον
2370 1810 2660 1870 ἀναὸιῶναι
2676 1834 2689 1848 ·
2719 1811 2808 1870 καὶ
2831 1809 3062 1871 Πλάτων
3086 1811 3374 1890 ὁκωμικὸς
3400 1831 3544 1871 «καί

1968 1908 2057 1961 νῦν
2080 1899 2274 1979 ὅμοσόν
2305 1921 2396 1978 μοι
2439 1897 2516 1976 μὴ
2553 1899 2795 1957 τεθνάναι
2834 1897 2895 1958 τὸ
2932 1901 3108 1977 σῶμα.
3144 1898 3251 1980 ἐγὼ
3285 1897 3456 1980 ψυχὴ
3493 1897 3544 1958 δ’

1969 1988 2074 2050 ἀπὸ
2112 1989 2261 2060 νίκης
2292 1987 2473 2067 ὥσπερ
2516 1983 2771 2047 Αἰσώπου
2798 1983 2988 2044 ποτέ.»
3017 1985 3242 2044 Inserta
3278 1999 3430 2045 sunt
3461 2008 3539 2046 ex

1971 2077 2146 2138 Suida
2171 2096 2215 2134 s.
2247 2073 2510 2140 Αἴσωπος.
2544 2078 2618 2132 Et
2639 2073 2838 2152 priora
2866 2073 3101 2150 quidem
3124 2072 3304 2138 verba
3336 2095 3540 2153 usque

1970 2167 2043 2226 ad
2073 2161 2489 2242 ἀναγκαζόμενος
2517 2162 2720 2221 Suidas
2741 2183 2814 2221 ex
2835 2168 2867 2221 J
2873 2164 3066 2221 uliano
3089 2163 3338 2242 sumpsit
3359 2171 3536 2224 Orat.

1974 2276 2030 2329 7,
2057 2275 2113 2334 p.
2142 2254 2287 2326 388,
2327 2253 2552 2330 reliqua
2587 2271 2661 2316 ex
2688 2252 2911 2309 scholio
2941 2255 3048 2310 Av.
3081 2261 3218 2324 471.
3253 2256 3448 2311 Dum.
3470 2297 3537 2314 ....

1975 2353 2046 2413 44
2074 2355 2206 2424 post
2224 2333 2361 2414 ἦσαν
2381 2343 2543 2400 addit
2571 2342 2706 2400 Ald.
2740 2346 2897 2420 μῦθος
2929 2341 2975 2399 δ’
3008 2342 3154 2400 αἴνου
3184 2342 3429 2425 διαφέρει
3451 2345 3533 2423 τῷ

1968 2432 2057 2492 τὸν
2087 2423 2228 2491 αἶνον
2258 2430 2334 2509 μὴ
2355 2429 2486 2512 πρὸς
2509 2430 2721 2505 παῖδας,
2746 2429 2883 2490 ἀλλὰ
2908 2429 3037 2513 πρὸς
3066 2429 3257 2511 ἄνδρας
3285 2436 3531 2504 πεποιῆ-

1971 2526 2109 2596 σθαι,
2126 2519 2217 2580 καὶ
2239 2521 2313 2599 μὴ
2334 2520 2464 2601 πρὸς
2483 2519 2832 2602 ψυχαγωγίαν
2852 2518 3033 2600 μόνον,
3054 2521 3190 2580 ἀλλὰ
3209 2522 3301 2581 καὶ
3322 2522 3528 2605 παραί-

1969 2634 2109 2670 νεσιν
2137 2607 2276 2688 ἔχειν
2298 2609 2440 2669 τινά.
2472 2606 2717 2688 βούλεται
2735 2606 2837 2689 γὰρ
2856 2608 3308 2689 ἐπικρυπτόμενος
3330 2633 3529 2689 παραι-

1970 2707 2076 2758 νεῖν
2101 2722 2154 2757 τι
2172 2697 2262 2758 καὶ
2292 2696 2581 2756 διδάσκειν·
2606 2698 2735 2774 ὅπερ
2759 2695 2850 2754 καὶ
2879 2694 3121 2763 Ἡσίοδος
3151 2697 3397 2778 φαίνεται
3421 2721 3524 2758 πε-

1969 2786 2221 2860 ποιηκώς.
2240 2790 2386 2858 Quae
2405 2787 2622 2843 inserta
2647 2795 2780 2842 sunt
2802 2804 2873 2841 ex
2897 2783 3076 2843 Suida
3098 2804 3144 2843 s.
3169 2775 3344 2852 Αἶνος.

2058 2878 2236 2949 1267,
2267 2877 2299 2933 3
2341 2876 2398 2933 δὲ
2433 2866 2580 2956 εὗρον
2616 2873 2747 2952 (υἱὸν
2776 2873 2867 2932 vel
2903 2873 3058 2933 αὐτὸν
3085 2873 3328 2952 conjicit
3361 2875 3522 2936 Din-

1970 2963 2141 3041 dorf.)
2172 2953 2314 3022 εἶπεν
2340 2968 2439 3038 V.‚
2461 2963 2562 3041 qui
2584 2961 2798 3020 deinde
2827 2964 2857 3020 ὁ
2883 2963 3115 3020 omittit.
3383 3016 3386 3019 .

2059 3072 2228 3125 1270,
2257 3073 2316 3128 9.
2344 3054 2513 3111 Hunc
2540 3051 2729 3108 locum
2758 3048 3045 3109 Sluiterus
3083 3052 3144 3108 111
3180 3055 3370 3111 Lectt.
3396 3055 3519 3113 An-

1969 3139 2161 3198 docid.
2182 3141 2447 3197 mutilum
2472 3158 2597 3196 esse
2615 3148 2811 3197 censet
2826 3182 2842 3211 ,
2882 3137 3043 3215 quod
3062 3139 3372 3218 Antiphon
3394 3145 3517 3199 An-

1970 3229 2192 3289 docidis
2222 3229 2371 3287 filius
2394 3228 2635 3286 dicatur.
2658 3272 2720 3285 ...
2742 3246 2813 3284 10
2836 3216 2904 3298 ἦν
2932 3246 3050 3285 0111.
3077 3231 3148 3286 R.

2049 3339 2072 3374 1
2090 3337 2158 3390 27
2175 3339 2216 3390 1,
2244 3338 2320 3388 11,
2342 3319 2419 3377 Φ.
2438 3316 2616 3386 ἰ-ῆςθ.
2639 3320 2710 3373 V.
2728 3335 2892 3373 -12,
2921 3316 3005 3374 Ad
3026 3315 3410 3379 110110100οω
3430 3336 3518 3376 re-

1968 3406 2143 3484 spicit
2176 3404 2351 3461 schol.
2387 3401 2536 3461 Nub.
2574 3404 2705 3478 691.
2738 3447 2802 3460 ...
2842 3404 2910 3461 13
2942 3403 3303 3462 scribebatur
3323 3406 3519 3485 χῶμυ-

1967 3494 2096 3561 νίας.
2119 3491 2191 3554 ὢν
2215 3491 2436 3550 addidit
2462 3494 2774 3549 Porsonus.
2796 3524 2878 3536 —
2896 3510 2919 3548 1
2934 3499 2968 3559 4
3009 3489 3164 3571 μύρῳ
3204 3497 3517 3554 Pon-sonus.

1967 3582 2291 3661 Legebatur
2319 3576 2503 3658 μορίῳ.
2528 3580 2658 3635 θεῶν
2679 3574 2871 3637 εἵνεκεν
2893 3584 2964 3637 V.
2983 3583 3154 3638 Hunc
3184 3599 3416 3645 versum
3429 3581 3516 3638 sic

1967 3670 2207 3747 corrigit
2239 3673 2551 3740 Porsonus,
2584 3668 2712 3725 θεῶν
2735 3664 2879 3746 ἕνεχ’
2900 3668 2975 3734 ὣς
3004 3667 3228 3726 ἔπλευσε
3246 3667 3410 3735 κακὸς
3439 3668 3511 3727 ὧν

1967 3756 2182 3816 εἴσεται.
2219 3755 2542 3813 Meinekius
2580 3756 2745 3813 Com.
2783 3759 2838 3827 1,
2877 3774 2935 3833 p.
2969 3754 3090 3813 513
3127 3753 3512 3834 probabilius,

1966 3833 2040 3902 ὧν
2067 3842 2113 3901 θ’
2145 3841 2279 3900 ἕνεκ’
2309 3838 2531 3899 ἔπλευσε
2549 3846 2717 3899 ταῦτα
2737 3840 2896 3907 κακὸς
2926 3841 3000 3900 ὣν
3024 3839 3241 3900 εἴσεται.
3267 3887 3331 3900 ...
3347 3846 3425 3900 16
3451 3840 3509 3901 τὸ

1964 3928 2286 4011 Ἡρακλέους
2316 3927 2526 4001 θητικὸν
2552 3932 2621 3985 V.
2653 3930 2815 3987 Idem
2835 3927 3005 3991 πάλαι
3033 3928 3090 3987 δὲ
3114 3929 3257 3997 ἔθνος
3281 3929 3416 3989 ἐστὶ.
3443 3972 3509 3991 ....
3539 3972 3550 3981 ,

1965 4039 2038 4095 ¹9
2066 4016 2428 4075 scribebatur
2446 4012 2712 4074 πενέστων
2739 4016 2835 4075 1110
2867 4029 2930 4074 et
2957 4016 3124 4077 intra.
3153 4063 3217 4077 ...
3241 4038 3315 4075 20
3334 4028 3510 4079 κατα·

1962 4102 2304 4182 λελειμμένον
2333 4106 2464 4164 Ald.

2045 4194 2218 4268 1275,
2246 4193 2318 4250 25
2344 4195 2422 4273 τῷ
2453 4212 2568 4249 0111.
2593 4193 2664 4249 V.

2042 4303 2066 4340 1
2081 4285 2214 4357 278,
2234 4281 2306 4337 28
2322 4277 2638 4360 κατάλα6ρ’,
2650 4266 2695 4336 ὦ
2710 4278 3028 4339 Meinekius
3044 4282 3202 4342 Com.
3223 4279 3271 4355 I,
3287 4298 3348 4358 p-
3368 4278 3503 4348 540.

1960 4362 2263 4447 καταλαὸρὲ
2288 4372 2517 4425 Ροτωε.
2551 4362 2788 4446 καλαὸρὶ
2823 4371 2895 4426 V.
2925 4367 3058 4426 Ald.
3101 4366 3500 4448 κιθαραοιδοταν

1960 4459 2173 4537 (sic)V.
2211 4453 2578 4538 κιθαραοιδότα
2618 4460 2692 4513 G.
3479 4496 3490 4501 -

2048 4566 2222 4619 1272,
2254 4547 2328 4605 38
2354 4565 2437 4623 sq.
2483 4544 2727 4622 λέγεσθαι
2748 4544 2822 4610 ὡς
2855 4542 2965 4605 υἱὸν
2998 4545 3155 4602 αὐτοῦ
3187 4541 3498 4624 Ἀριστομέ-

1958 4656 2075 4700 νους
2096 4635 2167 4701 ὥς
2185 4636 2354 4715 σοφῶς
2373 4629 2729 4714 ἀριγνωτάτου
2755 4630 2976 4713 ἀδελφὸς
3002 4628 3230 4711 λέγεται,
3261 4632 3334 4705 39
3353 4629 3496 4710 φίλος

1958 4734 2020 4780 et
2043 4718 2156 4801 ἔχει
2178 4722 2243 4780 V.
2260 4754 2336 4766 —-
2355 4722 2425 4788 43
2443 4718 2808 4781 scribendum
2823 4719 2957 4797 μετὰ
2975 4723 3125 4777 τοῦτο
3144 4716 3284 4779 διάλ.
3309 4718 3496 4779 Unius

1958 4828 2159 4868 versus
2188 4809 2475 4868 defectum
2500 4811 2602 4886 qui
2625 4822 2924 4876 notarunt..
2947 4807 3121 4885 primi
3149 4819 3375 4867 tantum
3393 4808 3492 4877 aiv-2

416 4928 436 4965 1
453 4907 646 4975 245111
667 4911 736 4965 R.
757 4905 860 4979 sic,
874 4902 1207 4983 Κλειταγόρα
1218 4900 1330 4972 ἥτις
1351 4918 1555 4978 εγενετο
1572 4897 1865 4979 ποιήτρεια.
1954 4895 2342 4979 τεπιρρήματος
2367 4916 2570 4955 versus
2594 4897 2884 4959 defectum
2919 4892 3488 4955 animadverterunt:

330 4992 608 5065 συνίπλεξι
642 4991 700 5054 δὲ
729 4995 791 5053 tx
816 4996 907 5052 τοῦ
930 4989 1158 5052 σκολίου.
1188 5036 1249 5050 -
1279 5011 1344 5064 17
1376 4987 1706 5070 Κλειταγόρα
1725 4988 1858 5048 Ald.
1900 5050 1912 5063 ⁴
1954 4986 2223 5046 undecim
2247 5004 2512 5045 versuum
2534 4986 2797 5048 lacunam
2831 4986 2932 5064 qui
2959 4996 3309 5064 posuerunt,
3337 4994 3492 5042 recte

1766 5584 3791 5714 2-—-.--..--d
