3859 5725
520 257 632 309 ⁴28

503 395 557 435 v.
586 383 718 451 294.
738 373 887 433 Vide
909 373 984 432 de
1006 373 1097 433 his
1125 373 1401 432 machinis
1425 377 1640 432 Heron.
1662 374 1721 432 in
1745 372 2015 431 Mathem.

503 476 615 522 vet.
640 482 695 541 p.
727 464 862 521 263.
892 465 1070 520 Dum.
1482 467 1503 478 “

583 553 696 625 293
722 551 933 627 glossas
951 550 1227 630 προσκυνῶ
1245 560 1303 605 01
1330 547 1626 624 ἀντηχῆσαι
1647 546 1820 605 habet
1841 552 1912 606 V.

582 647 717 715 294,
744 639 926 696 28-32
956 657 1071 695 0111.
1095 640 1161 695 V.
1194 676 1270 689 ..-
1293 655 1371 711 29
1391 631 1705 714 ἀμφιφορεὺς
1736 635 1869 693 libri
1895 654 2018 692 me-

500 727 672 786 liores
699 726 890 787 Suidae
913 745 958 784 s.
980 722 1201 805 Βροντή.
1230 756 1310 769 -
1329 723 1403 780 30
1425 722 1562 803 ἔχων
1590 722 1625 794 ἢ
1658 724 1795 796 θαλ.,
1830 727 1894 783 31
1922 746 2021 782 κυ-

499 810 774 891 λιούμεναι
795 817 863 871 Β.
902 817 968 869 111
997 810 1194 869 codice
1232 815 1373 888 neg.
1406 811 1553 868 2821
1592 810 1704 867 1100
1739 811 2020 868 scholium

503 901 580 957 ita
620 900 936 976 scriptum:
972 894 1150 958 Φασὶν
1190 889 1321 954 εἶναι
1354 897 1405 953 ἐν
1444 899 1510 966 τῆ
1540 900 1706 976 σκηνῇ
1742 895 2023 975 μεχᾶνημά

500 1010 583 1060 τι,
607 989 874 1067 βρονταῖον
896 985 1021 1062 (sic)
1045 982 1360 1062 καλούμενον
1378 1003 1392 1017 ·
1430 959 1495 1040 οἵ
1509 985 1538 1041 ὁ
1559 982 1748 1049 κτύπος
1771 985 1840 1048 εἷς
1864 986 2021 1061 βρον-

503 1077 597 1144 τῆς
621 1071 889 1151 ἀπήχησιν
920 1070 1313 1149 ἕσχηματίζετο.
1341 1062 1405 1142 ἦν
1426 1068 1480 1128 δὲ
1510 1069 1767 1150 ἀμφορεὺς
1803 1069 1837 1141 ἢ
1863 1068 2023 1141 λε’ὅης

501 1162 726 1240 χαλκοῦς
739 1204 757 1236 ,
779 1159 1005 1239 ψηφῖδας
1024 1157 1159 1237 ἔχων
1173 1157 1313 1223 ἐντὸς
1326 1202 1342 1226 ,
1362 1156 1416 1224 ὃς
1434 1155 1732 1233 κυλιόμενος
1742 1148 1872 1235 ἦχον
1898 1159 2024 1216 ἀπε·

501 1246 658 1307 τέλει.
697 1246 825 1327 πρὸς
858 1251 1008 1303 τοῦτο
1057 1235 1145 1302 οὖν
1187 1243 1478 1322 μηχάνημα
1531 1243 1846 1305 ἀποὸλέπων
1891 1244 1991 1320 ἔφη
2007 1290 2023 1318 ,

503 1337 666 1418 ᾔσθου
691 1339 863 1417 φωνῆς
881 1332 969 1393 καὶ
993 1337 1223 1415 βροντῆς.
1260 1368 1330 1379 -
1358 1336 1427 1400 34
1444 1338 1509 1413 τῇ
1531 1333 1668 1403 λέξει
1689 1342 1758 1396 V.

588 1423 701 1500 295
724 1429 793 1482 Β.
817 1420 991 1479 habet
1015 1421 1086 1498 gl.
1112 1419 1314 1484 εὔσεὸές
1334 1422 1444 1479 ἐστι
1466 1421 1553 1481 καὶ
1574 1421 1666 1499 μή.
1700 1456 1769 1468 -
1800 1427 1870 1497 37
1898 1426 2025 1482 ἑαυ-

501 1510 590 1571 τὸν
614 1513 859 1589 ἀνασχεῖν
893 1508 1015 1567 ΔΙά.
1039 1542 1118 1553 -
1147 1510 1221 1585 39
1249 1506 1383 1585 μείζ.
1419 1509 1600 1585 ἀνάγει
1628 1509 1932 1590 ἐξαγόμενος
1955 1517 2025 1570 V.

499 1598 664 1657 Idem
695 1616 814 1656 om.
843 1596 1116 1654 δείκνυσιν.

589 1685 725 1760 296,
749 1693 820 1752 44
845 1684 997 1740 αὐτοῦ
1017 1681 1327 1740 ErnestiuS.
1354 1679 1504 1746 αὐτὸς
1523 1681 1641 1740 Ald.
1662 1714 1741 1729 —-
1763 1683 1834 1740 53
1855 1685 2027 1763 πολλῇ

502 1775 571 1851 τῇ
591 1775 965 1830 Hermannus.
996 1810 1073 1822 -
1118 1769 1152 1826 5
1182 1767 1344 1839 addit
1371 1775 1511 1846 Reg.
1543 1774 1690 1829 2821
1734 1770 1894 1853 χάριν
1934 1779 2027 1831 τοῦ

508 1856 583 1937 μὴ
608 1854 974 1937 γινώσκεσθαι.
1542 1887 1547 1892 ·

586 1966 722 2023 297,
751 1967 782 2018 7
811 1944 1039 2017 Suidas,
1066 1945 1305 2020 Σμῆνος,
1332 1944 1528 2014 πλῆθος
1551 1946 1847 2020 μελισσῶν,
1875 1947 2028 2005 οἱονεὶ

506 2031 679 2111 ἐσμός.
716 2030 857 2099 ἰδίως
890 2027 946 2089 δὲ
986 2034 1181 2108 σμῆνος
1208 2031 1445 2088 καλεῖται
1487 2042 1595 2088 etc.
1644 2072 1724 2084 -
1755 2054 1822 2090 12
1862 2034 2029 2113 ᾠδῶν.

505 2125 930 2199 Interpretatur
950 2118 1111 2196 quasi
1137 2117 1322 2176 ἀοιδῶν
1348 2118 1621 2194 scriptum
1648 2120 1736 2176 sit.
1765 2124 1950 2179 Dum.

588 2207 704 2283 298
740 2212 810 2265 Β.
852 2204 1028 2264 habet
1073 2206 1316 2283 glossam
1361 2202 1558 2284 ὄμὸρον
1609 2204 1739 2283 (scr.
1791 2207 2033 2267 sortasse

504 2294 725 2376 ὄμόρου)
752 2293 1023 2371 γέμουσαι.
1051 2327 1130 2338 -
1151 2312 1222 2349 22
1250 2288 1373 2372 δφὶν
1394 2297 1462 2349 V.
1489 2324 1562 2335 —
1583 2304 1656 2354 25
1683 2293 2031 2371 συζευγνύναι,

510 2386 575 2441 31
604 2380 999 2458 ἱπισπεύσωμεν
1016 2424 1031 2452 ,
1058 2381 1131 2437 33
1152 2378 1254 2459 χρὴ
1275 2378 1402 2437 Ald.
1427 2411 1504 2423 —
1528 2381 1599 2447 34
1628 2378 1823 2460 ἔφημεν
1846 2387 1910 2440 V.

590 2488 706 2546 299
740 2474 809 2527 Β.
853 2467 1026 2525 habet
1058 2468 1303 2545 glossam
1339 2464 1431 2532 τὰς
1473 2465 1704 2537 Ἀθήνας.
1739 2515 1800 2526 .-
1844 2473 2031 2539 41-45

508 2551 734 2634 λιπαρὰν
752 2551 807 2611 δὲ
827 2551 922 2625 τὴν
943 2552 1158 2624 εὗθήναν
1185 2555 1280 2611 οὐκ
1299 2553 1390 2609 ἀπ.
1427 2556 1519 2609 σοῦ
1544 2555 1662 2612 καλ.
1687 2553 1791 2630 (sic
1810 2557 2034 2636 scribit)

509 2689 570 2701 ..
595 2641 858 2700 δείκνυται
893 2654 1019 2718 post
1054 2643 1240 2699 locum
1273 2638 1509 2698 Pindari
1549 2642 1711 2715 ponit
1748 2648 1821 2701 V.
1853 2689 1917 2702 -
1961 2653 2032 2713 42

509 2728 630 2802 δόξη
654 2735 724 2789 V.
759 2775 820 2787 ..
849 2732 922 2797 43
966 2728 1055 2788 καὶ
1098 2748 1213 2786 0111.
1250 2733 1320 2785 V.
1352 2724 1620 2808 ἡμετέρων
1659 2734 1724 2787 V.
1763 2776 1826 2789 -.
1865 2741 1936 2801 44
1975 2732 2035 2792 τὸ

519 2815 729 2900 ιιπσρὸν
748 2821 841 2888 τῆς
866 2815 1044 2883 ἐλαίας
1061 2814 1220 2899 φυτὸν
1246 2836 1362 2876 0111.
1385 2819 1457 2873 V.
1478 2858 1539 2871 -
1572 2824 1641 2889 47
1672 2815 1881 2891 Ἀθῆναι
1903 2821 2032 2880 Ald.

506 2913 600 2980 V.,
629 2907 727 2984 qui
754 2906 1051 2982 sequentia
1075 2906 1308 2963 omittit.
1862 2920 1869 2927 ·

594 2996 668 3051 30
680 3015 699 3051 1
719 2993 790 3050 ad
805 2992 1074 3073 Κέκροπος
1085 2998 1155 3049 V.
1170 2993 1380 3069 repetit
1391 2994 1650 3052 scholion
1660 2992 1809 3052 Pluti
1827 3016 1883 3055 v,
1899 2998 2032 3069 773.

592 3082 729 3153 302,
757 3098 791 3137 2
817 3077 1080 3155 σεὸάσμια
1103 3080 1412 3138 Επιεεῐίιιε.
1430 3113 1485 3123 -
1526 3082 1558 3137 3
1580 3077 1945 3157 έξαγγέλεσθαι
1965 3088 2034 3141 Β.

507 3169 689 3226 v...5
717 3165 1051 3247 ψηφίσματος
1068 3165 1374 3248 Μεγαρέων,
1398 3166 1435 3224 1.
1448 3185 1497 3224 0.
1518 3181 1706 3223 contra
1726 3170 2034 3244 Megaren-

508 3276 612 3315 ses.
644 3255 738 3312 sic
768 3252 1031 3329 Thucyd.
1060 3272 1112 3324 1,
1148 3263 1256 3322 140
1284 3276 1297 3311 :
1325 3252 1454 3312 εἰτὸ
1477 3253 1764 3335 Μεγαρέων
1788 3254 2036 3337 ψήφισμα

511 3342 588 3423 μὴ
621 3342 952 3421 καθέλοιμεν.
992 3343 1177 3401 Vales.
1223 3342 1295 3400 ad
1339 3347 1677 3420 Harpocrat.
1714 3365 1756 3402 s.
1788 3344 2037 3423 Ἀνθεμό-

511 3453 685 3511 κριτος
723 3433 861 3489 citat
905 3433 1220 3491 ErnestiuS.
1248 3435 1433 3491 Dum.
1474 3432 1655 3490 Addit
1688 3432 1813 3491 Ald.
1846 3433 2035 3502 ἄλλως.

512 3515 723 3585 εἰκότως
786 3516 891 3597 πρὸ
938 3516 1149 3575 πάντων
1196 3520 1567 3595 σεμνολογοῦσι
1608 3517 1677 3576 τὰ
1717 3518 2035 3581 Ἐλευσίνια.

513 3604 784 3662 κοινωνίαν
821 3602 921 3685 γὰρ
960 3601 1140 3681 έχουσι
1161 3604 1289 3685 πρὸς
1315 3602 1408 3670 τὰς
1429 3602 1575 3677 θεὰς,
1605 3603 1724 3663 ὅσον
1752 3606 1812 3663 ἐκ
1833 3609 1927 3676 τῆς
1949 3613 2039 3666 τοῦ

513 3688 656 3757 ἔτους
683 3700 843 3771 φορᾶς
859 3733 873 3759 ,
901 3690 990 3749 καὶ
1016 3694 1111 3761 τῆς
1132 3694 1235 3749 τῶν
1260 3695 1477 3770 καρπῶν
1510 3690 1790 3761 αὐξήσεως.
1813 3685 1968 3752 αἶται
1984 3693 2039 3753 δὲ

511 3776 601 3836 τὸν
630 3776 846 3856 Ἴακχον
873 3776 1152 3856 ἐχόρευσαν
1175 3786 1288 3843 ταῖς
1308 3782 1446 3844 θεαῖς
1467 3776 1726 3855 Νεφέλαις
1742 3789 2037 3856 μυστικαῖς,

513 3868 585 3931 ὡς
615 3864 911 3944 Ἡρόδοτος.
952 3865 1080 3945 φησὶ
1114 3865 1215 3946 γὰρ
1242 3866 1295 3921 έν
1333 3868 1399 3943 τῇ
1435 3863 1579 3945 παρὰ
1614 3867 1889 3945 Σαλαμῖνα
1908 3893 2038 3928 ναυ-

515 3954 708 4034 μαχία,
737 3951 871 4012 πολὺ
898 3951 1204 4030 λειπομένου
1230 3957 1321 4010 τοῦ
1347 3952 1661 4024 Ἑλληνικοῦ
1681 3954 1906 4025 πλήθους
1933 3959 2038 4015 τῶν

513 4044 644 4100 νεῶν
663 4043 766 4098 τῶν
792 4042 1089 4122 Περσικῶν,
1116 4042 1469 4119 συμμαχῆσαι
1494 4038 1776 4112 Ἀθηναίοις
1793 4039 1884 4110 τὰς
1904 4042 2038 4117 θεὰς,

516 4126 761 4205 μέγιστον
801 4132 897 4194 τῆς
929 4125 1239 4206 συμμαχίας
1278 4123 1666 4202 ἱπιδειξαμένας
1703 4126 1791 4185 καὶ
1822 4128 2038 4209 ἐναργέ-

514 4238 704 4276 στατον
733 4215 1031 4294 τεκμήριον.
1077 4211 1374 4291 μελλόντων
1397 4210 1498 4292 γὰρ
1526 4215 1628 4270 τῶν
1652 4211 1924 4285 Ἑλλήνων
1951 4216 2038 4274 καὶ

516 4308 619 4362 τῶν
649 4300 924 4383 βαρὸἄρων
958 4303 1031 4368 εἷς
1053 4309 1232 4381 χεῖρας
1255 4299 1413 4371 ἥξειν,
1438 4304 1644 4379 πρῶτον
1669 4299 1763 4376 μὲν
1796 4302 2040 4360 πλεῖστον

517 4390 636 4450 ὅσον
678 4388 941 4471 κονιορτὸν
959 4434 975 4463 ,
1018 4388 1287 4469 αἰρόμενον
1334 4386 1439 4445 ἀπὸ
1485 4386 1779 4456 Ἐλευσῖνος
1816 4390 1901 4447 ἐπὶ
1944 4390 2039 4461 τὴν

518 4476 825 4556 συμὸολὴν,
872 4475 1030 4535 παντὶ
1071 4478 1148 4554 τῷ
1183 4478 1390 4555 στρατῷ
1431 4474 1587 4544 δῆλον
1622 4473 1877 4553 γενέσθαι.
1928 4466 2040 4534 εἶτα

518 4568 700 4623 τοῦτον
740 4567 812 4630 εἷς
847 4562 1058 4644 οὐρανὸν
1087 4560 1292 4619 ἀνιέντα
1330 4559 1420 4618 καὶ
1447 4558 1597 4641 νέφος
1621 4560 1919 4637 γινόμενον,
1956 4563 2042 4622 διὰ

522 4649 684 4729 μέσου
706 4656 797 4709 τοῦ
828 4646 1180 4731 στρατοπέδου
1205 4651 1507 4727 χωροῦντα,
1535 4645 1622 4705 τὸν
1651 4645 1866 4725 Ἴακχον
1896 4651 2039 4726 βοᾶν.

522 4737 773 4816 μυστικὸς
810 4737 866 4795 δὲ
902 4740 931 4796 ὁ
957 4737 1107 4813 λόγος
1143 4739 1171 4795 ὃ
1194 4732 1314 4814 περὶ
1347 4732 1415 4792 τὰ
1447 4732 1718 4815 ἀπόρρητα
1757 4734 2039 4817 μυστήρια.

1693 242 2136 305 ΑΒΝΟΤΑΤΙΟ
2177 244 2260 305 ΙΝ
2301 243 2541 306 scuot.
2556 285 2571 301 .

2187 373 2321 446 303,
2349 395 2379 447 7
2403 371 2519 439 τοὺς
2546 392 2659 432 0111.
2686 381 2755 435 R.

2187 463 2299 528 304
2320 505 2336 533 ,
2379 481 2446 519 12
2475 460 2790 538 ἁγιωτάταις
2814 466 2881 520 V.
2900 506 2962 520 ..
2997 463 3065 519 13
3089 469 3198 529 τοῖς
3229 482 3347 522 0111.
3376 467 3447 523 Β.
3469 511 3534 523 .-
3555 468 3629 527 16

2106 569 2224 604 τινα
2247 567 2360 606 0111.
2386 553 2449 605 V.
2478 579 2557 594 —
2585 550 2652 606 16
2679 555 2786 626 pro
2815 546 3196 626 τελειουμένους
3219 555 3290 609 V.
3343 549 3630 618 ἔπιτίλους.

2109 633 2531 712 ἐπιτελουμένους
2553 635 2703 713 conj.
2733 637 3084 696 Dindorf.....
3122 657 3186 711 17
3218 636 3279 696 τὸ
3309 636 3542 718 βρέχειν,
3577 653 3635 697 et

2108 719 2328 801 ὄμὸρου,
2366 723 2437 780 18
2461 721 2664 802 βρέχειν
2687 721 2722 793 ἢ
2744 730 2989 804 γεωργεῖν
3021 727 3093 780 V.
3121 723 3259 801 (1100
3294 745 3416 783 11011
3445 726 3507 784 111
3538 725 3632 800 6.)

2108 856 2171 866 -
2199 830 2269 884 19
2295 807 2508 888 Ἴακχον
2538 830 2650 867 0111.
2676 815 2742 869 V.
2767 856 2831 869 ...
2849 831 2925 887 29
2948 831 3033 888 sq.
3057 811 3143 869 διὰ
3165 817 3257 871 τοῦ
3275 812 3637 893 στρατοπέδω

2110 893 2272 972 μέσου
2300 896 2658 978 παρίπτασθαι
2681 897 2769 956 τὸν
2794 895 3007 977 Ἴακχον
3035 902 3157 976 βοῦν
3178 904 3242 956 V.

2191 986 2302 1041 305
2321 1028 2337 1056 ,
2369 986 2442 1042 32
2473 988 2577 1043 τῶν
2610 984 2860 1065 οὐρανίων
2890 990 3018 1044 θεῶν
3045 991 3080 1058 ἡ
3112 993 3254 1065 Δημ.
3283 994 3357 1048 V.
3382 997 3496 1056 τοῖς
3527 990 3638 1068 οὐρ.

2109 1074 2177 1127 Β.
2202 1076 2272 1128 V.
2298 1070 2388 1128 καὶ
2414 1074 2461 1129 Θ.
2496 1077 2591 1144 Β.,
2619 1074 2720 1150 qui
2742 1071 3170 1154 ὑπερὸαλλόντως
3187 1094 3299 1134 om.
3331 1108 3414 1120 —
3445 1077 3514 1142 34
3539 1098 3640 1132 τινι

2111 1178 2224 1215 0111.
2257 1162 2322 1215 R.
2347 1202 2410 1215 -.
2439 1160 2512 1217 36
2532 1162 2728 1237 τιμῶσι
2763 1173 2894 1237 post
2920 1161 3120 1228 πάντας
3142 1175 3369 1239 ponunt
3386 1166 3461 1220 R.
3484 1167 3561 1220 V.

2195 1247 2326 1316 307,
2354 1249 2427 1314 43
2445 1245 2533 1305 καὶ
2557 1249 2826 1328 Θρησκεῖαι
2856 1246 2974 1329 περὶ
2997 1246 3115 1315 τοὺς
3128 1248 3269 1315 θεούς
3293 1254 3388 1321 Β.,
3413 1255 3639 1320 om.V.,

2111 1332 2209 1389 sed
2238 1332 2408 1390 habet
2431 1335 2672 1411 glossam
2694 1335 2962 1415 Θρησκεία.

2196 1421 2328 1490 308,
2358 1422 2541 1486 48-50
2577 1422 2648 1486 εἰς
2669 1418 2730 1478 τὸ
2757 1430 2973 1498 κοσμεῖν
3001 1420 3090 1479 καὶ
3116 1423 3323 1481 ἀναδεῖν
3343 1421 3465 1488 τοὺς
3481 1421 3642 1496 νέους,

2112 1507 2342 1586 πληροῦν
2363 1507 2419 1565 δὲ
2446 1505 2563 1576 τοὺς
2590 1506 2797 1585 βωμοὺς
2817 1509 3015 1587 ἱερείων
3045 1506 3134 1566 καὶ
3158 1512 3350 1567 θυσιῶν
3370 1512 3441 1567 V.

2109 1639 2116 1646 .
2197 1595 2329 1667 310,
2365 1597 2397 1653 3
2425 1592 2541 1659 τοὺς
2568 1593 2787 1661 ὁπόσους
2808 1593 2986 1653 θύουσι
3012 1599 3079 1652 R.

2198 1684 2263 1739 31
2286 1702 2305 1738 1
2331 1724 2348 1753 ,
2388 1683 2424 1738 6
2465 1684 2670 1762 Βρομία
2703 1727 2767 1740 ...
2802 1686 2973 1763 χορῶν
3000 1703 3112 1740 om.
3141 1688 3244 1753 V.‚
3287 1684 3389 1740 sed
3419 1683 3644 1743 scholio

2119 1772 2385 1848 proximo
2417 1769 2731 1848 subjungit,
2757 1769 2945 1836 ἄλλως.
2975 1774 3023 1828 οἱ
3059 1771 3392 1830 Διονυσιακαὶ
3426 1775 3643 1850 ἀγῶνες,

2117 1858 2171 1914 ἰν
2194 1848 2270 1922 οἷς
2292 1860 2347 1916 αἱ
2378 1859 2484 1914 τῶν
2507 1861 2679 1938 χορῶν
2703 1857 2874 1923 (adde
2900 1857 3162 1935 ἅμιλλαι).

2198 1947 2344 2015 312,
2383 1964 2421 2019 9
2445 1944 2571 2002 AJd.
2614 1943 2944 2024 προσηύλουν
2980 1942 3081 2025 γὰρ
3118 1952 3225 2011 τοῖς
3257 1954 3526 2027 τραγικοῖς
3555 1948 3645 2006 καὶ

2115 2039 2223 2097 τοῖς
2241 2039 2513 2108 κωμικοῖς,
2542 2032 2798 2102 ἱπηύλουν
2827 2028 2881 2089 δὲ
2906 2029 3314 2110 προηγουμένοις
3339 2041 3448 2099 τοῖς
3469 2034 3647 2091 κυκλί·

2118 2140 2190 2184 οις
2220 2126 2413 2198 χοροῖς.
2443 2116 2730 2177 εὐκελάδων
2763 2116 2818 2176 δὲ
2841 2121 2945 2175 τῶν
2972 2117 3262 2195 εὗμούσων.
3283 2166 3350 2177 -
3375 2140 3399 2177 1
3418 2142 3442 2178 1
3467 2120 3646 2178 κυκλί-

2118 2228 2205 2273 ους
2237 2207 2543 2264 Beutleius.
2586 2203 2862 2271 κυκλικοὺς
2893 2209 2966 2265 Β.
3001 2210 3070 2264 V.
3104 2206 3233 2264 Ald.
3268 2253 3333 2265 ...
3378 2210 3451 2265 13
3490 2207 3644 2286 ὕπόγ.

2119 2319 2174 2354 α.
2193 2319 2254 2354 π.
2285 2316 2399 2355 0111.
2431 2300 2524 2368 Β.,
2545 2297 2646 2374 qui
2680 2306 2746 2366 14
2777 2295 3021 2376 δράματα
3051 2299 3244 2355 αὐτῶν.

2202 2385 2335 2455 314,
2367 2385 2437 2441 18
2461 2381 2678 2450 εἴσθεσις
2702 2388 3076 2443 Hermannus.
3105 2383 3352 2450 Ἔκθεσις
3376 2384 3508 2443 Ald.

2202 2471 2336 2542 315,
2368 2471 2441 2529 25
2474 2469 2604 2553 φησὶ
2632 2491 2744 2529 0111.
2775 2477 2846 2529 G.
2871 2469 3059 2550 σεμνὸν
3085 2470 3185 2553 γὰρ
3208 2470 3269 2530 τὸ
3292 2477 3360 2530 R.
3382 2517 3447 2530 ..
3479 2475 3556 2530 28
3589 2472 3649 2530 τὸ

2122 2555 2176 2615 δὲ
2217 2556 2438 2639 ἠρωίναι
2486 2557 2570 2635 (id
2609 2570 2694 2616 est
2740 2561 2940 2637 ἡρῷναι
2978 2578 2993 2614 ι
3037 2578 3167 2616 nam
3213 2559 3392 2616 codex
3444 2583 3463 2616 ι
3505 2560 3649 2617 ubi-

2122 2663 2235 2723 que
2276 2644 2659 2724 adscriptum,
2701 2666 2819 2703 11011
2860 2645 3250 2723 subscriptum
3278 2647 3469 2704 habet.
3506 2650 3651 2727 ἠρῶ-

2122 2754 2207 2790 ναι
2242 2738 2353 2806 6.).
2384 2731 2594 2805 Ἀττική
2630 2735 2742 2792 ἐστι
2785 2732 3076 2814 συναίρεσις
3113 2736 3183 2798 ὡς
3223 2734 3384 2805 ἠίθεοι
3424 2738 3516 2812 (ὥς
3543 2735 3649 2806 fico.

2123 2839 2236 2877 0111.
2262 2820 2357 2899 G.)
2387 2824 2453 2879 V.
2479 2824 2618 2899 Reg.
2657 2821 2805 2879 2821
2852 2820 3010 2880 addit
3046 2818 3242 2897 ἠϊόνες,
3287 2820 3452 2893 ἠόνες.
3482 2869 3548 2882 ...
3577 2823 3652 2881 30

2124 2909 2293 2972 αὐτοῖς
2309 2951 2326 2979 ,
2352 2907 2574 2965 Atticis.

2206 2996 2340 3065 316,
2369 2996 2440 3052 32
2464 3001 2572 3069 τοῖς
2593 3000 2768 3073 σοφοῖς
2800 2997 2868 3053 V.

2203 3083 2340 3153 317,
2369 3080 2445 3137 50
2477 3079 2694 3138 excidit
2721 3081 2959 3139 sortasse
2976 3080 3068 3140 καὶ
3085 3077 3241 3162 πέρα.
3272 3084 3457 3140 Dum.
3480 3130 3546 3140 -
3585 3094 3650 3152 14

2125 3166 2505 3247 ἀγροικότερον.
2554 3168 2648 3227 510
2695 3168 2867 3225 etiam
2902 3168 3106 3228 Suidas
3139 3167 3325 3226 habet.
3369 3170 3485 3227 Sed
3513 3190 3655 3231 vcra

2124 3256 2294 3333 lectio
2320 3267 2406 3312 est
2435 3253 2735 3335 ἁδρότερον,
2763 3254 2922 3332 quod
2949 3254 3189 3312 verbum
3223 3257 3534 3333 proprium
3570 3271 3658 3316 est

2125 3345 2181 3401 111
2200 3344 2306 3399 hac
2325 3361 2385 3400 re
2405 3341 2746 3400 rhetoribus.
2773 3345 3205 3400 Rufinum-2
3218 3362 3240 3399 1
3263 3348 3480 3422 κροῦσιν
3493 3344 3656 3404 addi-

2124 3430 2209 3488 dit
2232 3429 2544 3488 Ernestius.
2564 3472 2627 3488 ..
2646 3428 2719 3485 23
2746 3430 3048 3506 legendum
3069 3441 3175 3501 est,
3191 3427 3261 3487 τὰ
3280 3429 3453 3510 σαθρὰ
3471 3433 3658 3511 κρουό-

2127 3538 2276 3593 μενα.
2316 3521 2461 3574 Nam
2486 3515 2722 3573 verbum
2746 3515 2947 3595 κρούειν
2978 3517 3164 3575 Graeci
3190 3517 3509 3593 scriptores
3543 3519 3655 3577 ad-

2126 3601 2325 3659 hibere
2347 3603 2533 3659 solent
2553 3601 2626 3660 de
2656 3602 2835 3674 vasis,
2866 3623 2994 3680 quae
3021 3602 3301 3680 pulsando
3332 3605 3656 3681 exploran-

2128 3704 2251 3761 tur,
2284 3709 2356 3746 an
2389 3693 2617 3745 solidum
2641 3704 2893 3763 crepent,
2927 3701 2991 3746 ut
3031 3709 3162 3747 cum
3205 3691 3400 3748 Persio
3433 3691 3657 3767 loquar.

2127 3778 2414 3835 Lucianus
2457 3776 2514 3833 in
2556 3777 2812 3834 Parasito
2840 3796 2890 3833 0.
2923 3787 2954 3843 4
2995 3798 3009 3832 :
3046 3775 3283 3855 καθάπερ
3327 3779 3384 3834 αἱ
3425 3780 3657 3857 πονηραὶ

2126 3864 2316 3944 χύτραι
2340 3862 2756 3944 διακρουόμεναι,
2787 3862 2861 3941 μὴ
2879 3863 3067 3944 σαθρὸν
3087 3863 3501 3942 ἀποφθέγγηται.
3528 3868 3658 3923 Plu·

2127 3953 2303 4011 tarch.
2329 3952 2527 4009 Moral.
2561 3971 2618 4027 p.
2645 3954 2717 4019 64
2735 3994 2751 4022 ,
2784 3956 2835 4008 D
2867 3973 2880 4007 t
2908 3949 2971 4008 ἂν
3000 3949 3406 4032 διαπειρώμενος
3429 3950 3658 4033 κρούσῃς

2126 4041 2228 4119 (sc.
2263 4038 2352 4096 τὸν
2385 4035 2628 4111 κόλακα),
2664 4037 2853 4117 σαθρὸν
2877 4041 3069 4116 ὑπηχεῖ
3094 4038 3184 4097 καὶ
3216 4038 3444 4115 ἀγεννές.
3470 4041 3656 4098 Sebo-

2127 4129 2317 4186 liastes
2348 4124 2420 4182 ad
2459 4130 2599 4183 Ran.
2624 4144 2681 4180 v.
2711 4125 2817 4201 78,
2857 4124 2961 4182 ἀπὸ
2989 4128 3094 4182 τῶν
3135 4125 3358 4202 ἀγγείων
3401 4127 3508 4182 τῶν
3560 4148 3658 4184 σι-

2127 4216 2263 4293 θρῶν
2281 4234 2295 4248 ·
2326 4210 2440 4268 ἐπεὶ
2469 4208 2605 4268 οὕτω
2627 4210 2965 4286 δοκιμάζουσι
2993 4208 3366 4291 διακρούοντες.
3392 4217 3580 4272 Κυετ.
3599 4259 3658 4271 ..-

2131 4301 2223 4357 25.
2246 4298 2500 4357 Eandem
2519 4304 2657 4354 artis
2679 4297 3064 4355 definitionem
3084 4299 3256 4357 tradit
3279 4301 3578 4358 Lucia-us
3599 4302 3656 4358 in

2127 4388 2386 4445 Parasito
2427 4405 2478 4442 0.
2500 4393 2562 4453 4:
2607 4383 2789 4462 Τέχνη
2824 4384 2934 4442 ἐστὶ
2970 4385 3216 4463 σύστημα
3243 4386 3656 4466 Ξγκαταλήψεων

2125 4474 2362 4553 (rectius
2388 4472 2717 4531 scholiastes
2742 4485 2964 4543 noster,
3001 4475 3061 4531 ἐκ
3095 4471 3470 4552 καταλήψεων)
3497 4475 3658 4552 ἐγγε-

2127 4557 2528 4638 γυμνασμένων,
2542 4556 2671 4640 πρός
2686 4581 2739 4616 τι
2763 4555 2911 4623 τέλος
2932 4557 3217 4640 εὔχρηστον
3235 4562 3340 4617 τῶν
3362 4560 3420 4615 ἐν
3437 4562 3520 4637 τῷ
3541 4559 3657 4639 βίᾳ

2131 4654 2200 4707 Et
2226 4648 2400 4726 paulo
2449 4659 2583 4724 post
2611 4668 2625 4702 ε
2661 4646 2738 4704 δεῖ
2757 4644 2927 4706 τοίνυν
2957 4582 3089 4705 aaut
3118 4646 3208 4706 καὶ
3229 4644 3448 4721 ταύτην,
3475 4644 3661 4713 ὥσπερ

2128 4733 2219 4793 καὶ
2242 4743 2418 4792 πᾶσαν
2436 4730 2647 4811 τέχνην,
2671 4731 2919 4809 σύστημα
2940 4734 3001 4791 έκ
3021 4731 3388 4813 καταλήψεων.
3418 4735 3658 4804 Quinti-

520 4825 639 4884 λίαν
676 4824 778 4907 γὰρ
825 4827 998 4890 αὐτοῖς
1034 4822 1094 4883 τὸ
1123 4822 1196 4899 μὴ
1226 4822 1626 4900 ἐξαγγέλλεσθαι
1655 4828 1818 4881 ταῦτα
1846 4826 2042 4883 έσπου·
2129 4823 2313 4880 liunus
2347 4821 2530 4878 Instit.
2565 4832 2709 4878 orat.
2742 4840 2796 4892 2,
2829 4842 2922 4894 17,
2944 4825 3135 4879 Aroem
3158 4821 3302 4878 dicit
3315 4835 3662 4878 com-tames

523 4912 721 4981 δάζετο.
778 4916 920 4985 Quae
975 4911 1327 4972 emendatius
1383 4911 1599 4989 scripta
1653 4910 2044 4991 adjunguntur
2117 4906 2556 4986 perceptionibus
2594 4907 3046 4965 consentientibus
3085 4922 3144 4965 et
3172 4915 3558 4965 coexercitatis
3585 4910 3668 4965 ad

523 5002 743 5060 scholio
768 5022 822 5060 v.
857 5003 998 5072 304,
1026 5012 1260 5058 auctore
1286 5003 1356 5057 V.

2111 4999 2296 5071 finem
2322 4998 2506 5051 utilem
2530 5000 2683 5052 vieoe.
2714 4995 2801 5053 Ad
2849 4994 3089 5054 verbum
3123 4995 3398 5054 nimirum
3443 4995 3660 5056 dictam
