3859 5725
1742 267 2068 338 Nummi,

336 448 398 508 τὸ
423 448 476 508 δὲ
509 448 653 533 παρὰ
683 409 961 533 μιμηερμΐ
991 481 1014 506 ει
1035 444 1080 513 ὦ
1117 457 1221 515 Ζεῦ
1248 457 1562 534 πολυτίμηθ’
1598 459 1669 524 ὡς
1699 457 1856 516 καλαὶ

335 537 438 617 νῷν
474 539 527 595 αἱ
568 546 759 616 γυναῖ»
790 542 836 599 εἰ
867 540 962 617 μὲν
992 540 1359 624 περισπάσεις,
1390 542 1632 616 ἀποκοπὴ
1673 546 1733 602 ἐκ
1765 549 1856 603 τοῦ

333 634 571 703 γυναῖκες
597 639 702 687 etc.
730 633 911 687 Dum.

418 716 530 782 543
550 759 567 788 ,
634 716 711 773 45
766 717 902 776 ἀλλὰ
946 717 1037 776 καὶ
1088 719 1293 800 ἐαυτῷ,
1326 730 1400 798 49
1475 723 1546 787 ὥς
1605 718 1741 797 μετὰ
1786 726 1855 780 V.

334 797 468 858 κατὰ
491 801 644 879 λόγον
667 810 737 861 G.
922 821 928 824 “

418 888 529 955 545
560 892 804 968 glossam
832 896 891 950 οὗ
928 890 1066 970 μέγα
1108 895 1279 974 φρονῶ
1308 893 1488 953 habet
1521 898 1591 952 R.
1624 939 1689 952 ...
1737 913 1769 951 2
1800 888 1854 949 δὲ

328 971 502 1034 λείπει
530 981 597 1033 V.
621 975 764 1054 λέγει
790 985 905 1038 bm.
928 984 995 1039 G.

415 1061 550 1136 546,
578 1065 611 1121 5
631 1063 740 1132 ἴσος
762 1070 825 1123 V.
848 1069 985 1144 (non
1012 1069 1104 1146 G.)
1129 1067 1218 1126 καὶ
1236 1070 1283 1126 οἰ
1308 1067 1456 1127 ἄλλοι
1474 1091 1614 1145 κωμ.
1645 1067 1774 1127 Ald.

415 1151 563 1226 549,
600 1174 659 1210 11
702 1152 804 1235 πρὸ
836 1152 891 1213 δὲ
926 1154 1110 1214 τούτου
1146 1158 1286 1214 ἐστιν
1316 1162 1387 1216 V.
1415 1147 1480 1228 ἦν
1512 1163 1580 1214 G.
1613 1155 1854 1213 verbum

331 1237 543 1295 omittit
570 1239 700 1297 And.
729 1274 793 1285 -
827 1262 892 1297 ι2
919 1240 1219 1323 Ἀνδροτίων
1248 1234 1393 1309 οὗτος
1422 1244 1485 1300 V.
1512 1277 1573 1290 --
1604 1249 1669 1309 14
1700 1241 1852 1299 conf.

332 1325 510 1382 schol.
548 1328 708 1384 Pacis
734 1331 825 1397 48.
852 1363 915 1375 -
950 1351 1012 1401 ¹7
1043 1329 1107 1400 ἢν
1140 1328 1617 1399 Κλέωνα-κλοπῆς
1643 1349 1756 1386 om.
1783 1333 1851 1385 V.

332 1459 394 1470 ..
426 1433 502 1469 2ο
542 1436 629 1492 sq.
676 1414 889 1498 ὕστερον
919 1418 1163 1500 Ἰσάρχου
1196 1426 1496 1479 KusteruS.
1531 1419 1856 1498 Legebatur

329 1498 559 1582 ὕστερον.
590 1501 834 1585 Ἴσαρχος
858 1505 915 1564 δέ
938 1530 1112 1588 φησιν.
1147 1509 1232 1567 lb.
1268 1508 1357 1589 ἀφ’
1389 1498 1450 1567 οὗ
1480 1508 1603 1566 ΑΙά.
1636 1513 1850 1565 Corre-

329 1601 484 1646 ctum
514 1611 583 1648 ex
608 1593 827 1652 scholio
855 1597 1172 1674 superiore.
1199 1631 1262 1641 —
1287 1599 1360 1654 25
1386 1595 1636 1676 δευτέρων
1665 1596 1853 1653 Elms-

330 1676 471 1735 leius
506 1679 565 1736 in
599 1682 802 1740 Dian-io
842 1684 1080 1743 classico
1114 1684 1249 1747 fasc,
1288 1707 1376 1757 11,
1406 1706 1462 1763 p.
1511 1689 1636 1742 136.
1670 1690 1849 1760 Lege-

327 1761 497 1823 batur
524 1764 631 1824 δύο.
663 1806 726 1817 -
764 1791 838 1847 29
865 1770 1098 1838 Ἱππέας.
1131 1774 1333 1832 Delevi
1356 1772 1512 1851 quod
1537 1771 1853 1829 addebatur

330 1848 492 1934 ἔτυψα
542 1856 595 1913 ἐν
655 1865 760 1924 τοῖς
794 1858 1077 1919 Ἱππεῦσιν.
1107 1867 1173 1919 In
1201 1863 1485 1939 principio
1512 1860 1715 1918 scholii
1743 1879 1852 1937 po-

327 1942 501 1999 nebat
519 1944 919 2008 Ruhnkenius.
939 1954 1117 2008 Dum.
1135 1950 1397 2008 Glossam
1414 1953 1466 2008 ἰν
1481 1956 1589 2015 τοῖς
1603 1950 1848 2006 ἱππεῦσιν

329 2028 498 2087 habet
526 2036 595 2089 R.

410 2119 554 2191 550,
608 2124 680 2178 32
730 2124 857 2180 κούκ
901 2121 1151 2202 ἐτόλμησ’
1197 2114 1340 2190 αῧτις
1383 2125 1586 2182 lemma
1630 2122 1851 2181 addidit

324 2206 721 2269 RuhnkeniuS.
744 2208 994 2291 ἀρκέσθαι
1011 2220 1081 2273 V.
1106 2212 1357 2294 ἠρκέσθαι
1376 2218 1447 2271 G.
1471 2254 1548 2266 —
1566 2214 1638 2270 33
1662 2209 1846 2292 πρώτῃ

324 2295 450 2353 Ald.

405 2384 518 2440 552
562 2384 859 2462 legebatur
897 2388 1034 2448 κατὰ
1071 2395 1162 2448 τοῦ
1198 2388 1355 2448 κόλου
1385 2386 1686 2462 τύπτουσιν,
1720 2407 1847 2465 quae

323 2470 501 2528 verba
524 2490 638 2530 om.
660 2477 746 2547 V.‚
773 2479 841 2536 R.
865 2490 1055 2536 autem
1082 2479 1229 2537 infra
1253 2478 1417 2556 ponit
1441 2488 1573 2554 post
1592 2473 1844 2555 δευτέρων

324 2559 571 2639 Νεφελῶν
612 2559 693 2616 sic
720 2563 955 2641 scripta,
985 2566 1126 2645 λέγει
1152 2564 1231 2623 ὅτι
1267 2564 1384 2623 ἀντὶ
1413 2569 1505 2622 τοῦ
1530 2562 1665 2622 κατὰ
1687 2562 1846 2621 κόλου

320 2653 592 2718 τύπτουσι.
627 2687 689 2699 —-
725 2655 795 2731 37
829 2656 944 2713 ἀντὶ
988 2659 1081 2713 τοῦ
1126 2656 1175 2712 οἱ
1214 2652 1363 2712 ἄλλοι
1394 2652 1641 2732 κωμῳδοὶ
1674 2674 1845 2710 κατα-

320 2746 605 2806 πάττουσιν
638 2753 703 2808 V.
736 2746 773 2819 ἢ
809 2748 1197 2803 καταπατοῧσιν
1222 2740 1346 2801 Ald.
1380 2776 1441 2788 -
1471 2745 1542 2799 38
1565 2762 1846 2799 καταπατ-

318 2831 513 2893 τόντων
543 2841 613 2895 V.
646 2834 675 2895 ὃ
714 2834 778 2906 δὴ
822 2831 1033 2911 λέγουσι
1075 2829 1337 2911 κοκέτρειν
1379 2829 1446 2907 (i.
1483 2849 1531 2887 e.
1570 2829 1845 2909 κολετρᾶν)

320 2926 477 2984 addit
502 2929 717 2985 Victor.
756 2928 804 2984 οἱ
832 2924 885 2982 δὲ
928 2922 1116 2996 τὸν.,
1155 2942 1282 2999 quae
1322 2920 1495 2978 verba
1536 2920 1593 2977 in
1633 2925 1699 2977 R.
1733 2919 1842 2995 legi

316 3034 436 3071 non
480 3028 737 3091 possunt.
767 3012 803 3084 ἢ
832 3012 894 3070 τὸ
925 3011 1052 3070 Λίἀ.
1086 3043 1148 3054 -
1180 3019 1253 3077 4ο
1282 3005 1527 3088 πρότερος
1556 3011 1839 3065 Herman-

315 3124 444 3162 nuS.
470 3103 630 3162 Libri
660 3105 883 3183 πρῶτος.
913 3102 1224 3179 Μακαρικᾶς
1254 3102 1318 3154 V.
1348 3096 1484 3175 (nou
1509 3097 1628 3172 (2),
1653 3107 1711 3152 et
1737 3096 1841 3152 τῶν

314 3196 353 3271 β
380 3198 445 3250 N.
465 3229 527 3242 —
548 3192 622 3250 50
645 3187 982 3269 εἰς-,ἐχθρὸν
1009 3185 1097 3246 τὸν
1122 3190 1170 3264 β.
1192 3185 1323 3244 Αὶά.
1342 3190 1486 3255 Quae
1512 3184 1702 3262 pergit
1728 3181 1839 3243 Εὔ-

314 3282 467 3346 πολις
489 3279 545 3338 δὲ
570 3281 624 3337 ἐν
648 3273 1216 3356 τοῖς-ἀδωρησάμην.
1242 3270 1422 3332 Κλέων
1449 3269 1841 3340 ἀποθνήσκει-

312 3367 473 3449 λάρον
501 3365 698 3449 δώρων.
733 3367 902 3446 (Haec
947 3358 1390 3442 Κλέων-δώρων
1419 3379 1493 3419 ex
1539 3360 1757 3417 scholio
1787 3379 1840 3419 v.

316 3462 476 3537 549.)
505 3459 594 3516 καὶ
621 3457 717 3529 τὴν
747 3451 985 3535 μητέρας
1018 3452 1115 3524 τὴν
1155 3448 1500 3533 Ὗπερὸόλου.
1528 3448 1624 3541 τῂν
1653 3448 1841 3507 δοκοῦ-

314 3572 415 3608 σαν
436 3550 489 3607 ἐν
513 3554 628 3612 ταῖς
653 3544 1015 3624 Ἀρτοπώλισι.
1041 3537 1211 3598 πολλὰ
1233 3538 1349 3598 κατ’
1369 3540 1525 3597 αὐτοῦ
1549 3541 1689 3596 εἶπεν
1713 3533 1837 3618 Ἔρ-

315 3659 530 3717 μιππος.
576 3632 899 3713 ἐκστρέψαςε
944 3625 1412 3689 πάντα-ἔλαθεν.
1440 3624 1506 3697 ἣν
1534 3622 1838 3705 Φρύνιχοςτ

314 3728 525 3812 φέρεται
559 3738 666 3783 etc.

399 3817 532 3887 554,
561 3822 592 3880 4
619 3801 1247 3889 εειᾶπαντα-μεθύσην
1268 3823 1380 3862 om.
1398 3808 1466 3862 R.
1482 3840 1541 3851 —
1557 3825 1586 3875 7
1610 3803 1837 3885 Ἀριστο-

309 3903 463 3988 φάνει
480 3909 780 3963 Kusterus.
804 3894 1176 3976 Ἀριστοφάνης
1197 3892 1324 3952 Ald.
1348 3929 1410 3940 —
1430 3892 1464 3948 8
1488 3892 1639 3949 cons.
1661 3893 1835 3952 schol.

308 3993 505 4070 Equit.
524 4013 545 4049 ι
558 4011 633 4066 29
647 4012 662 4045 ι
676 4032 690 4046 .
704 3985 973 4050 κάκείνους
990 3988 1364 4042 Heu-mannus,
1381 3982 1616 4046 κάκεῖνος
1636 3981 1760 4040 Ald.
1778 4022 1839 4034 .-

308 4105 352 4160 9
367 4079 678 4151 ξυνεποίησα
689 4076 866 4135 schol.
890 4074 1084 4149 Equit.
1107 4069 1479 4128 Scribebatur
1496 4068 1833 4141 συνεποίησα.

306 4168 479 4229 τούτω
516 4165 740 4224 addidit
773 4167 1137 4221 Hermannus
1177 4169 1235 4215 et
1261 4155 1656 4235 κάδωρησάμην
1691 4160 1837 4217 scri-

309 4227 463 4337 psit.⁸
486 4251 842 4334 ἀδωρησάμην
885 4248 1014 4309 Ald.
1055 4248 1148 4304 hic
1190 4258 1251 4304 et
1276 4247 1334 4302 in
1364 4245 1588 4303 scholio
1617 4265 1670 4306 v.
1704 4247 1836 4311 540.

397 4345 508 4402 556
528 4345 610 4403 sic
631 4340 781 4412 Alei„
796 4335 1008 4419 φέρεται
1024 4331 1339 4398 Ὑπεύθυνος
1353 4331 1642 4412 Φρυνίχου.
1653 4333 1837 4410 (Ejus-

307 4432 465 4491 modi
489 4430 680 4489 fabula
701 4424 1014 4501 Phrynichi
1033 4444 1150 4482 non
1174 4422 1411 4480 exstitit.
1432 4421 1561 4481 Vid.
1587 4423 1832 4485 Meinek.

307 4522 458 4581 Hist.
486 4524 647 4579 Com.
676 4537 735 4595 p.
765 4513 919 4590 152.)
953 4512 1156 4590 μήποτε
1184 4502 1271 4569 οὖν
1299 4510 1500 4582 ἐκείνην
1528 4509 1735 4591 φράζων
1765 4513 1835 4577 ὣς

302 4610 471 4689 γραῦν
515 4600 820 4680 ἐκκειμένην
855 4604 933 4681 τῷ
966 4597 1134 4670 κήτει.
1163 4597 1253 4656 καὶ
1281 4594 1407 4664 ἴσως
1439 4599 1492 4655 ἓν
1523 4594 1833 4677 Ὑπερόόλῳ

304 4695 375 4754 ἂν
414 4691 559 4771 λέγοι
593 4690 747 4756 αὐτὸς
778 4688 859 4748 ὅτι
893 4687 955 4747 τὸ
984 4691 1140 4758 κῆτος
1170 4685 1369 4758 ἤσθιεν.
1398 4683 1613 4750 Ἄλλως.
1655 4686 1833 4762 εἰσῆγε

308 4789 697 4863 (Hermannus
722 4783 896 4851 κήτει,
923 4775 1013 4835 καὶ
1040 4775 1167 4841 ἴσως
1194 4777 1247 4833 ἐν
1277 4771 1542 4854 ὓπερὸολῇ
1571 4771 1633 4830 ἂν
1657 4770 1832 4852 λέγοι,

302 4870 460 4937 αὐτὸς
493 4869 573 4929 ὅτι
598 4868 658 4928 τὸ
682 4875 854 4942 κῆτος.
883 4863 1124 4942 Ἤσθιεν]
1150 4863 1349 4940 εἰσῆγε)
1376 4867 1537 4941 γραῦν
1562 4857 1833 4943 Φρύνιχος

304 4958 411 5020 ἐπὸ
442 4958 630 5029 κήτους
667 4953 988 5031 ἑσθιομένην,
1023 4949 1158 5010 κατὰ
1199 4951 1421 5028 μίμησιν
1452 4946 1830 5030 Ἀνδρομέδας,

302 5044 394 5107 διὰ
431 5045 638 5125 γέλωτα
673 5048 777 5103 τῶν
819 5044 1033 5102 θεατῶν.
1064 5030 1130 5112 ἦν
1161 5037 1216 5098 δὲ
1252 5038 1343 5098 καὶ
1369 5035 1522 5104 αὐτὸς
1553 5035 1830 5117 κωμῳδίας

3355 291 3469 342 435

1894 431 1909 456 ι
1948 398 2185 470 ποιητής.
2210 438 2273 449 --
2310 422 2373 474 ¹7
2397 403 2528 474 αὐτῆ
2551 408 2620 461 R.
2648 404 3027 466 scribendum
3057 407 3237 482 αὐτὴν,
3266 423 3364 468 aut
3389 410 3470 469 ὅτι

1947 484 2131 561 αὐτὴν,
2160 502 2260 547 aut
2275 489 2337 549 τὸ
2358 489 2442 562 ἦν.
2473 498 2650 552 Dum.

2029 575 2161 648 557,
2184 598 2259 638 2ο
2282 577 2403 636 καθ’
2424 581 2581 638 αὑτοῦ
2605 585 2675 639 R.
2703 619 2765 632 —
2791 602 2856 638 21
2888 583 2989 663 γὰρ
3017 603 3131 641 om.
3157 587 3226 642 V.

2028 663 2161 740 559,
2189 673 2375 739 24-27
2394 665 2506 724 ἀντὶ
2529 672 2620 728 τοῦ
2643 670 2804 727 εἰπεῖν
2819 668 3004 738 λέξεων
3024 660 3165 731 εἶπεν
3189 671 3466 752 ἐγχέλεων.

1945 748 2299 825 ἐμνημόνευσε
2346 751 2445 835 γὰρ
2483 752 2739 834 ἐγχέλεων
2782 757 2836 813 ἐν
2878 754 3119 818 Ἱππεῦσι
3140 803 3157 831 ,
3195 758 3468 840 Sit-eppi—

1944 838 2232 896 πεπόνθασι
2251 845 2315 900 V.
2345 847 2408 900 R.
2436 842 2697 900 Glossam
2719 842 2833 902 ἀντὶ
2856 848 2948 901 τοῦ
2964 848 3070 902 τῶν
3088 843 3275 913 λέξεων
3299 847 3472 907 babet

1943 927 2078 982 R.-
2090 945 2165 1001 29
2184 927 2342 985 addit
2354 929 2571 988 Victor.
2585 930 2829 1005 glossam
2846 929 3126 1010 ἐγχέλεων,
3142 933 3317 1012 δρᾶμα
3332 934 3469 992 οὕτω

1943 1010 2284 1088 καλούμενον,
2311 1030 2366 1074 et
2398 1016 2659 1094 scholion
2690 1038 2805 1075 non
2836 1020 3023 1098 [ninus
3049 1020 3384 1090 absurdum,
3413 1024 3468 1080 ἐν

1943 1101 2020 1172 τῷ
2042 1103 2147 1158 τῶν
2169 1101 2466 1181 Ἐγχέλεων
2492 1103 2719 1185 δράματί
2745 1128 2905 1186 φησιν
2928 1109 2957 1165 ὁ
2977 1106 3364 1188 Ἀριστοφάνης,
3390 1107 3471 1168 ὅτι

1942 1188 1990 1243 οἱ
2021 1187 2325 1267 βουλόμενοι
2355 1194 2602 1269 θηρεῦσαι
2630 1189 2923 1272 (θηρεύσειν
2946 1201 3082 1272 Reg.
3114 1197 3224 1253 282
3239 1197 3289 1273 ι)
3311 1194 3472 1275 ἐγχέ-

1941 1274 2076 1348 λεις,
2103 1277 2148 1333 εἰ
2170 1275 2245 1353 μὴ
2268 1274 2530 1359 ταράξωσι
2562 1279 2735 1356 (neg.
2759 1279 3062 1361 ταράξαιεν)
3088 1282 3151 1341 τὸ
3171 1281 3340 1362 ὕδωρ,
3363 1286 3471 1342 λα-

1942 1360 2050 1421 6εῖν
2077 1364 2212 1441 (Ιιοο
2238 1385 2310 1422 ex
2335 1367 2519 1443 Regio
2547 1366 2767 1443 addidi)
2791 1367 2952 1435 αὐτὰς
2983 1373 3075 1429 οὐκ
3096 1370 3383 1450 ἰσχύουσιν.

2022 1451 2140 1508 560
2192 1452 2275 1509 sic
2317 1453 2380 1510 in
2408 1459 2500 1527 R.,
2523 1451 2664 1521 ὅστις
2681 1453 2892 1522 ἐκείνοις
2912 1455 3177 1538 τέρπεται,
3199 1465 3305 1524 τοῖς
3329 1461 3473 1536 ἐμοῖς
3566 1479 3584 1509 ¹

1942 1534 2017 1612 μὴ
2041 1538 2293 1618 προσίτω.

2024 1625 2156 1699 562,
2183 1628 2373 1694 34-36
2392 1626 2509 1685 ἀντὶ
2528 1632 2621 1686 τοῦ
2643 1628 2805 1687 εἰπεῖν
2831 1626 3100 1688 Ξλεύσεσθε
3117 1633 3271 1689 τοῦτο
3299 1630 3472 1708 (τοῦτο

1941 1731 2054 1768 om.
2075 1718 2145 1771 V.
2208 1712 2333 1794 παρ’
2363 1711 2609 1774 ὑπόνοιαν
2630 1713 2913 1793 ἒπήνεγκεν
2935 1713 3015 1773 ὅτι
3033 1716 3277 1798 φρόνιμοι
3300 1715 3471 1786 δόξετε

1939 1789 2071 1857 εἶναι
2094 1799 2141 1878 (ε
2162 1822 2248 1857 ναι
2266 1821 2378 1859 om.
2397 1804 2484 1880 V.)
2515 1808 2586 1862 R.
2602 1806 2668 1860 V.
2684 1850 2745 1861 -
2764 1804 2837 1860 36
2875 1794 3013 1862 εῧνοί
3044 1826 3137 1881 μοι
3165 1803 3472 1864 DobraeuS.

1939 1882 2148 1962 εὕνομοι
2173 1885 2304 1943 Ald.
2332 1923 2395 1935 -
2421 1888 2492 1960 37
2515 1890 2590 1969 τῷ
2614 1909 2654 1965 χ
2677 1893 3054 1960 Hermanno&

2022 1973 2134 2030 563
2152 2016 2170 2045 ,
2208 1982 2274 2042 41
2312 1971 2451 2053 ᾅδειν
2472 2016 2490 2044 ,
2520 1973 2608 2033 ἐπὶ
2636 1974 2698 2033 τὸ
2721 1973 2861 2054 ᾄδειν
2887 1978 2958 2042 εἰς
2991 1980 3374 2037 Hermanno&
3413 2015 3470 2027 --

1940 2061 2016 2127 48
2055 2059 2350 2140 χοριάμὸου
2388 2061 2597 2137 Regius
2639 2061 2788 2119 2821
2822 2075 2882 2121 et
2910 2067 3288 2123 Hermannus.
3316 2088 3471 2147 χορι-

1939 2146 2167 2225 αμόικοῦ
2203 2149 2338 2207 Ald.
2363 2183 2426 2196 —
2454 2156 2486 2215 4
2517 2147 2671 2215 θάλος
2697 2151 3031 2227 Hephaestio
3059 2172 3118 2229 p.
3159 2154 3252 2211 56.
3283 2154 3469 2219 θάλλος

1939 2234 2063 2294 ΑΙά.
2100 2270 2163 2283 -
2205 2255 2229 2294 1
2248 2257 2270 2293 1
2317 2232 2672 2313 συμπτύκτοις
2723 2238 3076 2315 Hephaestio.
3114 2237 3470 2316 συμπτύστοις

2016 2412 2166 2484 566,
2211 2430 2281 2482 27
2324 2415 2617 2485 ποιεῖσθαι,
2664 2413 2740 2469 28
2780 2410 2916 2488 μετὰ
2952 2418 3117 2473 ταῦτα
3154 2412 3214 2473 δὲ
3249 2414 3338 2474 τὸν
3365 2420 3467 2489 V.‚

1934 2500 2036 2577 qui
2063 2503 2138 2558 30
2165 2512 2298 2579 post
2322 2500 2496 2571 δηλῶν
2522 2501 2728 2577 pergit,
2748 2497 2963 2566 Ἄλλως.
2988 2498 3202 2569 εἰκότως
3229 2500 3375 2572 δὲ-ἑξ
3395 2495 3468 2562 ὧν

1933 2592 1990 2647 αἱ
2022 2587 2250 2669 νεφέλαι.
2274 2592 2419 2660 Quae
2438 2599 2572 2665 post
2590 2588 2856 2648 scholion
2889 2607 2945 2646 v.
2978 2588 3091 2662 572
3123 2591 3313 2668 posita
3336 2604 3469 2650 sunt

1930 2689 2172 2734 auctore
2196 2680 2268 2734 R.

2015 2764 2150 2837 570,
2175 2764 2242 2819 51
2273 2764 2343 2826 ὣς
2360 2766 2452 2819 τοῦ
2480 2759 2593 2839 βίου
2620 2760 2709 2819 καὶ
2732 2765 2827 2831 τῆς
2855 2762 2992 2832 ζωῆς
3013 2769 3146 2820 πᾶσι
3166 2771 3273 2829 τοῖς
3293 2763 3466 2845 ἐμψύ-

1932 2874 2044 2931 χοις
2069 2849 2402 2930 παρεκτικόν·
2433 2839 2471 2925 ᾖ
2495 2846 2690 2930 τροφέα
2717 2847 2961 2909 ἁπάντων
2987 2846 3153 2923 ζώων,
3179 2854 3351 2931 φυτῶν
3375 2852 3466 2911 καὶ

1935 2937 2210 3018 ζωοφύτων
2239 2943 2376 3014 Reg.
2404 2940 2579 2996 2821.

2014 3020 2083 3091 57
2101 3040 2149 3091 ι,
2176 3019 2210 3076 3
2233 3014 2523 3097 γεννάρχης
2544 3016 2669 3074 ΔΙιΙ.
2693 3052 2757 3067 -
2780 3024 2813 3086 4
2836 3013 2892 3073 δὲ
2922 3036 3038 3075 om.
3067 3020 3138 3075 R.
3169 3053 3227 3066 -
3258 3017 3291 3077 5
3318 3016 3371 3086 ἐξ
3389 3007 3462 3077 ὧν

2012 3194 2155 3259 580,
2189 3210 2255 3263 ι7
2282 3185 2530 3268 γινομένη
2552 3207 2667 3247 om.
2694 3194 2763 3248 R.
3254 3254 3281 3273 κ

2012 3280 2125 3337 582
2143 3322 2159 3351 ,
2200 3280 2273 3335 26
2312 3274 2371 3336 τὸ
2398 3273 2454 3333 δὲ
2480 3274 2773 3355 ψεκάζομεν
2800 3274 2914 3333 ἀντὶ
2939 3280 3032 3332 τοῦ
3061 3274 3364 3356 συννέφειαν
3393 3284 3461 3338 V.

1927 3405 1992 3416 —
2028 3389 2099 3441 27
2149 3363 2539 3446 ἐχαλεπήνομεν
2590 3369 2659 3421 R.
2690 3359 3090 3441 ἐχαλεπῆναμεν
3136 3364 3267 3423 Ald.
3304 3367 3464 3426 ἐστυ-

1928 3455 2196 3532 γμάζομεν
2221 3452 2348 3531 [sic]
2376 3456 2446 3509 V.
2472 3454 2609 3529 (non
2635 3455 2731 3520 G.)
2761 3447 3155 3527 ἐστυγνάσαμεν
3184 3451 3312 3510 Ald.

2012 3543 2156 3615 583,
2202 3544 2275 3600 30
2302 3538 2448 3620 παρὰ
2475 3541 2552 3619 τῷ
2576 3540 2632 3597 ὲν
2670 3535 3000 3616 Σοφοκλέους
3028 3537 3323 3618 (Σοφοκλεῖ
3355 3544 3464 3620 G.)

1927 3628 2149 3710 Τεύκρῳ
2173 3635 2241 3687 V.
2275 3625 2344 3687 τὰ
2383 3629 2447 3684 ἐκ
2474 3623 2721 3705 Τεύκρων
2755 3624 3081 3705 Σοφοκλέους
3107 3627 3238 3684 Ald.
3283 3666 3342 3677 -
3387 3632 3461 3688 32

1927 3720 2147 3797 ούρανοῦ
2173 3714 2513 3794 ἀπήστραψε,
2544 3717 2627 3792 βρ.
2660 3718 2732 3769 V.

2008 3806 2118 3873 584
2138 3848 2155 3877 ,
2184 3806 2258 3861 36
2285 3803 2634 3883 βοηδρομιῶνι
2656 3806 2890 3859 Kuster.
2918 3800 3221 3882 βοηδρομίῳ
3247 3802 3371 3862 Ald.
3395 3808 3461 3860 ln

1926 3897 1997 3951 V.
2022 3894 2132 3951 hoc
2155 3891 2419 3950 scholion
2456 3891 2605 3949 infra
2644 3889 2898 3966 positum
2930 3902 3015 3945 est
3059 3901 3193 3965 post
3225 3910 3462 3969 χειροτο-

1924 3980 2177 4058 νουμένου
2202 3982 2283 4038 sic
2307 3980 2585 4056 seriptum
2601 4021 2618 4050 ,
2645 3974 2875 4057 ἔκλειψις
2899 3974 2954 4035 δὲ
2983 3975 3072 4034 καὶ
3098 3975 3320 4048 σελήνης
3344 3977 3460 4054 ἐγέ-

1924 4091 2042 4129 νετο
2064 4072 2142 4149 τῷ
2172 4072 2204 4147 β
2232 4067 2336 4127 ἔτει
2352 4067 2443 4125 ἐπὶ
2472 4062 2864 4147 Στρατοκλέους
2887 4063 3293 4144 βοηδρομιῶνος.

2008 4158 2118 4216 585
2148 4155 2253 4215 ἀπὸ
2283 4159 2388 4215 τῶν
2413 4153 2620 4234 λύχνων
2646 4157 2681 4225 ἡ
2703 4151 3265 4234 μεταφορὰ-φαείνω.
3287 4151 3458 4221 ἄλλως

1923 4240 2677 4323 τουτέστι-χειροτονουμένου
2703 4246 2770 4297 V.
2807 4239 2903 4311 τὴν
2943 4240 3128 4298 ἀκτῖνα
3167 4241 3239 4305 εἰς
3270 4241 3455 4301 ἑαυτὸν

1923 4331 2210 4398 συστείλας.
2236 4329 2340 4390 ἀπὸ
2366 4335 2458 4389 τοῦ
2479 4328 2674 4408 λύχνου
2701 4326 2758 4388 δὲ
2780 4333 2814 4399 ἡ
2838 4325 3126 4406 μεταφοραί.
3150 4328 3250 4406 οὐχ
3269 4329 3341 4395 ὣς
3361 4335 3455 4389 τοῦ
3487 4346 3492 4351 “

1921 4420 2072 4493 ἡλίου
2101 4419 2463 4501 ὲκλείψαντος,
2496 4416 2614 4476 ἀλλ’
2638 4419 2708 4482 ὡς
2736 4416 3069 4481 ἀπειλοῦντος
3088 4413 3346 4495 ἐκλείψειν
3364 4460 3381 4491 ,
3408 4421 3454 4476 εἰ

1921 4507 2275 4590 στρατηγήσει
2299 4504 2503 4565 Κλέων.
2534 4495 2640 4563 οἷον
2687 4503 2814 4581 παρ’
2854 4499 3080 4582 Ὁμήρῳ
3094 4546 3110 4573 ,
3152 4501 3454 4580 δύσομαι-

1921 4596 2132 4678 φαείνω.
2162 4594 2313 4667 ἡλίου
2363 4592 2421 4653 δὲ
2465 4591 2670 4671 ἐγένετο
2715 4589 2851 4649 κατά
2880 4611 2998 4648 τινα
3033 4587 3199 4667 τύχην
3228 4588 3454 4672 ἔκλειψις

1922 4680 2166 4749 Κλέωνος
2208 4679 2665 4764 χειροτονουμένου
2709 4681 2838 4739 Ald.
2891 4678 3203 4736 Emendavi
3248 4699 3318 4737 ex
3356 4685 3448 4750 V..

1921 4775 2023 4851 qui
2060 4786 2368 4849 utrumque
2408 4770 2664 4829 scholion
2702 4767 2905 4839 habet,
2942 4778 3000 4823 et
3033 4786 3104 4824 ex
3139 4771 3226 4839 R.,
3260 4768 3450 4843 quiin

1920 4862 2102 4919 altero
2150 4860 2324 4917 verba
2369 4857 2474 4917 ἀπὸ
2497 4861 2601 4915 τῶν
2640 4853 3079 4933 λύχνων-τοῦτο
3115 4851 3173 4912 δὲ
3215 4856 3446 4914 omittit.

1919 4955 2098 5009 Dum.
2122 4986 2184 4997 —
2213 4957 2244 5016 4
2260 4969 2278 5004 ι
2311 4944 2629 5028 στρατηγοίη
2645 4951 2715 5004 V.
2744 4963 2862 5001 non
2886 4946 2954 5001 G.

2003 5037 2137 5109 587,
2174 5045 2247 5106 44
2285 5033 2401 5106 Τὴν
2443 5035 2538 5093 οὐκ
2578 5035 2741 5113 ὀρθῶς
2776 5028 2967 5110 βουλὴν
3003 5051 3116 5091 om.
3154 5036 3227 5090 V.
3264 5068 3327 5081 -
3368 5032 3443 5099 45

3242 5137 3321 5185 28.
