3859 5725
1488 256 1528 320 S
1543 253 1870 318 cn0L1A
1919 251 2012 313 IN
2063 252 2299 315 ΒΑΝΑ
2312 254 2371 316 8.

328 407 478 475 σθαι,
499 400 588 461 τὸν
617 398 673 460 δὲ
703 397 790 459 διὰ
819 397 1116 470 θαλάσσης,
1146 400 1326 456 τοῦτον
1351 397 1593 474 ἡγεῖσθαι
1619 388 1798 469 πόρον.
1831 384 1884 462 (ἢ

330 499 423 562 καὶ
445 496 608 564 οὕτως
622 512 637 529 ·
673 494 764 555 ἕνα
786 490 880 571 μὲν
898 489 1056 571 πόρον
1080 488 1320 567 ἡγεῖσθαι
1347 481 1664 565 χρημάτων,
1686 477 1747 538 τὸ
1765 480 1888 544 ναῦς

329 592 403 657 ὣς
429 585 678 651 πλείστας
696 580 862 662 ἔχειν·
885 577 973 638 τὸν
1001 574 1057 634 δὲ
1090 575 1246 634 ἄλλον
1274 570 1451 652 πόρον,
1481 569 1535 636 ὃς
1559 567 1621 626 ἂν
1658 565 1756 635 ἔξω
1795 568 1890 635 τῆς

329 680 429 758 γῆς
449 665 513 747 ἦ,
536 678 719 733 τοῦτον
738 665 962 749 ἀπορίαν
991 662 1241 741 νομίζειν*
1262 650 1368 719 οἷον
1390 657 1457 717 τὰ
1484 652 1734 737 θεωρικὰ,
1762 650 1798 723 ἢ
1815 652 1890 710 δι-

276 785 307 824 5
331 742 588 834 καστικὰ,
627 757 663 831 ἢ
705 751 1139 827 ἐκκλησιαστικά.
1186 745 1530 826 συμὸουλεύει
1580 734 1670 802 οὗν
1711 749 1889 801 πᾶσαν

331 850 430 923 τὴν
449 853 503 910 ἐν
528 848 726 916 τούτοις
746 842 1024 925 γινομένην
1055 839 1293 912 δαπάνην
1333 844 1448 903 ταῖς
1480 831 1663 893 ναυσὶν
1701 826 1891 912 ἀφορί-

332 963 444 1000 σαι.
468 937 599 1020 πρὸς
630 933 828 1007 ταύτην
854 931 910 992 δὲ
940 932 1037 1002 τὴν
1077 929 1273 1008 ἔννοιαν
1311 924 1403 985 καὶ
1429 922 1489 982 τὸ
1517 917 1891 1002 ἐπιφερόμενον

332 1026 634 1088 ἀκόλουθον.
656 1021 786 1107 φησὶ
811 1021 913 1103 γὰρ
949 1024 978 1079 6
1004 1017 1275 1089 Διόνυσος,
1303 1043 1326 1069 e«
1347 1013 1487 1085 πλήν
1520 1012 1570 1090 γ’
1595 1013 1624 1068 6
1645 1004 1895 1079 δικαστὴς

335 1116 474 1176 αὔτα
501 1113 779 1174 καταπίνει
808 1110 988 1191 μόνος,
1017 1136 1043 1162 n
1067 1110 1138 1175 ὥς
1163 1107 1371 1164 πολλῶν
1394 1101 1555 1162 ὄντων
1583 1103 1688 1157 τῶν
1719 1098 1894 1155 δαπα-

252 1216 309 1256 10
335 1202 582 1282 νωμένων
599 1204 670 1270 εἰς
695 1201 783 1260 τὸν
808 1196 1106 1258 δικαστικὸν
1125 1192 1349 1274 μισθόν.)
1371 1195 1522 1250 τοῦτο
1539 1185 1596 1248 δὲ
1619 1187 1744 1269 παρ’
1767 1183 1893 1244 ὑπό·

334 1312 480 1350 νοιαν
503 1281 633 1349 εἶπε.
663 1289 884 1370 [νοεῖται
912 1284 1007 1364 μὲν
1047 1281 1152 1364 γὰρ
1172 1279 1312 1342 κατὰ
1352 1279 1413 1339 τὸ
1449 1275 1777 1361 φαινόμενον,
1814 1272 1895 1332 ὅτι

329 1377 443 1458 ἐγὼ
466 1377 619 1456 μόνος
645 1381 674 1436 6
701 1374 925 1446 δικάζων
949 1377 1073 1452 ὑμῖν
1114 1368 1253 1430 κατὰ
1286 1373 1405 1429 νοῦν
1438 1370 1607 1426 ταῦτα
1632 1359 1896 1441 λαμὸάνω

335 1468 430 1526 καὶ
458 1465 814 1545 ἀποδέχομαι·
842 1468 909 1542 τῇ
938 1463 993 1521 δὲ
1023 1458 1241 1541 ἀληθείᾳ
1262 1454 1583 1537 κατηγορίαν
1611 1450 1895 1524 Ἀθηναίων

339 1554 608 1635 ἐμφαίνει,
633 1557 702 1620 ὡς
722 1547 1168 1632 δικορραφούντων
1191 1546 1282 1605 καὶ
1311 1543 1524 1624 μισθοὺς
1539 1538 1763 1606 πολλοὺς
1777 1538 1897 1618 περὶ

255 1657 311 1697 15
338 1642 433 1711 τὰς
463 1643 609 1709 δίκας
648 1641 910 1700 διδόντων.
933 1641 994 1697 τὸ
1022 1637 1076 1697 δὲ
1099 1635 1287 1716 κρίνοις
1316 1634 1379 1692 ἄν
1403 1630 1536 1698 τινὲς
1584 1631 1672 1688 τὸν
1713 1627 1895 1690 Πλού-

336 1755 480 1793 τωνα
518 1729 688 1811 λέγειν
726 1728 973 1799 ἀξιοῦσιν.
1070 1727 1221 1806 αἱροῦ
1247 1721 1304 1782 δὲ
1323 1719 1443 1789 τοὺς
1471 1719 1649 1803 φίλους
1667 1715 1783 1776 ἀντὶ
1806 1720 1899 1775 τοῦ

341 1818 436 1900 ἐμὲ
451 1817 635 1899 λάὸε]

422 1929 542 1969 1409.
585 1907 671 1974 οὓς
697 1904 910 1984 ὤμοσας
942 1922 956 1965 :
986 1901 1127 1983 Πρὶν
1156 1902 1444 1960 κατελθεῖν.
1475 1917 1527 1965 c.

421 2014 541 2057 1470.
583 1993 702 2062 τοὺς
728 1991 908 2075 φίλους
940 2011 957 2051 :
991 1988 1144 2068 Ἐμέ.
1174 2001 1267 2049 Br.

254 2094 317 2136 20
425 2104 548 2145 1471.
591 2087 626 2155 ἡ
650 2080 839 2163 γλῶττ’
867 2076 1117 2157 ὀμώμοκε
1149 2098 1164 2138 :
1198 2073 1363 2157 Παρὰ
1398 2071 1467 2133 τὰ
1500 2070 1554 2142 ἐξ
1585 2066 1904 2132 Ἱππολύτου

340 2174 465 2254 [ου]

526 2305 1523 2376 ἡγλῶτθόμώμοκῧήδὲφρὴνᾰνῶμοτος.

3411 265 3478 318 31
3491 265 3524 317 3

1969 384 2285 468 Σωκράτους
2307 384 2436 468 φησὶ
2458 385 2724 466 λέγεσθαι,
2748 388 2852 446 τῶν
2880 385 3003 467 περὶ
3032 389 3226 458 σκηνὰς
3266 387 3529 469 φλυάρων,

1967 477 2040 541 ὡς
2067 473 2393 553 Εὐριπίδης.)
2563 477 2766 542 Αλλως.
2784 473 2872 533 τὸν
2904 473 3165 555 Σωκράτη
3186 477 3406 534 ἐνταῦθα
3429 500 3531 535 κα-

1968 564 2198 644 τηγορεῖ.
2225 566 2324 633 ζῶν
2345 561 2447 646 γὰρ
2468 585 2496 623 ο
2631 568 2701 630 ὡς
2725 561 3011 641 πολυλόγος
3050 568 3391 644 κατηγορεῖτο
3407 611 3422 637 ,
3452 563 3533 623 ὅτι

1969 650 2191 718 πολλοὺς
2207 650 2389 730 λόγους
2413 655 2466 710 ἓν
2479 659 2585 720 τοῖς
2604 650 2959 732 ἐργαστηρίοις
2985 651 3075 710 καὶ
3099 651 3379 731 τραπέζαις
3401 650 3533 720 διεξ-

1970 738 2165 821 ήρχετο
2198 739 2319 820 περὶ
2353 738 2675 823 φιλοσοφίας.
2711 739 2854 818 λέγει
2876 731 2964 798 οῧν
2989 739 3069 798 ὅτι
3100 738 3260 798 καλόν
3283 742 3422 812 ἐστι,
3454 738 3529 818 μὴ
3560 753 3589 793 5

1975 833 2090 906 μετ’
2119 829 2276 888 αὐτοῦ
2295 852 2412 888 τινα
2438 827 2654 908 διάγειν,
2675 827 2870 910 ἀφέντα
2893 826 3011 896 τοὺς
3035 827 3255 900 ποιητὰς
3276 826 3537 895 τοιούτους

1973 915 2124 984 ὄντας
2154 921 2223 985 ὣς
2250 917 2342 976 καὶ
2376 915 2512 995 μετὰ
2540 915 2761 976 θάνατον
2797 917 3043 977 ἀναὸιοῦν
3077 907 3220 985 αὖθις
3266 916 3533 976 δύνασθαι·

1974 996 2034 1063 οἶ
2055 1010 2144 1064 νῦν
2169 1004 2433 1086 Αἰσχύλος
2455 1003 2653 1086 ἔτυχε]

2056 1113 2175 1154 um.
2210 1094 2302 1152 καὶ
2333 1087 2700 1176 ὁκαριφισμοῖς
2740 1113 2757 1154 2
2803 1091 3271 1172 (Συνεστυμμένοις
3294 1090 3386 1151 καὶ
3408 1115 3539 1151 στυ-

1974 1184 2128 1258 γνοῖς.
2153 1180 2384 1262 παρόσον
2404 1182 2498 1240 οὐκ
2517 1181 2760 1250 ἀνειδέοις
2776 1183 2824 1241 οἱ
2838 1180 3106 1264 φιλόσοφοι
3126 1178 3466 1259 διαλέγονται.
3480 1179 3535 1257 ἢ)
3571 1193 3621 1234 10

1978 1259 2082 1327 οἷον
2105 1276 2414 1349 σκαρισμοῖς
2435 1268 2526 1327 καὶ
2551 1266 2914 1348 λεπτολογίαις
2929 1313 2945 1342 ,
2960 1270 3265 1342 εὖτελείαις,
3294 1292 3543 1351 σκιαγρα-

1978 1355 2133 1438 φίαις.
2157 1354 2488 1438 σκαριφεύειν
2509 1354 2612 1439 γὰρ
2635 1356 2696 1416 τὸ
2727 1356 2847 1424 τοὺς
2877 1356 3176 1439 ζωγράφους
3199 1359 3543 1416 ὑποτυπῶσαι

1983 1447 2206 1526 (πρῶτον
2249 1444 2368 1512 τοὺς
2396 1444 2793 1525 γραφομένους).
2831 1445 2953 1527 [καὶ
2991 1444 3416 1527 σκαριφήσασθαι
3457 1445 3544 1504 ἐπὶ

1979 1537 2070 1591 τοῦ
2098 1530 2515 1614 ἐπισεσυρμένως
2547 1556 2599 1591 τι
2621 1534 2809 1608 ποιεῖν,
2831 1532 2920 1593 καὶ
2949 1530 3026 1612 μὴ
3054 1532 3192 1592 κατὰ
3219 1533 3314 1605 τὴν
3343 1531 3546 1615 προσή-

1980 1642 2175 1679 κουσαν
2201 1618 2470 1702 ἀκρίὸειαν
2500 1628 2860 1704 σκιαγραφεῖν.
2883 1620 3061 1690 εἰσὶδὲ
3086 1621 3178 1682 καὶ
3197 1625 3245 1682 οἱ
3272 1622 3543 1704 φιλόσοφοι
3575 1639 3626 1678 15

1980 1706 2126 1784 λόγοι
2151 1706 2331 1790 ὥσπερ
2355 1708 2501 1768 σκιαὶ
2524 1707 2617 1768 καὶ
2632 1709 2919 1789 αἰνίγματα
2946 1707 3034 1769 διὰ
3048 1708 3110 1769 τὸ
3126 1710 3348 1792 ἀερῶδες
3372 1711 3543 1770 αὐτῶν

1981 1795 2074 1855 καὶ
2106 1794 2355 1876 λεπτόν]
2376 1795 2517 1874 (ἴσως
2544 1795 2601 1856 δὲ
2627 1799 2856 1857 ἐντεῦθεν
2885 1796 2979 1857 καὶ
3008 1796 3068 1857 τὸ
3106 1799 3160 1857 ἐν
3203 1803 3271 1879 τῇ
3301 1797 3546 1879 συνηθείᾳ

1985 1882 2232 1965 σκάριφος
2246 1885 2284 1962 ,)
2307 1883 2496 1965 [ἤγουν
2523 1885 2583 1944 τὸ
2602 1884 2828 1967 κάρφος,
2857 1885 2949 1945 καὶ
2967 1885 3244 1968 φρύγανον·
3268 1888 3467 1965 μᾶλλον
3492 1883 3549 1945 δὲ

1983 1973 2018 2042 ἡ
2046 1970 2284 2052 γραφίς].
2316 2008 2397 2018 —
2429 1982 2840 2055 σκαρηφισμοῖσι
2872 1995 2888 2034 :
2922 1976 3127 2042 Σκιαῒς.
3164 1986 3217 2035 0.

2069 2079 2187 2120 1499.
2230 2068 2682 2144 παραφρονοῦντος
2714 2060 2894 2144 ἀνδρός
2930 2082 2946 2124 2
2975 2061 3161 2124 Δείπει
3186 2061 3248 2122 τὸ
3276 2062 3434 2138 ἐστίν,
3463 2063 3550 2142 (ὡς
3576 2093 3631 2134 20

1987 2149 2078 2208 καὶ
2103 2148 2165 2208 τὸ
2188 2147 2480 2231 Ὁμηρικὸν
2513 2156 2629 2223 [od.
2655 2162 2725 2226 Δ,
2753 2157 2855 2222 934]
2956 2145 2963 2154 ’
3348 2181 3353 2186 ·

2173 2277 2215 2340 εἷ
2236 2291 2277 2340 δ’
2299 2290 2390 2350 ἤδη
2415 2291 2618 2353 τεθνᾶσι,
2636 2292 2718 2341 καὶ
2740 2293 2807 2342 εῖν
2829 2290 2966 2342 ἀΐδαο
2974 2289 3179 2357 δόμοισι.

427 2456 547 2499 1475.
588 2435 643 2496 τί
664 2436 711 2496 δ’
735 2432 953 2515 αἰσχρὸν
971 2430 1036 2506 ἢν
1065 2430 1142 2511 μὴ
1174 2452 1191 2494 :
1218 2429 1381 2513 Παρὰ
1405 2428 1475 2489 τὰ
1501 2425 1555 2497 ἐξ
1584 2424 1776 2489 Αἰόλου
1792 2428 1905 2487 Εὗ-
1987 2412 2159 2473 λείπεῑ
2180 2412 2284 2495 γὰρ
2307 2416 2574 2474 κάνταῦθα
2597 2414 2658 2475 τὸ
2683 2415 2848 2493 ἐστί.)

349 2525 553 2608 ριπίδου

561 2666 608 2717 τί
626 2666 667 2717 δ’
689 2664 903 2731 αῑσχρὸν,
922 2664 979 2725 ἢν
995 2664 1060 2728 μὴ
1080 2665 1204 2712 τοῖσι
1222 2660 1476 2727 χρωμένοις
1496 2659 1632 2723 &mm

432 2812 553 2854 1⁴70.
593 2790 655 2849 τὸ
677 2790 822 2849 πνεῖν
844 2787 898 2847 δὲ
918 2788 1142 2847 δειπνεῖν
1176 2806 1191 2847 :
1225 2782 1475 2868 Παρᾶζτὸι
1504 2785 1565 2843 ἐκ
1588 2779 1789 2864 Φρίξου
1809 2781 1911 2841 Εὖ-

352 2881 576 2965 ριπίδου.
604 2878 665 2939 τὸ
703 2877 759 2937 δὲ
794 2875 982 2936 κώδιον
1026 2873 1368 2958 προσέθηκεν,
1411 2871 1592 2944 ἐπειδὴ
1640 2868 1911 2931 καθεύδειν

350 2970 474 3052 ἔφη.
598 2962 845 3050 [Ἄλλως.
870 2969 1025 3025 τοῦτο
1053 2968 1114 3026 ἐκ
1145 2961 1407 3024 Πολυΐδου
1433 2959 1698 3044 δράματος

535 3113 606 3169 τίς
628 3111 769 3172 οἶδεν,
785 3112 827 3161 εἰ
845 3110 901 3160 τὸ
918 3113 998 3169 ζῆν
1022 3108 1105 3172 μέν
1127 3107 1226 3156 ἐστι
1245 3106 1507 3163 κατθανεῖν,

265 3203 327 3242 ao
538 3184 594 3233 τὸ
617 3183 858 3232 κατθανεῖν
880 3181 931 3230 ει
949 3185 1048 3242 ζῆν,
1065 3181 1240 3228 <arvom
1257 3177 1309 3226 ει
1328 3176 1384 3225 τὸ
1401 3175 1662 3224 κατθανεῖν.

352 3305 728 3391 Ἀριστοφάνης
749 3302 805 3364 δέ
833 3325 962 3386 φησι

537 3450 593 3499 τὸ
611 3452 738 3498 πνεῖν
765 3447 817 3497 δὶ
830 3446 1027 3496 δειπνεῖν
1045 3444 1126 3494 καὶ
1149 3443 1204 3492 τὸ
1223 3441 1460 3492 καθεύδειν
1479 3438 1667 3490 κώδιον.

362 3570 611 3645 πεποίηκε
653 3570 708 3630 δὲ
748 3574 929 3642 τοῦτο,
969 3565 1148 3638 ἐπειδὴ
1186 3570 1215 3625 6
1260 3563 1509 3630 Διόνυσος
1555 3562 1701 3622 οὐδὲν
1744 3565 1917 3640 ἕτερον

354 3660 541 3740 ἠγάπα
570 3659 605 3732 ἢ
636 3661 859 3719 δειπνεῖν
884 3656 976 3716 καὶ
1000 3653 1266 3716 καθεύδειν
1299 3657 1352 3713 ἐν
1386 3652 1646 3731 μαλακοῖς
1669 3651 1916 3734 στρώμα-

269 3785 327 3825 35
356 3774 458 3823 σιν,
478 3740 563 3810 οἶά
591 3753 730 3809 ἔστιν
756 3746 823 3807 τὰ
852 3748 913 3806 ἐκ
938 3744 1194 3825 κωδίων]

441 3858 562 3899 1481.
605 3840 681 3918 τῷ
722 3839 994 3894 ἑστιᾶσαι·
1040 3837 1109 3900 ὣς
1156 3830 1445 3913 ἀδηφάγος.
1499 3831 1748 3914 τρυφερὸς
1789 3831 1913 3913 γάρ.

357 3937 486 3985 ven.

443 4032 569 4074 140³.
614 4007 904 4092 [μακάριον
934 4027 949 4069 :
983 4008 1218 4088 Κορωνὶς
1237 4007 1327 4067 καὶ
1351 4005 1569 4077 εἴσθεσις
1587 4013 1748 4089 χοροῦ
1771 4010 1914 4089 ἐπῳ-

357 4099 477 4174 δικὴ
498 4146 515 4175 ,
553 4098 640 4158 διὰ
666 4096 727 4157 τὸ
769 4095 905 4175 μετὰ
930 4094 1027 4168 τὴν
1068 4093 1324 4177 κορωνίδα
1363 4100 1599 4168 κεῖσθαι,
1641 4097 1702 4155 ἐκ
1733 4095 1917 4154 κώλων

274 4225 333 4267 ⁴0
358 4190 657 4274 τροχαῖκῶν
697 4181 1124 4263 ἐπιμεμιγμένων
1177 4182 1399 4264 χορείοις
1434 4183 1525 4242 καὶ
1583 4181 1794 4261 ἶάμὸοις
1827 4183 1920 4242 καὶ

360 4276 704 4344 ἀναπαίστοις
727 4273 981 4356 διμίτρων
1005 4270 1378 4331 ὀκτωκαίδεκα·
1413 4263 1486 4330 ὧν
1513 4271 1582 4330 τὰ
1606 4273 1701 4350 μὲν
1731 4273 1811 4345 α’,
1840 4273 1918 4351 β’,

358 4368 431 4446 γ’,
455 4367 529 4441 η’,
560 4366 613 4439 ι’,
649 4364 740 4438 ια’,
769 4362 839 4422 ιδ’
857 4406 874 4436 ,
913 4361 999 4434 ιδ’,
1032 4360 1092 4419 ιε’
1136 4359 1499 4430 καταληκτικὰ
1535 4360 1652 4432 ἤτοι
1692 4364 1919 4443 ἑφθημι-

361 4459 497 4538 μερῆ
517 4452 858 4535 Εὐριπίδεια,
881 4450 917 4522 ἢ
944 4447 1187 4521 ληκύθια·
1210 4447 1277 4507 τὰ
1302 4448 1347 4507 δ’
1378 4447 1516 4507 ἄλλα
1542 4448 1887 4522 ἀκατάληκτα
1903 4494 1918 4522 ,

357 4541 500 4616 πλὴν
526 4547 618 4602 τοῦ
646 4541 690 4601 θ’
718 4539 811 4600 καὶ
832 4536 1131 4599 τελευταίου
1155 4536 1675 4621 βραχυκαταλήκτων
1703 4539 1921 4618 ἷθυφαλ-

278 4663 333 4701 ⁴5
359 4635 537 4693 λικῶν.
563 4630 650 4691 ἐπὶ
670 4633 747 4712 τῷ
767 4627 906 4689 τέλει
922 4624 1184 4707 κορωνίς.]
1232 4624 1475 4686 λείπειτὸ
1498 4634 1750 4705 πρᾶγμα,
1775 4626 1842 4685 ἵν’
1865 4619 1921 4706 ᾖ,

361 4719 618 4803 μακάριον
656 4717 719 4778 τὸ
763 4725 1008 4800 πρᾶγμα.
1039 4713 1246 4797 [φίλους
1286 4715 1342 4774 δὲ
1386 4719 1477 4774 νῦν
1522 4718 1592 4783 ὣς
1622 4714 1713 4776 καὶ
1748 4718 1919 4794 ἡμεῖς.

360 4809 630 4889 πολλαχοῦ
655 4805 711 4866 δὲ
724 4805 841 4875 τοὺς
864 4806 1126 4884 συγγενεῖς
1152 4802 1244 4862 καὶ
1271 4802 1648 4885 ἀναγκαίους.]
1676 4840 1756 4850 -—
1783 4802 1918 4873 ξύνε-

361 4918 443 4955 σιν
472 4917 489 4957 :
515 4895 654 4956 Ἀντὶ
678 4899 769 4955 τοῦ
794 4892 1060 4977 φρόνησιν.
1090 4905 1149 4954 R.
1170 4905 1233 4952 V.

441 5003 560 5044 1491.
606 4982 804 5065 (χάριεν
834 4965 922 5042 οὗν
963 5002 978 5043 :
1014 4979 1146 5043 Ὅτι
1183 4986 1273 5042 νῦν
1316 4979 1413 5054 τὴν
1454 4979 1584 5064 πρὸς
1633 4981 1925 5065 Σωκράτην

2075 2522 2194 2563 1500.
2238 2501 2364 2584 [ἄγε
2408 2502 2471 2575 δὴ
2508 2502 2711 2585 χαίρων
2748 2525 2764 2566 z
2793 2502 3039 2572 Ἔκθεσις
3077 2509 3170 2565 τοῦ
3207 2503 3498 2589 δράματος,
3527 2504 3556 2564 ὃ

1991 2590 2083 2651 καὶ
2111 2589 2348 2704 ἐπίλογος
2374 2593 2642 2672 καλεῖταιξ,
2668 2595 2729 2652 ἐκ
2746 2591 2930 2652 κώλων
2959 2591 3214 2674 διμέτρων
3247 2596 3555 2653 ἀναπαιστι·
3582 2620 3635 2658 25

1993 2680 2099 2737 κῶν
2128 2679 2226 2747 κζ’·
2253 2702 2326 2737 ων
2351 2677 2419 2736 τὰ
2443 2679 2516 2754 ς’,
2538 2680 2629 2753 ια’,
2657 2681 2738 2753 ιε’,
2767 2680 2848 2739 κδ’
2863 2726 2881 2759 ,
2906 2682 2982 2750 κζ’
3012 2684 3364 2764 ἑφθημιμερῆ·
3392 2680 3461 2740 τὰ
3501 2680 3557 2741 δὲ

1992 2764 2154 2826 λοιπὰ
2183 2766 2524 2838 ἀκατάληκτα
2538 2813 2555 2841 ,
2577 2766 2717 2840 πλὴν
2747 2771 2852 2828 τῶν
2885 2770 2936 2841 η’
2974 2769 3065 2829 καὶ
3100 2771 3165 2850 ιγ’
3206 2768 3557 2850 μονομέτρων.

1992 2856 2069 2938 ἐφ’
2098 2855 2323 2928 ἑκάστης
2344 2853 2586 2938 περιόδου
2621 2854 2759 2917 τέλει
2801 2857 2894 2917 καὶ
2921 2855 3253 2937 συστήματος
3278 2858 3557 2941 παράγρα-

2034 2968 2103 3014 ος.

1995 2968 2032 3026 φ
2079 2943 2203 3093 1301.
2248 3031 2345 3105 τὴν
2384 3030 2647 3114 ἡμετέραν
2687 3054 2702 3094 :
2733 3031 2986 3115 [Πάντως
3010 3033 3112 3114 γὰρ
3151 3036 3198 3093 οῖ
3241 3033 3347 3094 θεοὶ
3393 3033 3558 3107 αὐτὴν
3585 3067 3640 3107 30

1997 3122 2247 3202 φιλοῦμεν
2280 3120 2367 3180 διὰ
2391 3123 2487 3193 τὴν
2514 3120 2642 3203 πρὸς
2666 3126 2809 3199 ἡμᾶς
2834 3120 3145 3202 εὗσέὸειαν]
3170 3159 3250 3168 -
3275 3128 3429 3183 τοῦτο
3459 3122 3560 3205 ἔφη

1997 3213 2029 3269 6
2076 3207 2352 3283 Πλούτων,
2388 3210 2502 3269 ἐπεὶ
2551 3209 2808 3293 προσήκει
2849 3214 2884 3283 ἡ
2929 3210 3137 3284 Ἀττικὴ
3179 3210 3425 3294 Δήμητρι
3470 3212 3562 3273 καὶ

2000 3297 2169 3379 Κόρῃ.
2203 3309 2263 3356 v.
2286 3310 2346 3359 9.
2371 3310 2440 3359 Μ.

2083 3402 2201 3445 mn.
2243 3383 2336 3445 καὶ
2357 3383 2440 3453 δὸς
2461 3384 2604 3445 τουτὶ
2623 3388 2929 3469 Κλεοφῶντι
2956 3406 2971 3447 2
2998 3381 3160 3455 Ἴσως
3184 3387 3411 3469 σχοινίον
3440 3391 3560 3449 ἔπι-

2000 3474 2210 3534 δίδωσιν
2236 3477 2378 3556 αὐτῷ
2409 3479 2438 3534 6
2462 3473 2718 3536 Πλούτων
2748 3474 2876 3556 πρὸς
2903 3474 3153 3555 ἀγχόνην,
3183 3475 3219 3549 ἤ
3248 3500 3300 3535 τι
3328 3483 3558 3538 τοιοῦτον
3586 3505 3640 3545 35

2001 3563 2263 3642 σύμόολον
2287 3563 2528 3623 θανάτου.
2553 3566 2624 3631 ὡς
2643 3562 2780 3632 ξένος
2808 3562 2863 3622 δὲ
2883 3567 2912 3622 6
2936 3566 3187 3643 Κλεοφῶν
3206 3566 3559 3647 κωμῳδεῖται.

1998 3649 2055 3731 [ἢ
2083 3650 2163 3710 ὅτι
2190 3651 2354 3732 γέρων
2379 3648 2451 3710 ὢν
2488 3650 2676 3729 ἔμελλε
2703 3650 2815 3729 μετ’
2848 3650 3019 3729 ὀλίγον
3047 3652 3392 3726 τεθνήξεσθαι.
3425 3653 3460 3727 ἢ
3493 3658 3563 3722 ὡς

2000 3739 2226 3819 ἀγχόνης
2248 3738 2366 3807 ἄξια
2399 3738 2667 3820 ἔπραττε.]

2082 3847 2203 3888 1505.
2257 3826 2349 3886 καὶ
2386 3825 2584 3893 τούτοις
2622 3827 2758 3885 τοῖσι
2791 3835 3063 3909 πορισταῖς
3099 3848 3115 3888 :
3156 3829 3308 3907 [Τοῖς
3341 3827 3565 3910 φορολό-

1998 3918 2148 3997 γοις.]
2178 3914 2403 3995 (τούτους
2425 3914 2596 3994 λέγει,
2619 3912 2737 3981 τοὺς
2758 3914 2877 3997 περὶ
2901 3914 3063 3995 πόρου
3092 3915 3381 3998 χρημάτων
3412 3919 3563 3991 εἰση-
3590 3954 3645 3994 40

1998 4004 2297 4085 γουμένους.
2329 4003 2408 4076 εἴη
2432 4002 2479 4062 δ’
2499 4001 2563 4062 ἂν
2592 4001 2838 4083 σχοινίον,
2863 4002 2892 4062 ὃ
2915 4003 3212 4065 ἐπιδίδωσιν
3236 4007 3450 4084 αὐτοῖς.)

2083 4114 2202 4154 1500.
2247 4090 2525 4175 (Μύρμηκί
2555 4093 2600 4151 θ’
2633 4097 2764 4170 ὁμοῦ
2797 4115 2815 4165 ;
2842 4091 3117 4170 Ὀνόματα
3148 4092 3321 4174 κύρια.
3347 4093 3437 4153 ἐπὶ
3467 4118 3567 4154 πο-

2001 4183 2154 4265 νηρία
2192 4180 2245 4242 δὲ
2276 4174 2419 4242 οὗτοι
2446 4181 2838 4261 ἐκωμῳδοῦντο.
2870 4181 2928 4240 οὗ
2957 4179 3166 4246 πάντως
3187 4180 3242 4241 δὲ
3275 4186 3304 4240 6
3331 4181 3567 4264 Μύρμηξ

2001 4277 2104 4331 τῶν
2127 4274 2389 4353 ποριστῶν
2414 4274 2574 4344 ἐστιν,
2595 4268 2733 4328 ἀλλὰ
2754 4268 2818 4341 δὴ
2843 4267 3039 4328 οἴονται
3067 4270 3172 4330 ἀπὸ
3190 4269 3354 4343 ἄλλης
3378 4272 3562 4353 ἀρχῆς·

2001 4361 2117 4422 οὐδὲ
2150 4360 2252 4442 γὰρ
2275 4364 2303 4419 6
2325 4361 2651 4439 Νικόμαχος.
2691 4356 2829 4418 ἀλλὰ
2859 4358 2977 4431 ἤτοι
3007 4363 3036 4418 6
3066 4359 3309 4442 τραγικὸς
3343 4362 3563 4440 ὖποκρι-
3593 4412 3647 4450 46

2001 4448 2176 4524 τὴς,ἧ
2209 4454 2237 4509 6
2272 4449 2523 4521 πολίτης,
2546 4448 2669 4530 περὶ
2702 4439 2775 4508 ὧν
2804 4445 3131 4530 προείρηται.
3236 4446 3288 4506 τί
3320 4447 3366 4504 δ’
3390 4444 3454 4505 ἂν
3481 4445 3563 4518 εἴη

2005 4537 2200 4611 διδούς;
2242 4537 2384 4618 τάχα
2428 4536 2647 4618 βρόχους
2681 4536 2811 4620 πρὸς
2851 4534 3099 4616 ἀγχόνην,
3139 4535 3176 4608 ἤ
3215 4559 3268 4594 τι
3296 4534 3565 4612 τοιοῦτον.)

2005 4625 2346 4708 [ξυμποδίσας
2368 4627 2450 4699 δὲ,
2474 4624 2733 4697 συνδήσας
2752 4622 2872 4693 τοὺς
2893 4623 3116 4772 πόδαςᾶ

2087 4736 2205 4776 1513.
2252 4719 2344 4773 τοῦ
2367 4713 2701 4789 Λευκολόφου
2731 4733 2746 4774 :
2775 4714 2898 4792 (Εἴη
2935 4711 3000 4772 ἂν
3022 4736 3051 4772 ο
3115 4735 3170 4780 ος
3193 4714 3222 4770 6
3248 4716 3338 4771 τοῦ
3367 4714 3566 4773 Λευκο·
3674 4734 3697 4757 ν

2003 4804 2243 4889 λοφίδου,
2266 4793 2327 4864 οἶ
2361 4802 2453 4862 καὶ
2483 4801 2714 4862 Πλάτων
2741 4801 3005 4881 μέμνηται
3038 4803 3091 4860 ἐν
3125 4804 3201 4882 τῷ
3233 4799 3566 4883 Πρωταγόρᾳ
3593 4864 3647 4901 ω

2008 4900 2078 4968 [p.
2096 4911 2204 4966 815,
2228 4897 2309 4962 El.
2332 4881 2396 4963 ἦν
2422 4888 2525 4974 γὰρ
2546 4894 2651 4950 τῶν
2672 4889 2795 4973 περὶ
2812 4888 2930 4958 τοὺς
2951 4888 3160 4972 καιροὺς
3176 4889 3388 4958 τούτους
3406 4913 3567 4972 στρα-

2003 4977 2319 5058 τηγούντων·
2343 4981 2525 5060 ἡγεῖτο
2547 4977 2603 5038 δὲ
2626 4985 2721 5039 τοῦ
2745 4978 2931 5061 μέρους
2949 4985 3040 5039 τοῦ
3067 4985 3333 5041 ναυτικοῦ.
3358 4977 3500 5059 τάχα
3520 4978 3566 5038 δ’

288 5106 342 5146 μ,
364 5068 592 5153 ἑταιρίαν
615 5072 782 5145 δηλοῖ.
826 5069 1111 5140 Παναίτιος
1149 5070 1204 5130 δὲ
1245 5068 1342 5130 ὅλα
1381 5077 1549 5131 ταῦτα
1588 5070 1710 5154 περὶ
1746 5071 1921 5153 ἑτέρου
2007 5070 2071 5133 ἂν
2107 5063 2253 5137 οὗτος
2285 5067 2397 5144 εἴη,
2428 5067 2485 5129 ὃν
2510 5068 2603 5128 καὶ
2628 5069 3163 5151 παρεγγεγραμμένον
3193 5069 3451 5150 λέγουσιν.
3485 5071 3563 5128 οἷ-
