3859 5725
331 230 357 280 l
375 224 446 279 12

324 347 415 409 καὶ
440 345 621 427 ὥσπερ
650 346 705 405 ἕν
730 344 838 412 τοῖς
863 343 935 410 εἰς
959 364 1006 402 ω
1031 340 1095 401 τὸ
1117 338 1292 423 τρίτον
1332 336 1617 419 πρόσωπον
1651 341 1743 397 τοῦ
1774 339 1890 420 ὁρι-

323 441 503 498 στικοῦ
528 436 890 516 παρατατικοῦ
922 427 1161 512 δεύτερόν
1180 432 1293 489 ἐστι
1319 424 1725 504 προστακτικὸν,
1751 423 1891 484 οὕτω

322 523 413 586 καί
432 525 486 582 ἐν
503 526 613 591 τοῖς
631 524 704 589 εἷς
728 544 788 601 μι
813 516 1224 601 σχηματίζουσιν
1250 516 1299 575 οἱ
1319 516 1525 582 Αἰολεῖς
1547 512 1638 573 καὶ
1660 518 1709 573 οἱ
1733 512 1890 585 Ἀθη-

323 619 477 671 ναῖοι.
518 602 626 670 οἷον
662 617 752 682 [11.
779 619 856 681 Φ,
885 613 993 680 313]
1026 633 1051 658 α
1075 603 1198 676 ἵστη
1240 602 1378 684 μέγα
1405 608 1555 683 κῦμα
1581 630 1608 657 n
1645 601 1763 661 ἀντὶ
1796 605 1889 660 τοῦ

267 718 295 758 5
314 695 510 759 ἴσταθι.
538 694 908 780 Ἀριστοφάνης
932 701 1063 768 [AV.
1094 698 1227 765 1³10]

508 839 1661 908 καὶτοὺςκοφῖνουςᾶπανταςὶμπίμπληῢφῶν·

326 966 442 1027 ἀντὶ
475 970 567 1027 τοῦ
595 964 951 1044 ἐμπίμπληθι.
982 961 1146 1031 οὕτως
1171 955 1260 1022 οὖν
1282 962 1374 1022 καὶ
1416 965 1479 1021 ἐκ
1512 965 1602 1020 τοῦ
1640 949 1692 1019 εἶ
1714 957 1891 1042 τρίτου

322 1054 607 1139 προσώπου
625 1059 715 1113 τοῦ
735 1057 999 1134 ὁριστικοῦ
1022 1056 1384 1133 παρατατικοῦ
1403 1052 1457 1110 ἐν
1479 1049 1739 1121 συνθέσει,
1762 1045 1863 1117 ἔξει
1876 1091 1892 1119 ,

322 1140 725 1227 προστακτικόν.
752 1139 788 1212 ἢ
818 1139 925 1199 ἀπὸ
951 1146 1043 1200 τοῦ
1074 1138 1184 1199 είω.
1227 1129 1288 1198 οὗ
1326 1143 1354 1197 6
1392 1136 1627 1218 δεύτερος
1660 1135 1895 1216 ἀόριστος

248 1247 299 1287 ιο
325 1231 422 1304 ἴον,
443 1229 544 1303 ίες,
566 1227 615 1289 ἵε
632 1252 646 1267 ·
679 1227 772 1288 καὶ
793 1226 932 1307 μετὰ
952 1231 1047 1299 τῆς
1069 1226 1149 1301 ἐξ,
1174 1225 1303 1300 έξιε,
1330 1224 1422 1284 καὶ
1449 1225 1589 1286 κατὰ
1616 1223 1893 1302 μετάθεσιν

324 1320 417 1379 καὶ
451 1316 765 1399 συναίρεσιν,
801 1315 923 1385 ἔξει.
968 1312 1223 1382 ὡσαύτως
1261 1312 1353 1374 καὶ
1391 1311 1528 1392 μετὰ
1558 1315 1663 1371 τῶν
1693 1313 1893 1372 λοιπῶν

323 1407 618 1491 προθέσεων
651 1403 799 1485 μέτει
838 1403 931 1465 καὶ
956 1402 1079 1463 δίει·
1113 1399 1253 1474 πλὴν
1282 1407 1373 1462 τοῦ
1400 1401 1590 1484 πάρει,
1614 1399 1707 1460 καὶ
1734 1399 1894 1460 σύνει.

329 1498 551 1556 ἐνταῦθα
578 1493 682 1575 γὰρ
709 1495 768 1552 αἱ
792 1490 1063 1575 προθέσεις
1081 1494 1157 1573 τῷ
1181 1482 1231 1550 εἶ
1247 1489 1365 1550 ἀντὶ
1384 1494 1474 1550 τοῦ
1497 1488 1750 1570 ὑπάρχεις
1773 1511 1895 1548 συν-

326 1580 678 1663 δοιάζονται]

249 1696 300 1736 15
407 1669 672 1744 ἀσκάντην
700 1667 756 1728 δὲ
780 1666 869 1728 τὸν
894 1665 1164 1747 σκίμποδά
1185 1688 1362 1750 φησιν,
1385 1663 1421 1736 ἢ
1442 1663 1623 1747 δίφρου
1652 1686 1706 1725 τι
1733 1655 1892 1732 εἶδος·

326 1762 376 1820 οἱ
412 1758 470 1819 δὶ
512 1757 602 1818 τὸν
643 1755 930 1839 κράὸατον.
976 1791 1051 1802 -
1083 1754 1173 1815 τὸν
1198 1752 1451 1831 σκάμνον,
1479 1751 1567 1813 τὸν
1597 1751 1886 1832 σκίμποδα.

324 1849 504 1976 mm.
548 1910 783 1981 ἀνύσαςε
814 1909 1067 1978 σπεύσας.
1106 1921 1160 1971 V.

405 2023 503 2064 σεο.
524 1999 703 2084 ὥσπερ
726 2004 882 2079 ἡμεῖς
906 2002 1183 2082 ἐρωτῶμεν
1206 1995 1326 2065 τοὺς
1347 1997 1563 2064 παῖδας.
1594 2006 1657 2053 V.

247 2115 302 2156 ιο
408 2112 504 2152 038.
546 2088 744 2173 πότερα
774 2088 896 2172 περὶ
939 2087 1143 2170 μέτρων
1184 2107 1200 2147 z
1248 2085 1481 2168 [Καλῶς
1512 2084 1802 2155 διέστησεν.
1839 2086 1900 2145 οὗ

325 2176 430 2258 γὰρ
472 2176 521 2237 εί
559 2201 610 2236 τι
644 2176 833 2257 μέτρον
862 2176 1023 2250 ἐστὶν,
1055 2175 1160 2248 ἤδη
1189 2173 1282 2233 καὶ
1323 2172 1463 2242 ἔπος.
1502 2172 1553 2232 εί
1582 2196 1634 2232 τι
1661 2172 1717 2233 δὲ
1750 2172 1901 2249 ἔπος,

326 2268 431 2340 ἤδη
457 2264 667 2334 πάντως
695 2265 786 2325 καὶ
816 2264 1005 2348 ῥυθμὸς
1030 2262 1123 2323 καὶ
1152 2261 1364 2344 μέτρον.
1395 2262 1716 2338 σημειωτέον
1742 2264 1789 2322 δ’
1821 2261 1902 2322 ὅτι

328 2354 426 2415 καὶ
467 2360 639 2414 ταῦτα
670 2357 775 2413 τῶν
824 2354 1085 2413 κυκλικῶν
1131 2348 1525 2431 μαθημάτων]
1571 2349 1803 2432 διαφέρει
1845 2350 1901 2410 δὲ

329 2441 518 2525 μέτρον
540 2440 634 2501 καὶ
656 2439 861 2524 ῥυθμός.
881 2439 974 2499 καὶ
994 2438 1077 2499 ὅτι
1099 2437 1278 2519 πατὴρ
1302 2436 1495 2518 μέτρου
1513 2440 1542 2496 6
1565 2436 1786 2518 ῥυθμὸς,
1809 2437 1901 2497 καὶ

247 2551 302 2591 25
332 2531 415 2590 ὅτι
435 2529 635 2613 ἀρχαία
661 2533 696 2600 ἡ
724 2533 829 2588 τῶν
854 2526 1056 2610 μέτρων
1084 2526 1175 2587 καὶ
1198 2529 1406 2609 ῥυθμῶν
1432 2523 1762 2586 διδασκαλία.

411 2638 508 2679 ⁶³⁹.
548 2616 671 2699 περὶ
701 2620 806 2676 τῶν
845 2613 1051 2696 μέτρων
1095 2636 1113 2676 t
1164 2612 1381 2694 (Λείπει
1421 2611 1483 2671 τὸ
1518 2611 1654 2672 θέλω
1694 2618 1899 2692 μαθεῖν.

328 2704 549 2778 διαὸολὴ
571 2706 625 2765 δὲ
648 2702 708 2763 τὸ
729 2712 856 2778 πᾶν,
879 2701 961 2762 ὅτι
982 2701 1053 2762 τὰ
1076 2705 1151 2782 μὴ
1171 2704 1339 2761 οἰκεῖα
1361 2703 1430 2779 τῇ
1452 2700 1613 2780 τέχνῃ
1638 2699 1904 2780 ἐπαγγέλ-

326 2798 475 2855 λεται
514 2791 795 2854 διδάσκειν.
835 2788 952 2850 οὔτε
993 2789 1098 2873 γὰρ
1124 2788 1349 2862 ποιητής
1375 2790 1517 2848 ἐστιν
1546 2788 1665 2848 οὔτε
1708 2811 1901 2869 μουσι-

326 2884 467 2964 κός.)
498 2886 569 2951 ὥς
596 2881 840 2964 ἄγροικος
867 2878 922 2939 δὲ
954 2881 982 2939 6
1013 2877 1313 2962 πρεσὸύτης
1344 2876 1662 2957 ἀπεκρίνατο
1700 2880 1771 2945 ὥς
1816 2877 1904 2936 ἐπὶ

247 2998 302 3038 ao
328 2975 432 3031 τῶν
473 2972 771 3052 γεωργικῶν
809 2966 1102 3045 δεξάμενος.
1147 2962 1416 3047 [ἀκούσας
1454 2965 1578 3046 περὶ
1622 2962 1831 3047 μέτρων
1875 2968 1904 3024 6

329 3058 688 3142 Στρεψιάδης,
738 3055 798 3116 τὸ
852 3053 1135 3133 δημοτικὸν
1189 3051 1396 3135 μέτρον,
1447 3042 1492 3135 ᾧ
1548 3059 1795 3133 μετροῦσι
1835 3051 1905 3112 τὰ

327 3145 632 3228 σπέρματα,
656 3147 852 3212 σκαιῶς
868 3141 1172 3223 ὗπείληφεν,
1201 3141 1299 3215 διὸ,
1321 3140 1441 3223 περὶ
1467 3139 1694 3223 μέτρων,
1719 3139 1901 3222 φησὶν,

329 3233 515 3315 ἔγωγε.
550 3233 643 3294 καὶ
673 3235 734 3293 ἐκ
752 3230 938 3291 τούτου
968 3229 1240 3290 διαὸάλλει
1264 3228 1353 3289 τὸν
1385 3227 1699 3309 Σωκράτην,
1727 3228 1810 3289 ὅτι
1836 3227 1905 3288 τὰ

330 3321 405 3400 μὴ
444 3323 611 3381 οἰκεῖα
639 3324 706 3401 τῇ
733 3319 896 3400 τέχνῃ
925 3317 1310 3398 ἐπαγγέλλεται
1337 3315 1623 3376 διδάσκειν.
1656 3314 1776 3377 οὔτε
1800 3315 1904 3398 γὰρ

252 3432 307 3472 35
328 3407 550 3481 ποιητὴς
576 3400 641 3480 ἦν
669 3404 790 3467 οὔτε
814 3405 1144 3484 μουσοποιός.
1168 3403 1261 3485 D]

407 3516 508 3558 ⁶4⁰.
557 3493 945 3578 ἀλφιταμοιὸοῦ
985 3514 1001 3555 :
1053 3496 1165 3555 Τοῦ
1204 3489 1782 3559 ἀντικαταλλάσσοντος
1814 3492 1907 3551 καὶ

329 3584 719 3668 πιπράσκοντος
747 3583 960 3665 ἄλφιτα.
987 3580 1025 3654 ἢ
1052 3585 1143 3640 τοῦ
1174 3576 1481 3658 ἀμείὸοντος
1514 3578 1634 3637 ἀντὶ
1659 3579 1906 3662 ἀργυρίου

333 3674 549 3756 ἄλφιτα.
574 3668 752 3754 [οὕτω
774 3670 866 3729 καὶ
888 3666 1271 3750 ἀργυραμοιὸοὶ
1297 3669 1346 3726 οἱ
1370 3665 1489 3725 ἀντὶ
1516 3667 1766 3748 ἀργυρίου
1789 3666 1908 3750 κέρ-

333 3785 479 3842 ματα
504 3757 872 3840 ἀμείὸοντες.]

252 3877 308 3918 ⁴0
416 3846 757 3929 (παρεκόπην
796 3865 812 3905 :
854 3842 1221 3922 Ἐζημιώθην·
1259 3840 1376 3900 ἀντὶ
1411 3844 1504 3899 τοῦ
1530 3838 1801 3913 ἐπλάνησέ
1831 3864 1903 3920 με

331 3940 400 4019 τῇ
418 3935 620 4018 μέτρων
644 3932 899 4005 ποσότητι
920 3930 1013 3991 δύο
1031 3929 1286 4011 χοίνικας.
1309 3964 1389 3974 -
1411 3929 1708 4001 ἤπατήθην.
1748 3928 1907 4009 Vict.)

411 4043 508 4083 οη.
550 4020 832 4081 κάλλιστον
872 4018 1061 4101 μέτρον
1106 4039 1123 4078 :
1159 4015 1490 4099 [Διαὸάλλει
1520 4014 1807 4098 Σωκράτη.
1847 4020 1906 4076 οὔ

332 4109 435 4194 γὰρ
460 4107 738 4181 ποιητικὴν
764 4107 800 4180 ἢ
830 4105 1087 4183 μουσικὴν
1114 4103 1468 4185 ἐπηγγέλλετο
1496 4103 1780 4165 διδάσκειν.
1806 4108 1835 4162 6
1854 4101 1911 4164 δὲ

334 4200 403 4260 τὰ
432 4196 696 4280 προσόντα
734 4197 810 4276 μὴ
837 4195 1026 4276 λέγων,
1053 4192 1395 4277 χαριζόμενος
1431 4191 1486 4252 δὲ
1527 4190 1596 4251 τὰ
1625 4192 1701 4270 μὴ
1745 4215 1911 4274 προσ-

253 4315 307 4357 45
333 4287 456 4348 όντα
469 4333 485 4362 ,
509 4284 818 4369 ἀμφοτέρων
859 4286 1053 4352 ἐκεῖνος
1082 4284 1481 4364 ἀποστερεῖται,
1507 4282 1536 4338 6
1573 4278 1695 4347 τοὺς
1727 4280 1912 4360 λόγους

335 4373 644 4458 ἀμφοτέρων
677 4372 980 4454 ἀποφαίνων
1027 4369 1331 4452 ἀλλοτρίους
1376 4368 1469 4427 καὶ
1499 4365 1804 4450 ἀπείρους]
1833 4366 1913 4415 —‘

336 4464 447 4536 εἴδη
473 4463 697 4544 μέτρων,
717 4453 794 4530 οἶς
815 4460 908 4519 καὶ
931 4457 1235 4540 Ἀρχίλοχος
1258 4456 1517 4538 κέχρηται
1536 4457 1590 4514 ἐν
1615 4455 1914 4539 τριμέτροις

335 4552 427 4610 καὶ
448 4549 836 4632 τετραμέτροις.
865 4559 925 4608 R.
951 4558 1016 4607 V.

416 4658 516 4699 043.
560 4636 840 4715 ἡμιεκτέου
866 4658 882 4697 :
909 4634 1057 4714 Πρὸς
1078 4632 1139 4693 τὸ
1158 4632 1514 4714 τετράμετρον
1542 4630 1833 4703 ἀπήντησε.
1853 4631 1914 4691 τὸ

1479 204 1869 271 ὃῦΗΟῙᾸΑ
1924 203 2021 266 ΙΝ
2075 202 2382 268 NUBES.

1978 337 2084 393 τῶν
2123 332 2294 408 ὀκτὼ,
2333 331 2403 393 τὰ
2446 329 2699 414 τέσσαρα.
2738 330 2769 391 δ
2806 331 3047 392 καλεῖται
3089 329 3468 415 τετράμετρον.
3524 336 3558 391 6

1979 412 2069 481 οὖν
2093 420 2342 502 ἡμίεκτος
2371 419 2632 500 τέσσαρας
2658 419 2772 500 ἔχει
2803 419 3057 498 χοίνικας.
3090 419 3270 490 ἔπαιξε
3303 418 3360 480 δὲ
3386 419 3556 480 πάλιν

1980 507 2166 588 εἰπὼν,
2193 507 2340 568 οὐδὲν
2368 507 2582 568 κάλλιον
2604 511 2841 586 ἡγοῦμαι
2862 505 3144 585 ἡμιεκτέου
3175 506 3395 590 μέτρου·
3422 532 3556 568 του-

1978 594 2124 655 τέστι
2153 593 2426 678 τεσσάρων
2458 593 2721 675 χοινίκων.
2757 591 2943 654 τούτου
2989 587 3080 654 οὗν
3120 594 3182 654 τὸ
3218 594 3368 655 ἕκτον
3407 594 3558 656 ἐστὶν

1979 682 2119 742 ὀκτὼ
2141 682 2386 764 χοίνικες.
2411 682 2473 742 τὸ
2504 680 2559 741 δὲ
2584 681 2863 762 ἡμίεκτον,
2889 681 3128 742 τουτέστι
3157 682 3219 742 τὸ
3249 682 3552 744 δωδέκατον
3575 703 3604 740 ε

1979 774 2083 829 τῶν
2107 770 2247 831 ὀκτὼ
2268 770 2399 853 πρὸς
2419 771 2526 838 τοῖς
2547 769 2941 853 τεσσαράκοντα
2955 815 2970 842 ,
2988 770 3214 850 χοίνικες
3234 770 3555 853 τέσσαρες]

1983 858 2402 941 (παρατηρητέον
2441 857 2498 917 δὲ
2528 857 2608 918 ὅτι
2637 856 2723 917 διὰ
2761 864 2854 917 τοῦ
2881 882 2907 917 ε
2937 860 3016 918 δεῖ
3041 857 3213 938 λέγειν
3247 859 3555 944 ἡμιεκτέον,

1979 945 2072 1005 καὶ
2088 948 2148 1005 οὗ
2173 945 2313 1006 κατὰ
2334 945 2430 1019 τὴν
2453 944 2631 1018 κοινὴν
2651 951 2844 1028 χρῆσιν
2869 947 3219 1025 ἡμιεκταῖον.)

2060 1053 2160 1096 644.
2200 1033 2414 1115 περίδου
2437 1039 2530 1094 νῦν
2546 1033 2665 1112 ἐμοὶ
2692 1054 2709 1095 :
2737 1033 2876 1094 Ἀντὶ
2902 1040 2996 1094 τοῦ
3023 1034 3282 1107 συνθήκας
3307 1035 3556 1110 ποίησαν.

1982 1120 2175 1206 [παρὰ
2199 1122 2261 1182 τὸ
2282 1121 2576 1206 Ὁμηρικὸν
2606 1129 2699 1195 [n.
2724 1134 2802 1198 Φ,
2824 1129 2938 1196 405]
3591 1146 3645 1186 ιο

2165 1263 2301 1329 δεῦρό
2321 1280 2378 1328 τε
2395 1268 2478 1314 νῦν
2493 1263 2710 1329 τρίποδος
2726 1265 3041 1329 περιδώμεθα·

1982 1385 2181 1467 γίνεται
2200 1385 2255 1446 δὲ
2277 1385 2440 1447 οὕτω·
2462 1386 2643 1464 δίδημί
2662 1387 2725 1446 τὸ
2743 1386 3003 1466 δεσμεύω.
3038 1391 3067 1447 6
3096 1385 3304 1466 μέλλων
3322 1387 3524 1460 διδήσω
3538 1434 3558 1462 ,

1982 1478 2013 1533 6
2054 1473 2288 1556 δεύτερος
2314 1473 2554 1554 ἀόριστος
2589 1473 2731 1547 ἔδην,
2764 1479 2793 1533 6
2824 1473 2985 1552 μέσος
3016 1474 3209 1553 ἐδέμην
3246 1475 3422 1549 ἔδεσο,
3458 1475 3558 1535 καὶ

1985 1562 2224 1643 ἀποὸολῇ
2248 1567 2339 1622 τοῦ
2363 1585 2397 1622 σ
2420 1560 2534 1621 ἔδεο
2559 1561 2652 1622 καὶ
2679 1561 2797 1621 ἔδου
2814 1586 2829 1600 ·
2854 1561 3030 1621 καὶτὸ
3052 1563 3440 1644 προστακτικὸν
3465 1565 3561 1624 δοῦ

1984 1650 2076 1711 καὶ
2101 1650 2333 1732 περίδου.
2358 1649 2450 1709 καὶ
2471 1648 2718 1732 Ὅμηρος
2748 1656 2841 1723 [n.
2864 1662 2936 1723 Δ,
2965 1657 3075 1722 105]
3106 1676 3133 1702 σι
3161 1649 3277 1724 δίδη
3305 1651 3561 1733 μόσχοισι
3594 1681 3647 1721 15

1984 1738 2238 1818 λύγοισιν.
2273 1765 2297 1792 υ
2324 1740 2395 1806 ὡς
2438 1737 2678 1820 ἄγροικος
2708 1738 2766 1797 δὲ
2796 1737 2958 1798 πάλιν
3000 1742 3030 1796 6
3069 1738 3370 1820 πρεσὸύτης
3416 1743 3561 1801 ἀπε-

1986 1826 2404 1982 ἓῖίέἶὲἶὶιῖῗ
2426 1825 2529 1974 ἶῗῗ
2556 1827 2618 1885 ‘³'
2637 1825 3081 1995 32322‘2‘?
3114 1826 3264 1907 ’λῳ
3289 1827 3507 1910 ‘'Q'’
3529 1834 3563 1890 ⁶

2066 2021 2164 2061 οιε.
2208 2000 2297 2083 [εἰ
2335 1937 2441 2079 μὴΥ
2460 1936 2812 2084 amasam
2858 2022 2875 2062 τ
2926 2000 3072 2081 Πρὸς
3106 1999 3169 2061 τὸ
3202 2000 3562 2085 τετράμετρον

1989 2089 2281 2162 ἀπήντησε.
2300 2089 2360 2147 τὸ
2377 2086 2653 2166 ἡμιεκτέον
2683 2088 2871 2170 μέτρον
2891 2087 3005 2147 ἐστὶ
3018 2087 3285 2170 τέσσαρα,
3302 2093 3375 2157 ὣς
3389 2093 3560 2151 πλεο·
3593 2115 3652 2155 m

1988 2177 2134 2246 νάκις
2150 2177 2276 2246 ἴσως
2294 2181 2386 2238 τοῦ
2410 2176 2612 2244 δέοντος
2629 2176 2854 2256 εἴρηται.
2870 2175 2901 2258 ]

2067 2285 2165 2326 647.
2210 2264 2385 2347 [ταχὺ
2427 2265 2472 2324 δ’
2509 2263 2577 2324 ἂν
2615 2284 2631 2325 t
2673 2264 2771 2325 Ἐν
2807 2263 3064 2347 εἰρωνεία.
3102 2262 3244 2342 λέγει
3287 2263 3344 2325 δὲ
3387 2269 3463 2335 εἷς
3501 2269 3566 2328 τὸ

1988 2353 2286 2435 κιθαρίζειν.
2327 2350 2466 2434 ταχὺ
2509 2351 2809 2426 δυνηθείης,
2852 2352 3011 2435 φησὶ,
3040 2353 3475 2432 μεταλαμὸάνειν
3503 2357 3566 2417 τὸ

2069 2548 2166 2590 uo.
2209 2525 2412 2610 κομψὸν
2452 2546 2469 2588 z
2510 2524 2739 2589 Πιθανὸν
2775 2526 2867 2587 καὶ
2899 2525 3116 2610 εὔχαριν
3146 2529 3199 2587 ἐν
3237 2528 3439 2612 συνόδῳ
3468 2531 3564 2590 καὶ
3597 2551 3656 2592 ιε

1988 2620 2055 2697 τῇ
2081 2616 2212 2699 πρὸς
2234 2615 2436 2697 έτέρους
2460 2614 2723 2697 κοινωνίᾳ.
2748 2613 3006 2696 [πιθανὸν
3028 2615 3121 2675 καὶ
3149 2619 3356 2677 ἀστεῖον
3384 2616 3568 2701 φαίνε-

1989 2710 2113 2765 σθαι
2129 2713 2238 2771 τοῖς
2259 2702 2563 2785 συνοῦσιν.]
2587 2737 2668 2749 --
2687 2702 2903 2762 πιθανὸν
2930 2703 3023 2763 καὶ
3046 2702 3192 2777 ἡδύν.
3215 2719 3309 2768 Br.

2070 2813 2172 2855 σεο.
2218 2785 2419 2852 ἐπαΐειν
2442 2812 2458 2853 :
2490 2789 2825 2851 αἰσθάνεσθαι
2844 2791 2936 2851 καὶ
2959 2801 3114 2856 νοεῖν.
3138 2806 3200 2855 R.
3225 2806 3292 2856 V.

2070 2903 2168 2943 σοι.
2211 2880 2555 2942 κατενόπλιον
2589 2902 2605 2943 :
2644 2872 2800 2948 Εἶδος
2834 2885 3034 2965 ῥυθμοῦ
3062 2884 3192 2966 πρὸς
3220 2884 3276 2946 ὃν
3297 2885 3571 2966 ὠρχοῦντο

1992 2967 2214 3038 σείοντες
2255 2967 2325 3028 τὰ
2357 2967 2516 3028 ὅπλα.
2637 2967 2852 3037 Ἄλλως.
2891 2969 3152 3044 ἐνόπλιον,
3187 2972 3276 3032 τὸν
3314 2970 3567 3053 ἀμφίμα-
3594 2990 3660 3036 ω

1991 3079 2137 3138 κρον,
2166 3056 2221 3125 ὃς
2249 3055 2342 3116 καὶ
2373 3055 2698 3137 Κουρητικὸς
2731 3058 2972 3116 καλεῖται
3001 3058 3108 3119 ἀπὸ
3135 3065 3229 3120 τοῦ
3257 3058 3325 3119 τὰ
3351 3062 3424 3128 εἰς
3449 3057 3571 3133 τοὺς

1995 3143 2275 3229 Κούρητας
2302 3143 2440 3224 μέλη
2474 3141 2647 3225 τούτῳ
2676 3146 2753 3226 τῷ
2785 3143 2961 3226 μέτρῳ
2988 3152 3298 3230 κεχρῆσθαι.
3424 3144 3571 3226 (Ἄλ-

1991 3237 2113 3302 λως.
2162 3231 2505 3315 ἀριθμητικὸν
2542 3231 2580 3304 ἢ
2606 3232 2977 3314 γεωμετρικόν.
3012 3232 3126 3295 ἔστι
3153 3234 3210 3296 δὲ
3244 3240 3441 3319 ῥυθμοῦ
3469 3234 3567 3295 καὶ

1992 3319 2288 3403 κρούματος
2308 3311 2442 3388 εἶδος
2458 3320 2518 3379 τὸ
2549 3316 2688 3379 κατὰ
2719 3318 2993 3395 δάκτυλον,
3029 3312 3075 3404 ᾧ
3113 3326 3348 3404 χρῶνται
3384 3324 3434 3383 οἱ
3469 3326 3569 3383 αὗ-

1993 3411 2154 3484 ληταὶ
2194 3408 2298 3491 πρὸ
2330 3414 2421 3468 τοῦ
2461 3406 2673 3487 νόμου.)
2707 3442 2787 3453 —
2821 3412 2851 3467 6
2895 3407 3035 3468 κατὰ
3062 3410 3338 3486 δάκτυλον,
3377 3412 3571 3494 ῥυθμός
3597 3437 3658 3481 ⁸

1995 3501 2135 3558 ἐστιν
2178 3500 2207 3556 6
2252 3499 2307 3556 ἐν
2338 3494 2438 3578 ἴσῳ
2472 3495 2633 3578 λόγῳ.
2670 3498 2699 3554 6
2740 3493 2796 3555 δὲ
2826 3494 3061 3566 ἐνόπλιος
3096 3498 3189 3558 καὶ
3223 3500 3572 3580 προσοδιακὸς

1993 3584 2271 3665 λεγόμενος
2296 3581 2401 3642 ὑπό
2421 3606 2578 3643 τινων
2601 3582 2872 3661 σύγκειται
2899 3585 2961 3643 ἐκ
2982 3585 3255 3647 σπονδείου
3273 3588 3365 3646 καὶ
3387 3610 3460 3646 πυ
3496 3611 3575 3670 ρι-

1993 3672 2112 3753 χίου
2146 3671 2238 3732 καὶ
2266 3670 2516 3753 τροχαίου
2546 3670 2639 3730 καὶ
2675 3669 2889 3748 ἰάμόου.
2928 3673 3275 3752 συνεμπίπτει
3319 3674 3374 3733 δὲ
3419 3611 3574 3743 οξτο(

1995 3762 2113 3833 ἤτοι
2146 3758 2392 3842 τριποδίᾳ
2424 3760 2815 3839 ἀναπαιστικῇ,
2847 3757 2885 3830 ἢ
2924 3758 3114 3841 βάσεσι
3146 3762 3312 3837 δυσὶν,
3353 3762 3572 3846 Ἰωνικῇ

1996 3847 2088 3907 καὶ
2109 3846 2462 3928 χοριαμὸικῇ.
3603 3873 3665 3914 4ο

2077 3953 2176 3996 σεο.
2218 3933 2296 4000 τίς
2325 3932 2484 4001 ἄλλος
2527 3951 2544 3993 :
2580 3930 2727 4015 [Τὴν
2764 3932 3115 4015 παρατροπὴν
3152 3935 3333 3997 ἐατέον
3372 3936 3573 4016 μεταξὺ

1995 4027 2106 4084 τοῖν
2126 4025 2284 4095 δυοῖν,
2314 4025 2384 4090 ὣς
2401 4023 2455 4081 ἐν
2472 4025 2580 4090 τοῖς
2610 4021 2875 4090 πλείστοις
2901 4020 3087 4103 σχεδὸν
3118 4021 3351 4106 φέρεται.
3382 4028 3413 4085 6
3432 4024 3575 4109 πρό-

1997 4133 2143 4194 τερος
2160 4108 2478 4192 Σωκράτους

2184 4242 2406 4301 vicmo<
2423 4241 2523 4291 ἀντὶ
2545 4243 2834 4292 τουτουὶτοῦ
2856 4243 3114 4305 δακτύλους

2000 4366 2092 4428 καὶ
2131 4364 2275 4447 τάχα
2310 4362 2376 4426 ἂν
2403 4363 2485 4439 εἴη
2525 4363 2695 4445 λέγων
2731 4368 2808 4447 τῷ
2834 4362 3065 4446 γέροντι,
3089 4363 3265 4447 ἔτερόν
3289 4390 3409 4427 τινα
3438 4358 3575 4428 εἶναι
3603 4386 3665 4431 κ

2002 4453 2256 4514 δάκτυλον
2275 4452 2498 4531 νομίζεις
2527 4451 2564 4525 ἢ
2598 4456 2800 4527 τοῦτον,
2832 4450 3031 4519 δεικνὺς
3053 4455 3198 4535 αὐτῷ
3226 4451 3319 4512 ἕνα
3342 4458 3449 4514 τῶν
3478 4457 3578 4515 δοι-

2000 4540 2203 4603 κτύλων
2231 4545 2335 4601 τῶν
2360 4544 2537 4603 αὖτοῦ.
2555 4539 2680 4600 ὅταν
2703 4538 2806 4622 γὰρ
2822 4541 2945 4622 περὶ
2966 4544 3196 4622 ῥυθμῶν,
3220 4544 3280 4601 οὗ
3303 4544 3425 4625 περὶ
3452 4564 3578 4603 του-

1998 4654 2092 4690 του
2118 4636 2208 4690 τοῦ
2260 4628 2519 4689 δακτύλου
2547 4629 2734 4711 φησὶν,
2773 4628 2913 4689 ἀλλὰ
2952 4630 3075 4713 περὶ
3113 4629 3311 4713 ἑτέρου.
3352 4636 3427 4700 ὡς
3466 4632 3574 4715 γὰρ

258 4750 312 4791 50
340 4724 444 4807 γὰρ
471 4723 722 4801 ἡμίεκτον
762 4722 953 4804 μέτρον
989 4720 1102 4781 ἐστὶ
1135 4719 1426 4801 τεσσάρων.
1464 4721 1493 4777 6
1529 4716 1632 4798 γὰρ
1668 4717 1916 4796 μέδιμνος
2002 4718 2242 4799 ἄγροικος
2265 4703 2358 4776 καί
2385 4708 2534 4784 οὗτος
2569 4716 2680 4796 ἐρεῖ
2709 4715 2857 4776 οὐδὲν
2890 4708 3049 4790 ἧττον
3086 4716 3267 4787 δείξειν
3294 4718 3383 4779 τὸν
3414 4719 3576 4799 μέσον

298 4811 511 4893 ῷέτρα
534 4812 645 4892 ἔχει
661 4811 776 4889 μη’,
801 4815 830 4870 6
853 4808 908 4870 δὲ
938 4808 1116 4877 έκτεὺς
1132 4809 1208 4881 η’,
1235 4807 1296 4868 τὸ
1325 4806 1380 4866 δὲ
1394 4805 1650 4884 ἡμίεκτον
1675 4806 1742 4868 δ’.
1772 4816 1830 4864 R.
1852 4816 1912 4865 V.

341 4902 490 4985 [Τοῦ
509 4899 920 4982 τετραχοινίκου.
945 4903 975 4958 6
1000 4897 1104 4979 γὰρ
1132 4895 1381 4977 μέδιμνος
1408 4895 1644 4977 χοίνικας
1666 4894 1776 4975 ἔχει
1799 4892 1914 4972 μη’.

343 4988 541 5052 τούτων
567 4986 629 5049 τὸ
664 4988 814 5049 ἕκτον
843 4984 1002 5050 ὀκτώ.
1034 4986 1096 5047 τὸ
1121 4985 1288 5065 ἥμισυ
1329 4991 1421 5046 τοῦ
1459 4984 1643 5061 ἕκτου,
1678 4981 1915 5045 τουτέστι

2003 4805 2261 4866 δάκτυλον
2289 4802 2741 4884 ἀσελγαινόμενος.
2774 4803 2866 4863 ἐὰν
2893 4803 2950 4865 δὲ
2983 4804 3322 4888 περιαίρηται
3343 4853 3361 4886 ,
3392 4807 3568 4889 ἀμφό-
3603 4834 3668 4875 ω

2000 4916 2141 4975 τεροι
2160 4890 2471 4952 έσονταιτοῦ
2497 4891 2735 4975 γέροντος
2757 4892 3047 4962 ἀσυνδέτως
3069 4892 3353 4975 εἰρημένοι.
3457 4892 3588 4957 ’Άλ-

2001 4980 2160 5063 λως.]
2180 4979 2409 5041 δείκνυσι
2433 4979 2522 5040 τὸν
2553 4978 2711 5060 μέσον
2732 4977 2985 5041 δάκτυλον
3023 4983 3277 5065 αἰσχρῶς.
3309 4981 3452 5062 λέγει
3483 4978 3572 5044 οὖν
