3859 5725
393 322 504 375 158

464 462 565 504 m.
611 439 689 520 (τὸ
724 446 904 521 σκῖρον
937 436 1245 509 ἐξεδήδοκεν
1278 454 1293 496 :
1321 433 1513 515 Σκῖρον
1549 432 1611 493 τὸ
1641 433 1872 515 ῥυπῶδες
1898 430 1960 490 τὸ

387 528 476 589 ἐπὶ
498 532 602 589 τῶν
626 530 816 606 τυρῶν,
840 529 910 593 ὡς
936 524 1173 591 Εὔπολις
1199 525 1398 604 Χρυσῷ
1425 521 1563 601 γένει
1588 548 1611 573 α
1642 519 1823 587 λοιπὸς
1846 518 1952 600 γὰρ

390 644 413 671 ι
444 615 626 683 οὐδείς.
653 613 901 696 τροφαλὶς
927 612 1100 683 ἐκείνη
1130 612 1207 692 ἐφ’
1238 608 1377 690 ὕδωρ
1410 607 1609 689 βαδίζει
1637 615 1815 690 σκῖρον
1839 610 1956 684 ἠμ-
1997 608 2004 675 ἦ
2046 635 2070 659 «ι
2102 606 2288 684 μεύθη.
2316 634 2340 661 ιο

1528 300 1916 362 scnoLlA
1967 300 2052 361 IN
2102 299 2455 363 VESPAS.

2048 457 2072 484 α
2098 432 2275 510 μέντοι
2298 431 2557 505 Ἀθηναῖοι
2576 434 2737 494 αὑτοῦ
2751 435 2841 495 καὶ
2861 436 3039 514 γένους
3057 440 3331 522 ἀειφυγίαν
3349 444 3612 524 κατέγνω-

2046 546 2071 571 «
2097 541 2215 593 σαν,
2235 520 2563 601 προδιδόντος
2581 520 2677 593 τὴν
2701 522 2935 583 Ἑλλάδα
2950 571 2967 602 ,
2987 525 3078 585 καὶ
3096 531 3254 588 αὑτοῦ
3275 535 3309 601 ἡ
3335 532 3486 593 οὐσία
3502 535 3613 608 ἐδη·

2463 604 2683 678 Ἄλλως.
2710 612 3037 686 Θουκυδίδης
3063 617 3335 689 Μελησίου
3366 619 3473 688 υίὸς
3503 624 3614 682 Πε-

390 731 414 758 a
443 702 719 786 φιεσμένη.
756 728 781 755 υ
820 700 926 759 ἀπὸ
962 697 1147 759 τούτου
1190 697 1281 757 καὶ
1321 696 1390 756 τὰ
1429 695 1549 755 λίαν
1584 694 1957 776 προσεχόμενα
1997 681 2004 739 ‚³
2047 698 2215 777 ρικλεῖ
2236 696 2805 776 ἀντιπολιτευσάμενος.
2824 699 3074 783 τέσσαρες
3097 702 3155 762 δέ
3175 709 3276 764 εἰσι
3294 708 3615 769 Θουκυδίδαι

336 800 363 840 ⁶
389 794 758 872 ἐνεσκιρῶσθαι
781 788 1031 867 λέγεται.)

473 881 614 957 (⁹2⁶).
658 876 776 954 ἐμοὶ
795 874 852 934 δέ
868 876 916 954 γ’
938 876 1033 933 οὐκ
1054 872 1163 932 ἔστ’
1187 892 1202 933 :
1224 869 1354 933 “Ort
1372 870 1581 949 λέγεται
1603 868 1695 929 καὶ
1716 873 1786 948 γῆ
1810 891 1958 949 σκιρ-

393 964 510 1047 ρὰς,
532 962 693 1035 λευκή
718 986 795 1030 τις
824 961 1151 1042 [ὥςὴγύψος],
1179 959 1270 1019 καὶ
1294 959 1481 1031 Ἀθηνᾶ
1506 955 1762 1039 Σκιρρὰς,
1786 955 1865 1017 ὅτι
1889 959 1957 1036 τῇ

388 1054 551 1131 λευκῇ
593 1050 818 1132 χρίεται.
860 1048 990 1131 πρὸς
1023 1047 1118 1120 τὴν
1159 1047 1465 1125 ὁμωνυμίαν
1508 1037 1614 1105 οὗν.
1736 1043 1956 1111 Ἄλλως.

391 1140 507 1217 ἐμοὶ
534 1138 590 1197 δέ
606 1161 668 1217 γε
690 1139 785 1196 οὐκ
809 1135 969 1209 ἔστιν,
989 1125 1096 1194 οἷον
1122 1134 1295 1195 οὐκέτι
1317 1133 1426 1214 ἔχω
1444 1131 1562 1192 οὐδὲ
1581 1132 1844 1192 ἐκπλάσαι
1862 1130 1958 1203 τὴν

314 1235 367 1276 1⁰
390 1227 569 1308 ὑδρίαν
594 1228 655 1285 ἐκ
680 1229 773 1296 τῆς
801 1222 1071 1296 λατύπης,
1091 1222 1230 1281 ἀλλὰ
1252 1230 1403 1281 πᾶσα
1428 1220 1715 1280 ἀνάλωται.
1746 1218 1960 1278 εἰώθασι

391 1313 449 1373 δὲ
482 1313 551 1373 τὰ
591 1312 839 1393 ῥήγματα
874 1315 977 1370 τῶν
1016 1310 1204 1391 ὑδριῶν
1232 1315 1299 1390 τῇ
1335 1307 1550 1389 λατύπῃ
1593 1307 1954 1367 διαπλάττειν.

391 1399 544 1482 ὑδρία
582 1399 638 1459 δὲ
676 1398 738 1458 τὸ
784 1402 991 1478 ἀγγεῖον
1032 1395 1536 1478 ἰωτογραφούμενον,
1574 1394 1753 1476 ὑδρεία
1791 1393 1847 1454 δὲ
1897 1393 1959 1453 τὸ

392 1486 695 1570 ὑδρεύεσθαι
718 1485 806 1547 διὰ
829 1483 1123 1568 διφθόγγου.

469 1595 572 1638 997.
620 1577 697 1653 (οὗ
724 1571 827 1655 γὰρ
852 1573 915 1632 ἄν
943 1596 1071 1632 ποτε
1098 1572 1302 1653 τρέφειν
1329 1570 1525 1630 δύναιτ’
1555 1569 1620 1629 ἄν
1653 1588 1669 1631 :
1695 1569 1834 1629 Ἀντὶ
1868 1573 1960 1627 τοῦ

317 1683 368 1722 16
392 1653 467 1729 εἷς
488 1652 626 1730 οἶκος
652 1663 710 1721 οὗ
739 1659 959 1720 δύναται
982 1657 1190 1740 τρέφειν
1215 1656 1335 1725 τοὺς
1359 1656 1451 1718 δύο
1475 1655 1654 1723 κύνας.
1680 1654 1884 1736 εἴρηται
1903 1653 1960 1714 δὲ

397 1749 545 1830 παρὰ
557 1749 652 1822 τὴν
667 1747 981 1830 παροιμίαν,
998 1746 1096 1825 μία
1108 1744 1286 1826 λόχμη
1302 1744 1392 1804 δύο
1410 1743 1676 1827 ἐριθάκους
1690 1745 1749 1802 οὗ
1762 1741 1959 1824 τρέφει.

392 1833 615 1904 Ἄλλως.
635 1835 899 1917 παροιμία
913 1879 930 1909 ,
955 1837 1014 1894 οὐ
1037 1833 1214 1915 τρέφει
1239 1833 1337 1911 μία
1355 1831 1535 1913 λόχμη
1556 1830 1649 1892 δύο
1673 1830 1958 1914 ἐριθάκους.

394 1921 508 1983 ἔστι
530 1923 586 1983 δὲ
611 1924 788 2005 ὄρνεον
820 1922 921 1982 ὑπὸ
950 1921 1044 1999 μέν
1072 1944 1226 1980 τινων
1256 1919 1581 1998 καλούμενον
1609 1915 1829 2001 ἐριθεὺς,
1858 1918 1963 1978 ὑπὸ

393 2008 451 2070 δὲ
479 2009 668 2090 ἐτέρων
698 2009 948 2091 ἐρίθυλος,
972 2008 1075 2068 ὑπὸ
1096 2012 1201 2067 τῶν
1228 2008 1483 2066 πλειόνων
1508 2007 1788 2089 ἐρίθακος.)

315 2114 371 2155 90
472 2117 573 2158 936.
622 2100 700 2175 (οὗ
726 2095 1084 2175 κεκλάγξομαι
1108 2115 1124 2156 2
1149 2092 1299 2168 Ἐὰν,
1319 2093 1479 2178 φησὶ,
1504 2092 1581 2173 μὴ
1603 2090 1962 2173 καταδικάσῃς

396 2185 572 2257 αὐτὸν,
611 2182 785 2243 οὐκέτι
826 2182 1129 2264 κραυγάσω.
1167 2181 1255 2243 διὰ
1293 2180 1398 2265 γὰρ
1437 2187 1533 2255 τῆς
1573 2185 1700 2262 βοῆς
1738 2183 1786 2240 οἱ
1814 2178 1963 2246 κύνες

397 2274 749 2354 φρουροῦσιν.)

473 2379 575 2421 933.
622 2357 871 2438 (κλέπτον
886 2356 948 2417 τὸ
960 2362 1151 2439 χρῆμα
1168 2378 1183 2421 t
1199 2357 1340 2438 Ἀντὶ
1353 2363 1445 2417 τοῦ
1460 2355 1758 2418 κλεπτικόν.
1781 2353 1961 2424 ἔπαιξε

394 2445 472 2508 δέ.
494 2444 530 2518 ἢ
561 2449 616 2505 ἐν
639 2445 895 2527 κωμῳδία
917 2445 1122 2529 εἴρηται
1150 2445 1366 2528 τάνδρὸς
1391 2445 1483 2505 καὶ
1504 2449 1563 2506 οὗ
1591 2443 1778 2523 κυνός.)

315 2547 370 2587 2⁶
473 2552 572 2593 934.
618 2522 681 2610 (ὦ
700 2532 981 2614 ’λεκτρυών
1002 2554 1018 2594 2
1041 2532 1384 2615 Ὑπέρκειται
1401 2531 1607 2615 γὰρτοῧ
1624 2531 1961 2615 δικαστηρίου

396 2621 558 2679 αὑτοῦ
587 2618 906 2702 ἀλεκτρυὼν,
934 2623 1005 2689 ὡς
1029 2622 1100 2694 ἐν,
1110 2624 1218 2689 τοῖς
1249 2621 1358 2680 ἄνω
1390 2620 1669 2692 ἐδήλωσεν.
1698 2616 1964 2697 καταμύει

397 2706 455 2767 δὲ
482 2708 727 2769 ἐπινεύει.
760 2710 983 2791 οὑρῆσαι
1007 2708 1063 2768 δὲ
1087 2707 1249 2768 θέλων
1269 2706 1434 2786 ἀμίδα
1457 2709 1627 2785 αἰτεῖ.)

477 2816 576 2858 936.
627 2794 764 2876 (τοὺς
806 2797 1074 2879 μάρτυρας
1101 2796 1204 2880 γάρ
1241 2815 1257 2857 :
1293 2793 1444 2856 Ὅσα
1473 2798 1526 2854 ἐν
1562 2799 1640 2879 τῷ
1679 2794 1962 2878 μαγειρείῳ

398 2884 650 2967 τυγχάνει
674 2887 949 2968 ἐργαλεῖα,
976 2891 1069 2944 τοῦ
1093 2884 1294 2964 γελοίου
1317 2883 1473 2966 χάριν
1499 2883 1618 2953 ἄξαι
1643 2883 1769 2964 φησὶ
1790 2890 1962 2942 ταῦτα

318 2982 374 3025 ³0
397 2976 467 3042 εἰς
491 2973 785 3057 μαρτυρίαν
804 2976 984 3035 αὐτοῦ.
1004 2973 1096 3033 καὶ
1119 2972 1198 3033 ὅτι
1218 2975 1272 3032 ἐν
1294 2977 1371 3055 τῷ
1395 2971 1677 3055 μαγειρείῳ
1698 2971 1913 3054 ἡρπάγη
1934 2978 1964 3033 6

394 3085 457 3120 τυ
492 3060 562 3129 ός.

462 3064 582 3210 poan.)
623 3148 1058 3231 προσκεκαυμένα
1083 3169 1098 3211 :
1123 3148 1211 3211 Τὰ
1236 3150 1309 3217 εἰς
1332 3146 1394 3208 τὸ
1412 3146 1652 3208 καίεσθαι
1670 3146 1961 3220 ἐπιτήδεια.

407 3246 537 3294 Vicc.

478 3342 578 3383 94ῐ.
625 3313 752 3401 (οἶμ’
772 3322 876 3401 ἐγὼ
896 3324 1164 3403 χεσεῖσθαι
1194 3346 1207 3386 :
1229 3322 1374 3406 Πρὸς
1392 3321 1451 3381 τὸ
1469 3324 1689 3403 οὐρῆσαι
1710 3322 1964 3403 ἐπήνεγκε

318 3418 373 3459 ³⁶
399 3408 458 3468 τὸ
477 3411 747 3489 χεσεῖσθαι
765 3410 973 3483 ποιήσω
985 3411 1076 3470 τὸν
1097 3410 1342 3485 Αάὸητα.
1363 3413 1434 3478 ὡς
1452 3409 1712 3490 φιλόδικος
1733 3411 1788 3469 δὲ
1812 3413 1964 3470 ἀπεῖ-

396 3498 481 3556 λεῖ
502 3497 857 3556 καταδικάσαι
886 3497 1085 3577 αὐτόν.)

477 3604 575 3645 943.
624 3586 758 3662 (ἀλλ’
786 3584 907 3653 ὀδὰξ
944 3585 1057 3665 ἔχει
1089 3606 1105 3648 t
1147 3577 1276 3646 Οῖον
1305 3581 1452 3643 οὐδὲν
1496 3582 1798 3666 φθέγγεται,
1824 3583 1964 3644 ἀλλὰ

398 3670 516 3740 τοὺς
567 3672 780 3740 ὀδόντας
821 3673 1078 3745 δηκτικῶς
1121 3672 1337 3752 κατέχει
1377 3676 1405 3731 6
1457 3671 1617 3733 κύων.
1740 3669 1962 3741 Ἄλλως.

400 3759 753 3843 διασπαράξαι
780 3761 957 3840 βούλει
978 3768 1084 3827 τοῖς
1112 3762 1286 3819 ὀδοῦσι
1308 3759 1397 3819 τὸν
1424 3757 1555 3818 κύνα
1571 3805 1587 3836 ,
1610 3757 1678 3818 ἵν’
1707 3751 1742 3840 ᾖ
1768 3759 1828 3819 τὸ
1851 3759 1964 3841 ἔχει

320 3866 378 3906 46
400 3848 639 3930 δευτέρου
667 3845 950 3929 προσώπου
977 3847 1248 3925 Ἀττικοῦ.)

477 3958 573 3999 947.
617 3935 749 4018 ὅπερ
779 3936 907 3996 ποτὲ
940 3936 1142 4018 φεύγων
1169 3936 1359 3996 ἔπαθεν
1392 3955 1406 3998 :
1442 3936 1791 4014 (Θουκυδίδην
1824 3934 1966 4015 λέγει

397 4025 487 4085 τὸν
511 4026 801 4104 Μελησίου)
829 4025 1267 4107 [Αλιιητεκῆθενᾟ.
1294 4031 1476 4086 τοῦτον
1498 4025 1552 4085 δὲ
1576 4024 1965 4107 ἐξωστράκισαν

401 4115 659 4187 Ἀθηναῖοι
691 4113 758 4173 τὰ
794 4115 827 4172 ι’
859 4113 949 4187 ἔτη
988 4111 1125 4172 κατὰ
1155 4112 1245 4173 τὸν
1276 4113 1450 4192 νόμον·
1484 4115 1569 4193 (οὗ
1600 4112 1738 4183 ξένον
1773 4112 1856 4184 δὲ,
1885 4112 1966 4171 ὅτι

401 4201 613 4284 ἑτέρωθι
631 4200 727 4280 μὲν
749 4200 1159 4283 ἔξωστρακίσθαι
1180 4200 1337 4283 φησὶν
1359 4201 1537 4281 αὐτὸν,
1556 4207 1645 4260 νῦν
1666 4201 1719 4260 δὲ
1741 4200 1965 4283 φεύγειν.

320 4309 377 4350 46
401 4281 534 4357 εἶδος
556 4289 658 4371 γάρ
677 4314 727 4349 τι
751 4294 917 4371 φυγῆς
940 4293 1079 4350 ἐστιν
1095 4294 1124 4349 6
1141 4289 1507 4371 ὀστρακισμός.
1534 4292 1588 4348 ἐν
1603 4287 1659 4348 δὲ
1677 4290 1783 4357 τοῖς
1806 4288 1966 4347 εἴδεσι

401 4377 705 4459 περιέχεται
730 4377 799 4437 τὰ
821 4377 964 4457 γένη.
989 4375 1080 4436 καὶ
1103 4378 1163 4436 τὸ
1194 4376 1289 4455 μὲν
1318 4376 1733 4460 ἐξωστρακίσθαι
1758 4375 1966 4458 φεύγειν

401 4464 464 4524 ἄν
491 4489 568 4533 τις
596 4464 806 4534 εἰκότως
830 4465 994 4540 εἴποι,
1023 4465 1083 4524 τὸ
1116 4465 1170 4525 δὲ
1201 4465 1408 4547 φεύγειν
1440 4464 1614 4525 οὐκέτι
1649 4463 1968 4546 ἐξωστρακί-

401 4554 562 4628 σθαι.)
595 4551 826 4635 διαφέρει
859 4551 962 4633 γὰρ
991 4551 1127 4635 φυγὴ
1162 4556 1552 4635 ὀστρακισμοῧ,
1580 4552 1711 4612 καθὸ
1738 4556 1843 4611 τῶν
1869 4550 1965 4630 μὲν

403 4639 693 4720 φευγόντων
732 4642 788 4698 αἱ
818 4638 991 4699 οὐσίαι
1025 4639 1371 4717 δημεύονται,
1407 4644 1511 4700 τῶν
1542 4639 1596 4699 δὲ
1624 4643 1965 4722 ὀστρακισμῷ

324 4743 379 4785 60
404 4726 776 4806 μεταστάντων
806 4727 979 4787 οὗκέτι
1013 4727 1206 4810 (κύριος
1227 4732 1255 4787 6
1282 4730 1463 4807 δῆμος.
1493 4727 1585 4787 καὶ
1620 4736 1726 4796 τοῖς
1750 4726 1846 4808 μὲν
1874 4734 1968 4792 καὶ

2046 783 2334 858 Ἀθηναῖοι,
2357 789 2386 842 6
2408 785 2805 868 ἱστοριογράφος
2818 788 2911 847 καὶ
2931 793 2958 847 6
2978 791 3300 872 Γαργήττιος
3317 795 3409 853 καὶ
3433 799 3462 854 6
3479 798 3614 858 Θετ·
3639 823 3665 862 5

2044 871 2200 939 ταλὸς
2227 872 2319 930 καὶ
2353 864 2500 940 οὗτος
2530 872 2702 955 ῥήτωρ
2735 875 2942 956 ἄριστος
2973 878 3267 959 τυγχάνων,
3298 881 3353 949 ὃς
3379 907 3616 964 κατηγο-

2050 958 2218 1040 ρηθεὶς
2238 963 2291 1019 ἐν
2311 963 2387 1040 τῷ
2407 960 2632 1030 δικάζειν
2653 965 2747 1021 οὐκ
2766 963 2998 1037 ἠδυνήθη
3021 968 3456 1047 ἀπολογήσασθαι
3484 970 3615 1053 ὑπὲρ

2045 1049 2234 1106 ἑαυτοῦ
2249 1091 2264 1119 ,
2296 1047 2412 1106 ἀλλ’
2437 1046 2617 1130 ὥσπερ
2647 1050 3067 1130 ἐγκατεχομένην
3089 1053 3215 1135 ἔσχε
3236 1054 3332 1127 τὴν
3357 1059 3619 1137 γλῶτταν,

2044 1133 2137 1193 καὶ
2166 1133 2302 1194 οὕτω
2325 1135 2677 1208 κατεδικάσθη
2692 1181 2708 1210 ,
2727 1128 2840 1197 εἶτα
2863 1138 3271 1222 ἐξωστρακίσθη.
3394 1143 3616 1215 Ἄλλως.

2045 1220 2176 1302 πρὸς
2197 1220 2294 1294 τὴν
2322 1222 2578 1301 ἱστορίαν.
2611 1223 2822 1301 μήποτε
2849 1229 2877 1284 6
2900 1228 3154 1309 Περικλεῖ
3179 1232 3614 1293 ἅντιπολιτευσά-
3647 1260 3697 1299 ιο

2048 1332 2216 1387 μενος.
2245 1316 2399 1369 τοῦτο
2421 1309 2475 1369 δὲ
2506 1310 2804 1392 Φιλόχορος
2837 1312 2933 1391 μὲν
2961 1317 3176 1397 ἱστορεῖ.
3212 1317 3266 1385 ὃς
3295 1320 3414 1378 οὐδὲ
3444 1319 3618 1395 πάντη

2046 1396 2304 1478 γνώριμος
2326 1397 2546 1477 ἐγένετο·
2573 1401 2691 1459 ἀλλ’
2712 1402 2829 1460 οὐδὲ
2852 1400 3000 1482 παρὰ
3026 1413 3135 1472 τοῖς
3156 1408 3431 1485 κωμικοῖς,
3454 1408 3542 1468 διὰ
3559 1409 3621 1469 τὸ

2047 1485 2129 1544 ἐπ’
2179 1485 2351 1564 ὀλίγον
2404 1486 2680 1568 στρατείας
2726 1487 3009 1556 ἀξιωθέντα
3060 1491 3195 1568 μετὰ
3245 1494 3486 1563 Κλέωνος
3533 1497 3622 1555 ἐπὶ

2048 1570 2266 1653 Θράκης
2299 1577 2437 1654 φυγῇ
2473 1576 2954 1655 καταψηφισθῆναι.
2997 1576 3122 1636 ἔνιοι
3147 1578 3231 1654 δὲ,
3264 1571 3337 1638 ὧν
3365 1581 3456 1640 καὶ
3484 1582 3622 1661 Ἀμ-

2049 1659 2238 1736 μώνιος
2272 1664 2363 1718 τοῦ
2402 1660 2704 1745 Στεφάνου,
2748 1664 2775 1689 ¹*
2802 1663 2833 1694 ⁴¹
2859 1664 2890 1693 '⁵‘
2914 1662 3006 1722 καὶ
3031 1671 3185 1725 τοῦτο
3220 1665 3276 1726 δὲ
3313 1668 3487 1727 ὑπίδοι
3512 1692 3621 1745 τις,
3652 1697 3700 1736 ιι,

2047 1744 2226 1828 ὥσπερ
2248 1747 2589 1833 προείρηται.
2626 1754 2656 1809 6
2681 1749 2955 1828 γενόμενος
2990 1754 3344 1835 ὀστρακισμὸς
3380 1756 3624 1837 ἐμφαίνει

2047 1834 2137 1893 τὸν
2168 1834 2441 1906 Μελησίου
2464 1835 2556 1896 καὶ
2583 1835 2672 1895 τὸν
2695 1837 3125 1920 ὀστρακισθέντα.
3156 1841 3476 1920 Θεόπομπος
3500 1844 3624 1923 μέν·

2047 1944 2128 1981 τοι
2149 1925 2177 1980 6
2195 1922 2452 2003 ἱστορικὸς
2467 1922 2554 1982 τὸν
2580 1923 2878 1987 Πανταίνου
2901 1926 3057 2007 φησὶν
3095 1928 3624 1992 ἀντιπολιτεύσασθαι

2049 2011 2331 2092 Περικλεῖ,
2375 2010 2491 2070 ἀλλ’
2530 2012 2626 2070 οὐκ
2670 2011 2991 2095 Ἀνδροτίων,
3033 2015 3172 2075 ἀλλὰ
3211 2018 3302 2077 καὶ
3337 2018 3493 2088 αὐτὸς
3532 2019 3623 2080 τὸν

2048 2095 2366 2177 Μελησίου.)

2127 2203 2226 2244 949.
2272 2183 2383 2243 δέον
2407 2185 2571 2244 εἰπεῖν
2596 2181 2694 2257 τὴν
2716 2188 2981 2265 γλῶσσαν.
3007 2200 3072 2247 V.

2129 2290 2226 2331 949.
2272 2271 2482 2354 (πάρεχ’
2520 2273 2756 2333 ἐκποδών
2784 2294 2800 2335 2
2830 2275 3104 2346 Λακτίσας
3129 2277 3220 2337 τὸν
3249 2277 3410 2355 κύνα,
3441 2280 3624 2362 φησὶν,

2050 2357 2349 2440 ἂναχώρει.)
2376 2359 2497 2427 τοὺς
2519 2359 2850 2443 συκοφάντας
2879 2361 3067 2432 λύκους
3089 2368 3259 2425 καλεῖ.

2127 2467 2228 2612 ⁹3³.
2273 2446 2591 2527 (ξυνωμότης
2614 2470 2628 2510 :
2660 2450 2949 2532 Προδότης.
2975 2456 3045 2521 ὥς
3072 2453 3160 2513 ἐπὶ
3178 2454 3450 2538 ἀνθρώπου
3474 2456 3531 2517 δὲ
3548 2448 3628 2518 εῖ-

2049 2556 2164 2593 πεν.
3655 2577 3707 2616 25

2129 2642 2226 2682 966.
2270 2612 2403 2703 (οἷός
2426 2647 2485 2682 τε
2509 2643 2525 2685 :
2557 2623 2790 2691 Δυνατός
2817 2626 2957 2701 ἐστι,
2987 2626 3146 2708 φησὶ,
3174 2629 3457 2711 προὸάτων
3489 2655 3629 2715 προ-

2049 2704 2337 2787 ἵστασθαι.)

2128 2816 2226 2858 966.
2269 2797 2358 2856 τὸν
2390 2796 2544 2880 τυρὸν
2580 2800 2625 2858 εἷ
2657 2798 2919 2859 κατεσθίει
2948 2820 2964 2864 2
2994 2798 3169 2885 Ἄλλῳ
3208 2803 3422 2889 τρόπῳ,
3470 2808 3626 2889 φησὶ,

2053 2886 2295 2967 βλάπτει.
2336 2898 2460 2946 Vict.

2129 2994 2226 3035 969.
2266 2974 2545 3057 κιθαρίζειν
2586 2974 2690 3058 γὰρ
2731 2979 2826 3036 οὑκ
2867 2976 3150 3039 ἐπίσταται
3193 3001 3209 3041 :
3251 2982 3427 3058 (Ἱὶσεὶ
3456 2974 3622 3044 εἶπεν·
3653 3013 3708 3053 30

2052 3060 2199 3121 οὐδὲν
2226 3062 2355 3122 ἄλλο
2370 3062 2649 3123 ἐπίσταται
2668 3064 2810 3139 πλὴν
2833 3065 2894 3125 τὸ
2918 3065 3207 3146 κλέπτειν.)
3234 3071 3381 3152 παρὰ
3402 3070 3496 3143 τὴν
3518 3096 3623 3132 πα·

2055 3149 2263 3229 ροιμίαν
2286 3177 2310 3204 κ
2334 3154 2468 3230 πεζῇ
2497 3151 2694 3230 βαδίζω
2709 3197 2725 3225 ,
2749 3162 2853 3212 νεῖν
2886 3153 2987 3235 γὰρ
3015 3157 3110 3214 οὐκ
3133 3155 3442 3236 ἐπίσταμαι.
3467 3187 3492 3212 υ
3526 3162 3628 3238 (οὑ-

2054 3235 2136 3295 δὲν
2175 3236 2229 3296 δὲ
2266 3236 2395 3319 πρὸς
2437 3235 2576 3305 ἔπος.
2619 3238 2734 3298 δέον
2775 3239 2877 3321 γὰρ
2915 3243 3077 3302 εἰπεῖν
3111 3244 3213 3303 ὑπὸ
3253 3244 3433 3319 πείνης
3470 3252 3627 3308 τοῦτο

2051 3333 2222 3399 ποιεῖ,
2247 3328 2275 3383 6
2299 3323 2355 3384 δὲ
2378 3325 2507 3406 παρ’
2534 3325 2781 3386 ὑπόνοιαν
2811 3334 2967 3388 τοῦτο
2995 3330 3299 3411 ἐπήγαγεν.)

2131 3433 2229 3473 969.
2276 3412 2382 3472 ἀπὸ
2411 3418 2583 3472 κοινοῦ
2609 3413 2670 3473 τὸ
2694 3414 3028 3477 ἐπίστασθαι.
3061 3429 3125 3476 V.
3648 3453 3711 3495 85

2132 3518 2229 3559 ⁹61.
2271 3502 2576 3579 κακουργῶν
2602 3499 2842 3582 ἐνέγραφ’
2865 3509 2992 3578 ἡμῖν
3021 3522 3036 3562 :
3070 3505 3142 3569 ὡς
3181 3504 3413 3585 γραπτὸν
3453 3507 3619 3566 δεδω-

2052 3585 2202 3653 κότος
2227 3584 2381 3665 λόγον
2411 3592 2501 3645 τοῦ
2531 3587 2952 3666 ἀπολογουμένου
2981 3589 3149 3657 κυνός.
3180 3604 3241 3650 R.
3280 3604 3331 3651 V.
3371 3604 3497 3653 Vict.

2132 3693 2231 3733 9⁰2.
2280 3675 2399 3752 (τῶν
2424 3672 2703 3754 μαρτύρων
2731 3693 2747 3735 :
2772 3674 3227 3755 Ἀπολογουμένων
3256 3682 3536 3758 δηλονότι.)

2129 3780 2225 3820 963.
2269 3760 2580 3842 τυρόκνηστι
2609 3780 2624 3820 z
2658 3759 2774 3833 Τὴν
2814 3762 3116 3842 ἀπολογίαν.
3156 3785 3218 3832 v.
3249 3770 3340 3846 (ὡς
3373 3770 3504 3852 πρὸς
3530 3770 3620 3832 τὸν

2053 3849 2280 3928 Χάρητα
2306 3847 2467 3907 πάλιν
2494 3848 2587 3907 καὶ
2610 3855 2792 3923 τοῦτο,
2817 3854 2888 3918 ὡς
2916 3853 2970 3909 ἐν
2995 3854 3288 3938 κωμῳδίᾳ.)
3648 3892 3708 3934 ⁴0

2131 3957 2232 3997 964.
2279 3935 2619 4014 (ταμιεύουσα
2654 3957 2670 3999 :
2704 3937 2799 3999 Ἐν
2822 3942 2900 4020 τῷ
2932 3940 3136 4023 ταμείῳ
3159 3933 3310 4006 οῧσα.
3337 3947 3391 4005 ἐν
3420 3945 3621 4016 τούτοις

2055 4025 2147 4084 καὶ
2177 4023 2285 4105 ὅλῳ
2307 4027 2382 4104 τῷ
2404 4023 2583 4105 τρόπῳ
2605 4030 2700 4098 τῆς
2723 4025 2868 4099 δίκης
2891 4028 3283 4111 ἐχαρακτήρισε
3305 4024 3401 4100 τὰς
3428 4034 3481 4092 ἐν
3504 4037 3622 4102 ταῖς

2053 4111 2289 4178 εὐθύναις
2310 4114 2416 4170 τῶν
2436 4112 2707 4192 ἀρχόντων
2733 4113 3056 4193 ἀπολογίας.)

2132 4219 2230 4259 966.
2279 4198 2625 4276 (κατέκνησας
2656 4220 2671 4260 z
2706 4199 2845 4260 Ἀντὶ
2873 4208 2965 4261 τοῦ
3002 4201 3209 4282 ἔτεμες,
3236 4204 3484 4286 ἕμέρισας
3513 4210 3623 4275 τοῖς

2054 4285 2427 4368 στρατιώταις,
2472 4284 2507 4343 ἃ
2555 4284 2743 4354 ἔλαὸες
2785 4286 2960 4369 τυρία.
3009 4293 3079 4356 ὡς
3122 4290 3210 4350 ἐπὶ
3255 4291 3510 4368 δημοσίου
3563 4291 3620 4351 δὲ
3649 4329 3706 4372 ⁴5

2052 4374 2364 4456 πράγματος
2390 4371 2717 4442 ἀξιοπιστίαν
2746 4384 3096 4456 περιποιεῖται
3117 4383 3184 4458 τῇ
3216 4379 3509 4463 μαρτυρίᾳ,
3531 4379 3624 4440 διὰ

2052 4468 2143 4522 τοῦ
2166 4461 2512 4545 στρατιώταις
2532 4463 2695 4521 εἰπεῖν
2718 4463 3072 4542 τετμηκέναι.)

2133 4571 2229 4612 968.
2277 4550 2391 4631 (καὶ
2419 4549 2668 4632 τραχήλι’
2696 4550 2855 4610 ἐσθίει
2886 4570 2900 4610 :
2937 4550 3024 4612 Τὰ
3048 4551 3188 4633 ἄκρα
3215 4553 3397 4614 καὶτὰ
3433 4556 3623 4630 εὐτελῆ

2054 4638 2204 4722 κρέα.
2231 4640 2285 4697 ἐν
2313 4641 2420 4705 τοῖς
2445 4636 2789 4717 ὑπομνήμασι
2814 4637 2869 4696 δὲ
2890 4637 3184 4720 γέγραπται
3207 4641 3330 4726 περὶ
3362 4646 3465 4701 τῶν
3489 4665 3625 4724 τρα-

2052 4724 2257 4807 χηλίων
2280 4723 2468 4792 οὕτως·
2492 4724 2562 4783 τὰ
2585 4725 2998 4803 ἀποὸαλλόμενα
3025 4731 3129 4787 τῶν
3163 4728 3327 4810 ὄψων,
3351 4733 3422 4798 ὥς
3449 4727 3622 4812 μικρὰ
3650 4767 3707 4809 50

3651 2140 3705 2180 20

401 4812 557 4881 τόπος
577 4814 853 4874 ἀπεδίδοτο
879 4815 971 4875 καὶ
996 4816 1206 4897 χρόνος,
1234 4824 1342 4883 τοῖς
1369 4813 1424 4874 δὲ
1451 4814 1717 4897 οὐδέτερον
1745 4815 1964 4877 τούτων.
2055 4813 2364 4880 κλέπτοντος
2386 4815 2564 4875 αὐτοῦ.
2593 4813 2929 4885 πεπλάνηται
2953 4813 3026 4873 δέ.
3054 4814 3240 4875 ἔστιδὲ
3263 4815 3550 4900 τραχήλιόν
3567 4840 3623 4876 τι

404 4900 483 4959 ὅτι
513 4900 567 4960 δὲ
599 4906 629 4961 6
664 4900 946 4974 Ἀθηναίων
981 4905 1146 4981 δ’ἥμος
1179 4902 1453 4984 ἀειφυγίαν
1487 4905 1645 4961 αὐτοῦ
1677 4901 1969 4983 καταγνοὺς

2060 4902 2230 4984 βραχὺ
2263 4900 2478 4975 τελέως,
2509 4900 2882 4984 παραπλήσιον
2918 4910 3028 4971 τοῖς
3058 4897 3351 4984 κυρηὸίοις,
3380 4903 3623 4965 τουτέστι

402 4987 660 5067 ἐδήμευσε
676 4987 772 5061 τὴν
793 4989 993 5064 οὐσίαν,
1013 4990 1104 5049 καὶ
1120 4989 1249 5071 πρὸς
1267 4988 1602 5072 Ἀρταξέρξην
1622 4981 1719 5063 ’ἧκε
1742 4993 1967 5072 φεύγων,
2057 4990 2315 5072 πιτύροις,
2340 4998 2447 5056 τοῖς
2472 4989 2576 5048 ἀπὸ
2602 4993 2708 5049 τῶν
2730 4994 2918 5072 κριθῶν
2940 4991 3336 5073 ἀποδρέγμασι,
3356 5000 3462 5061 τοῖς
3485 4991 3624 5072 ἀχύ-

406 5075 569 5159 σαφὲς
583 5085 725 5137 ποιεῖ
743 5075 1033 5156 Ἰδομενεὺς
1052 5076 1138 5137 διὰ
1157 5081 1247 5138 τοῦ
1271 5079 1320 5159 β’
1341 5076 1429 5137 τὸν
1444 5075 1637 5160 τρόπον
1655 5083 1853 5153 τοῦτον,
1870 5104 1894 5131 «ι
1916 5081 1965 5136 οἱ

2063 5101 2182 5160 ροις.
2221 5076 2462 5156 λέγονται
2497 5075 2552 5136 δὲ
2595 5076 2688 5137 καὶ
2715 5079 2999 5160 ἀρσενικῶς
3021 5082 3070 5138 οἱ
3099 5080 3374 5161 τράχηλοι.
3411 5078 3523 5142 ἔστι
3560 5079 3627 5142 δὲ
