3859 5725
278 228 393 284 204

1433 234 1812 297 SCHOLIA
1863 239 1960 300 IN
2012 242 2332 308 PACEM.

275 347 351 428 μὴ
376 351 754 431 ἐπιγινώσκειν,
776 355 911 436 μόνα
936 356 992 418 δὲ
1014 357 1207 420 εἰδέναι
1233 360 1302 420 τὰ
1322 360 1630 426 Σιὸύλλεια.
1657 368 1715 426 οὗ
1739 365 1843 449 γὰρ
1939 378 2168 455 στροφῆς
2193 375 2260 435 τὰ
2288 379 2435 438 κῶλα
2472 380 2559 460 ιγ’.
2600 380 2669 441 τὰ
2701 385 2778 463 α’,
2817 386 2863 445 θ’
2890 392 3222 471 χοριαμὸικὰ
3259 401 3500 477 ἡμιόλια.

271 438 440 497 κεῖται
465 445 633 501 ταῦτα
655 444 806 527 παρὰ
828 444 1083 528 Σιὸύλλῃ.

356 544 482 589 1098.
528 531 810 610 ἐπιδημίου
848 555 863 594 :
899 534 979 595 Τὸ
1015 534 1295 614 ἐπιδημίου
1333 538 1428 598 οὐκ
1455 536 1567 598 ἔστι
1602 540 1733 621 πρὸς
1772 540 1841 601 τὰ

271 613 620 693 προκείμενα,
646 619 774 699 πρὸς
797 621 1129 703 ἀλλοχώρους
1146 621 1247 703 γὰρ
1274 615 1340 697 ἦν
1363 629 1395 684 ὃ
1420 623 1676 703 πόλεμος,
1702 628 1840 688 ἀλλὰ

216 721 244 762 ⁶
272 702 474 776 μᾶλλον
514 704 644 785 πρὸς
678 706 739 783 τὸ
780 708 1014 788 πολέμου
1052 709 1253 792 ἔραται.
1286 715 1333 771 εἰ
1372 712 1447 791 μὴ
1482 714 1586 797 ἄρα
1626 720 1693 796 τῇ
1734 719 1838 776 τῶν

271 785 543 861 Ἑλλήνων
567 794 824 877 ὀνομασία
847 796 1121 875 ἐπιδήμιος
1143 797 1277 868 δόξει
1297 802 1732 881 Λακεδαιμονίοις
1749 803 1840 863 καὶ

269 873 557 949 Ἀθηναίοις
585 883 614 937 ὁ
634 879 883 960 πόλεμος.

353 983 479 1024 1101.
524 969 595 1034 ὡς
623 959 768 1037 οὗτος
794 970 1012 1053 φοόερὸς
1043 993 1061 1034 t
1092 973 1229 1034 Ἀντὶ
1250 982 1341 1036 τοῦ
1370 978 1532 1036 εἰπεῖν
1566 981 1595 1037 ὁ
1621 977 1839 1048 ἴκτινος·

264 1052 497 1130 χαλεπὸς
515 1052 616 1136 γὰρ
639 1049 785 1125 οὗτος
802 1061 908 1126 τοῖς
926 1059 1264 1141 σπλάγχνοις.
1387 1062 1605 1132 Ἄλλως.
1626 1065 1839 1126 εἰώθασι

190 1159 240 1200 10
272 1139 373 1221 γὰρ
403 1144 452 1199 οἱ
476 1141 690 1218 μάντεις
722 1146 857 1223 μετὰ
882 1146 980 1220 τὴν
1009 1148 1226 1209 ἔκὸασιν
1250 1154 1354 1210 τῶν
1390 1152 1722 1233 πραγμάτων
1746 1154 1835 1213 λε’-

266 1250 379 1306 γειν
403 1226 483 1286 ὅτι
504 1231 753 1311 προῄδειν
795 1239 950 1294 τοῦτο
976 1235 1037 1295 τὸ
1071 1236 1334 1315 ἐσόμενον.
1361 1239 1485 1322 πρὶν
1511 1237 1568 1299 δὲ
1598 1241 1838 1319 γενέσθαι

265 1311 384 1373 οὔτε
407 1310 686 1396 προΐσασιν
716 1319 861 1380 οὐδὲν
889 1320 1008 1381 οὔτε
1032 1321 1287 1403 λέγουσιν.

366 1422 487 1462 110³.
534 1407 845 1484 βαλανεύσω
890 1429 906 1470 :
964 1411 1303 1486 Διακονήσω,
1348 1415 1693 1496 ὑπουργήσω,
1742 1415 1835 1474 καὶ

263 1489 433 1569 ἐγχέω
461 1493 693 1569 ἐμαυτοῦ
727 1495 851 1554 τῶν’
879 1499 1136 1559 σπονδῶν.
1188 1499 1294 1559 ἀπὸ
1321 1504 1425 1560 τῶν
1455 1506 1660 1571 ἑαυτοῖς
1707 1505 1833 1563 ἐπι-

183 1599 234 1639 15
259 1577 487 1658 χεόντων
519 1581 681 1664 ὕδωρ,
710 1581 745 1655 ἢ
778 1583 875 1652 τὰς
908 1586 1165 1666 βαλάνους
1200 1588 1536 1668 κρυπτόντων
1572 1595 1649 1674 τῷ
1670 1591 1830 1673 πυρί.

258 1660 479 1734 Ἄλλως.
518 1669 709 1749 κυρίως
737 1673 826 1730 ἐπὶ
864 1679 957 1732 τοῦ
983 1672 1078 1742 τὰς
1125 1675 1382 1756 βαλάνους
1428 1681 1622 1738 ὀπτᾶν·
1652 1687 1739 1740 νῦν
1776 1680 1831 1739 δὲ

259 1754 442 1822 ἁπλῶς
466 1757 724 1818 ὀπτεύσω.
750 1759 810 1819 τὸ
836 1758 892 1819 δὲ
914 1762 1115 1836 σπονδὴ
1145 1766 1342 1839 σπονδή
1368 1768 1745 1852 παρεπιγραφὴ
1774 1772 1829 1829 ἑν

257 1840 477 1901 εἰσθέσει
499 1842 672 1904 κώλου
695 1845 1033 1908 δισπονδείου.

342 1949 464 1990 1109.
508 1933 770 2015 πρόσφερε
809 1932 907 2007 τὴν
945 1939 1184 2015 γλῶτταν
1228 1959 1244 1999 t
1291 1942 1415 2001 Κάκ
1456 1939 1640 2003 τούτου
1679 1945 1829 2016 δηλοῖ

176 2045 230 2086 20
256 2014 337 2074 ὅτι
366 2016 472 2100 ἰδία
509 2020 814 2099 τετμημένη
848 2023 1202 2107 προσεφέρετο
1233 2031 1268 2099 ἡ
1305 2030 1519 2106 γλῶττα
1547 2031 1697 2113 παρὰ
1720 2037 1825 2092 τῶν

254 2106 521 2166 παλαιῶν.

333 2192 588 2274 ἀπένεγκε
635 2216 650 2256 :
688 2196 1019 2276 Ἀπόπεμπε.
1067 2199 1187 2272 ἤτοι

253 2278 575 2361 σπλάγχνων
607 2282 743 2362 μηδὲ
772 2293 1144 2367 μετασχοῦσαν
1175 2294 1270 2362 τῆς
1297 2294 1558 2373 σπονδῆς,
1590 2299 1661 2364 ὡς
1691 2298 1821 2377 βλά·
1908 2317 2150 2394 axa-2022„

251 2390 440 2449 σφημα
468 2369 561 2429 καὶ
592 2371 799 2454 πονηρὰ
830 2375 1241 2453 μαντευομένην.

170 2497 225 2537 2⁶
333 2476 454 2517 1112.
497 2457 627 2541 πρίν
650 2482 741 2520 κεν
763 2459 919 2529 λύκος
942 2453 1017 2521 οἷν
1041 2468 1279 2543 ὑμεναιοῖ
1315 2489 1330 2528 :
1359 2469 1818 2549 Ἀντεμπαίζουσιν

251 2545 429 2626 αὐτῷ,
453 2546 636 2615 αὐτοὺς
675 2547 794 2617 τοὺς
827 2549 1036 2631 στίχους
1068 2553 1468 2634 ἀποκρινόμενοι
1500 2559 1630 2640 πρὸς
1662 2561 1818 2621 αὐτὸν

248 2632 388 2691 κατὰ
430 2631 525 2700 τὰς
554 2634 790 2706 ἀξιώσεις
817 2639 1007 2712 αὐτοῦ,
1046 2639 1134 2709 οὓς
1168 2641 1330 2724 ὀλίγῳ
1363 2643 1614 2727 πρότερον
1642 2650 1818 2719 αὐτοῖς

248 2709 417 2799 εἶπεν,
447 2724 543 2782 οὐκ
566 2723 931 2806 ἐπιτρέποντος
953 2726 1056 2800 ἤδη
1078 2726 1176 2800 τὴν
1204 2729 1415 2810 εἰρήνην
1438 2734 1694 2811 γενέσθαι.

331 2829 454 2872 111³.
499 2811 672 2880 ἄλλως
698 2833 713 2874 z
745 2812 885 2873 Ἀντὶ
908 2819 999 2874 τοῦ
1028 2813 1218 2893 μάτην·
1245 2819 1305 2878 οὗ
1332 2818 1436 2904 γὰρ
1462 2821 1675 2892 πείσεις.

166 2922 221 2965 ⁸0
328 2917 448 2958 1115.
491 2900 946 2981 συσπλαγχνεύετε
997 2924 1013 2963 :
1067 2905 1392 2985 Συγγεύεσθε
1445 2913 1550 2970 τῶν
1602 2912 1813 2994 σπλάγ-

241 3010 257 3020 ·
280 3009 402 3047 νων.

241 3010 282 3067 χ
325 3095 448 3136 1118.
499 3077 616 3135 ἀλλ’
645 3075 957 3157 ἁρπάσομαι
997 3101 1012 3141 :
1055 3083 1467 3165 Παρεπιγραφή·
1508 3093 1675 3146 ταῦτα
1710 3088 1815 3171 γὰρ

241 3160 402 3222 εἰπὼν
429 3162 675 3242 χλευάζει
694 3164 785 3223 καὶ
813 3168 1038 3236 ἀναιδῶς
1061 3169 1302 3251 ἁρπάζει.
1322 3173 1415 3232 καὶ
1436 3175 1812 3256 ἐπιδραμόντες

239 3249 533 3310 κατέλαὸον
558 3250 648 3310 καὶ
672 3252 990 3327 ἑτύπτησαν.

159 3377 212 3415 ⁸5
322 3357 444 3398 1119.
498 3338 588 3397 τὸν
634 3339 800 3399 Βάκιν
827 3361 843 3400 t
872 3341 984 3402 Τὸν
1009 3342 1232 3412 Βάκιδος
1261 3347 1534 3428 χρησμοὺς
1569 3350 1806 3432 λέγοντα.

237 3424 555 3502 τυπτόμενος
583 3426 637 3484 δὲ
667 3426 809 3505 λέγει
835 3431 865 3486 ὃ
889 3428 1152 3509 Ἱεροκλῆς
1180 3432 1537 3516 μαρτύρομαι.

321 3531 442 3572 1120.
485 3511 666 3585 τένθης
689 3535 703 3573 ;
734 3513 941 3595 Λίχνος·
966 3516 1161 3577 τένθειν
1182 3519 1286 3600 γὰρ
1316 3521 1376 3581 τὸ
1398 3523 1604 3585 ἐσθίειν.

318 3618 439 3661 1123.
485 3599 753 3678 &My-Gon?
801 3602 954 3670 αὐτὸς
994 3624 1009 3664 :
1052 3604 1145 3674 Ὡς
1180 3610 1286 3666 τῶν
1327 3609 1565 3686 μάντεων
1604 3604 1804 3680 ’ἐξαπα-

235 3683 446 3745 τώντων
470 3687 561 3746 καὶ
585 3690 644 3746 οὗ
669 3687 886 3758 δεόντως
903 3692 1278 3772 κερδαινόντων
1302 3697 1395 3756 καὶ
1422 3697 1803 3777 λαμὸανόντων

157 3801 209 3842 40
234 3772 303 3833 τὰ
328 3773 520 3837 κώδια.

313 3861 574 3921 ἐκὸολὸιῶ
607 3880 623 3922 2
662 3861 944 3946 Ἐξορύξω.
984 3868 1092 3925 ἀπὸ
1126 3872 1230 3927 τῶν
1271 3868 1391 3937 τοὺς
1435 3872 1659 3950 βολὸοὺς
1700 3897 1803 3955 χα-

1224 2201 1299 2279 μὴ
1341 2205 1672 2283 γευσαμένην
1717 2212 1823 2268 τῶν
1908 2235 2110 2312 στροφῇ

1937 456 2004 516 τὰ
2035 462 2111 542 β’,
2136 463 2211 542 γ’,
2244 464 2309 539 δ’,
2347 466 2388 524 ε’
2430 466 2586 546 ὅμοια
2629 475 2983 557 ἐφθημιμερῆ-
3005 477 3058 548 ἐξ
3095 484 3394 567 ἐπιτρίτων.
3442 492 3504 553 τὸ

1933 546 1982 615 ς’
2018 549 2427 613 ἀντισπαστικὸν
2455 557 2795 621 Γλυκώνειον.
2824 561 2884 621 τὸ
2917 565 2960 634 ζ’
2994 564 3173 645 ὅμοιον
3204 576 3503 657 ὓπερκατά-

1932 636 2143 708 ληκτον.
2173 637 2235 698 τὸ
2258 640 2310 712 η’
2339 645 2624 705 παιωνικὸν
2650 647 2890 731 δίμετρον
2912 654 3304 731 ἀκατάληκτον.
3330 665 3397 725 τὰ
3433 668 3466 726 ι’
3479 715 3499 748 ,

1933 725 2002 782 ια’
2055 727 2316 807 τροχαϊκὰ
2365 730 2586 809 δίμετρα
2647 736 3013 810 ἀκατάληκτα·
3067 745 3136 803 τὰ
3175 747 3281 831 γὰρ
3334 754 3497 815 λοιπὰ
3527 774 3553 813 5

1927 814 2283 897 ἐφθημιμερῆ.
2316 818 2377 876 τὸ
2397 823 2696 883 τελευταῖον
2712 829 3141 911 παραγραφέσθω
3155 879 3173 912 ,
3195 839 3285 897 καὶ
3304 845 3372 913 τῆ
3392 842 3500 902 ἔσω

1927 900 2087 981 διπλῇ
2128 906 2478 981 σημειούσθω.
2515 914 2583 989 τῇ
2620 914 2755 993 αὐτῇ·
2793 915 2885 974 καὶ
2920 917 2983 977 τὸ
3023 921 3310 1005 ἐπίρρημα.
3345 907 3500 993 τοῦτο

1925 986 1981 1046 δὲ
2008 991 2164 1061 δῆλον
2191 997 2263 1061 ὡς
2289 1001 2584 1076 τροχαῖκῶν
2612 1000 2724 1059 ἐστὶ
2745 1005 3113 1090 τετραμέτρων
3145 1017 3236 1083 ις’,
3260 1015 3382 1096 ἔχον
3405 1021 3498 1081 καὶ

1925 1077 1980 1133 ἐν
2005 1077 2207 1138 ἐκθέσει
2234 1084 2381 1141 κῶλα
2404 1082 2561 1162 ὅμοια
2584 1087 2704 1168 τρία
2719 1134 2737 1168 ,
2760 1090 2900 1164 πλὴν
2922 1102 3014 1154 τοῦ
3037 1099 3214 1179 τρίτου
3230 1149 3249 1181 ,
3275 1106 3496 1192 δίμετρα

1924 1165 2294 1238 ἀκατάληκτα.
2340 1171 2590 1242 ὡσαύτως
2630 1173 2686 1236 δὲ
2730 1178 2824 1243 καὶ
2858 1179 2920 1239 τὸ
2971 1187 3359 1271 ἀντεπίρρημα.
3405 1195 3492 1279 ὕφ’
3528 1218 3577 1258 ιο

1921 1248 1952 1309 ὃ
1982 1255 2016 1323 ἡ
2049 1252 2149 1322 ἔξω
2173 1256 2379 1338 διπλῆ]

2002 1352 2237 1430 κορωνίς.
2275 1356 2608 1419 εἰσελθόντων
2636 1365 2739 1422 τῶν
2770 1367 3063 1450 ὑποκριτῶν
3100 1376 3129 1431 ὁ
3155 1377 3309 1458 χορὸς
3336 1380 3491 1458 μόνος

1920 1441 2232 1511 καταλιπεὶς
2275 1446 2668 1529 διαπεραίνεται
2713 1456 2962 1535 συζυγίαν
3005 1464 3296 1547 ὁμοιομερῆ
3339 1494 3492 1551 τρια-

1921 1526 2070 1599 δικὴν
2089 1531 2148 1589 οὔ
2176 1536 2384 1602 πυκνῶς
2406 1538 2709 1616 γενομένην.
2745 1547 2800 1602 αἱ
2826 1547 3051 1608 πλεκταὶ
3076 1553 3491 1634 ἐπιρρηματικαὶ

1920 1613 2165 1676 δυαδικαί
2193 1622 2341 1695 εἰσιν,
2369 1622 2504 1698 αὕτη
2534 1625 2590 1685 δὲ
2624 1627 2737 1708 ἔχει
2772 1633 2993 1709 μελικὴν
3037 1636 3133 1715 μὲν
3168 1643 3385 1724 πρώτην
3422 1664 3487 1728 ιγ’
3520 1665 3568 1704 15

1917 1701 2125 1778 κώλων,
2170 1707 2415 1789 στιχικὴν
2458 1711 2513 1772 δὲ
2563 1723 2628 1784 ις’
2666 1718 2881 1799 στίχων,
2910 1714 2955 1782 ὦ
2998 1726 3231 1804 μάλιστα
3273 1736 3484 1814 φιληδεῖ

1918 1789 2319 1875 Ἀριστοφάνης,
2358 1797 2452 1858 καὶ
2490 1800 2702 1885 ὕστερος
2736 1806 3005 1888 τρίκωλος.
3034 1813 3094 1873 τὸ
3124 1818 3172 1875 α’
3200 1825 3485 1885 παιωνικὸν

1915 1878 2213 1960 δίρρυθμον.
2258 1883 2320 1943 τὸ
2364 1888 2412 1965 β’
2448 1889 2539 1948 καί
2569 1891 2618 1970 γ’
2656 1892 2703 1952 δ’
2748 1894 2801 1964 ἐξ
2845 1899 3098 1975 ἰαμὸικῆς
3146 1905 3350 1984 βάσεως
3396 1913 3488 1972 καὶ

1912 1974 2204 2048 τροχαῑκῆς
2244 1973 2462 2043 κλειδός.
2506 1976 2567 2036 τὸ
2608 1986 2650 2037 ε’
2694 1981 2787 2041 καὶ
2817 2001 2884 2053 ς’.
2929 1988 3239 2072 τρίρρυθμος
3285 1996 3342 2057 δὲ
3388 2001 3482 2060 καὶ

1913 2053 2192 2137 δίρρυθμον
2221 2060 2263 2127 ζ’
2291 2066 2341 2134 η’
2370 2062 2434 2124 θ’.
2467 2067 2522 2124 ἐν
2548 2062 2645 2144 μὲν
2682 2073 2749 2150 τῇ
2781 2073 2833 2151 β’
2870 2086 3135 2162 περικοπῇ
3164 2085 3275 2143 ἐστι
3311 2110 3480 2149 παιω·
3509 2115 3563 2153 20

1911 2140 2053 2201 νικὸν
2114 2144 2427 2227 τρίρρυθμόν
2484 2175 2542 2211 τε
2593 2155 2687 2214 καὶ
2739 2158 3015 2242 δίρρυθμα.
3070 2167 3162 2229 δύο
3209 2170 3264 2231 δὲ
3314 2177 3367 2235 ἐν
3416 2183 3483 2251 τῆ

2118 2279 2130 2293 .
2178 2233 2239 2293 τὸ
2278 2240 2310 2293 ι’
2347 2237 2416 2296 ια’
2460 2239 2527 2298 ιδ’
2570 2240 2633 2321 ιγ’
2668 2248 2929 2327 τροχαῖκὰ
2967 2252 3217 2339 δίμετρα,
3255 2260 3347 2324 δύο
3384 2262 3480 2344 μὲν

2155 2344 2254 2380 κτα
2270 2369 2286 2397 ,
2315 2322 2408 2385 δύο
2435 2325 2492 2386 δὲ
2519 2332 2903 2405 καταληκτικά.
2927 2352 2974 2399 V

1990 2432 2114 2476 1129.
2157 2424 2328 2480 ταῦτα
2352 2419 2453 2502 γὰρ
2481 2426 2553 2494 εἰς
2574 2426 2804 2507 πόλεμον
2829 2433 3053 2516 αἴρουσι.
3078 2451 3140 2500 V.

1990 2520 2112 2561 11³1.
2156 2503 2286 2586 πρὸς
2312 2508 2374 2567 τὸ
2396 2516 2502 2593 πῦρ
2530 2533 2547 2574 :
2578 2514 2738 2576 Ἀλλὰ
2767 2523 3010 2600 συμπίνω
3046 2528 3139 2589 καὶ
3176 2533 3477 2614 εὐωχοῦμαι
3501 2567 3557 2606 25

1904 2587 2056 2668 [πρὸς
2093 2590 2154 2650 τὸ
2185 2598 2347 2677 πῦρ],
2383 2600 2624 2662 τουτέστι
2662 2605 2823 2684 μέσον
2860 2616 2954 2684 τῆς
2991 2616 3160 2686 οἰκίας
3192 2624 3472 2704 καθεζόμε-

1903 2696 2006 2742 νος.

1996 2762 2214 2825 διέλκων
2246 2787 2262 2829 :
2291 2771 2501 2851 Διάγων
2528 2776 2677 2859 παρὰ
2702 2785 2770 2862 τῆ
2799 2784 2976 2867 ἑστίᾳ,
3006 2787 3120 2868 ἅμα
3151 2816 3209 2852 τε
3247 2800 3469 2879 θερμαι-

1902 2849 2112 2931 νόμενος
2133 2856 2225 2917 καὶ
2251 2863 2347 2933 τῆς
2368 2868 2463 2922 τοῦ
2486 2869 2679 2946 θερμοῦ
2709 2872 2974 2943 διακονίας
3002 2880 3227 2953 πλησίον
3251 2883 3344 2947 ὤν.

1997 2972 2115 3013 1134.
2161 2955 2422 3019 δανότατα
2463 2980 2479 3019 ε
2522 2964 2811 3047 Ξηρότατα
2848 2975 2925 3054 τῷ
2964 2972 3100 3056 θέρει
3138 2979 3231 3039 καὶ
3273 2984 3467 3045 εὖκαυ-
3496 3020 3551 3061 20

1901 3037 2159 3186 crdtsstoe,
2195 3042 2230 3102 ἃ
2267 3045 2403 3124 μήτε
2435 3052 2637 3113 καπνὸν
2677 3060 2822 3118 ποιεῖ
2852 3061 2943 3120 καὶ
2975 3063 3201 3135 εὐκόλως
3226 3070 3467 3155 ὑφάπτε-

1900 3148 2003 3185 ται.
2078 3172 2090 3185 .

1983 3236 2102 3276 113ε.
2149 3221 2504 3305 κάνθρακίζων
2563 3249 2579 3290 :
2631 3231 2862 3312 Φρύγων
2909 3237 2999 3299 τὸν
3050 3241 3323 3324 ἒρέὸινθον,
3373 3248 3466 3309 καὶ

1897 3298 2050 3410 ξηρόν
2093 3311 2276 3370 ποιῶν.
2321 3318 2490 3372 ταῦτα
2536 3315 2639 3399 γὰρ
2678 3320 2955 3401 ἐσθιόμενα
2991 3331 3343 3412 προτρέπεται
3392 3339 3465 3406 εἰς

1895 3412 2069 3450 ποτον.

1977 3506 2097 3547 1137.
2141 3488 2236 3563 τὴν
2266 3495 2430 3575 φηγὸν
2455 3518 2470 3557 :
2505 3500 2692 3579 Φηγὸς
2719 3495 2851 3573 εἶδος
2882 3515 3071 3588 φυτοῦ,
3099 3511 3130 3571 ὃ
3150 3512 3245 3582 τὰς
3273 3519 3460 3597 ἀγρίας
3489 3468 3541 3508 ³⁵

1895 3574 2151 3651 βαλάνους
2182 3579 2311 3659 φασὶ
2353 3582 2541 3665 φέρειν.
2579 3593 3032 3670 περιεσταλμένως
3067 3598 3123 3657 δὲ
3157 3601 3217 3660 τὸ
3259 3606 3453 3667 αἰδοῖον

1894 3658 2138 3738 βούλεται
2170 3663 2360 3745 λέγειν,
2393 3672 2509 3731 ἐπεὶ
2545 3675 2637 3734 καὶ
2671 3677 2800 3737 αὐτό
2832 3704 2968 3749 τινες
3006 3684 3234 3763 βάλανον
3262 3694 3461 3755 καλοῦ-

1891 3769 1992 3807 σιν.

1973 3862 2089 3903 1143.
2134 3848 2342 3924 ἐμπιεῖν
2371 3853 2491 3930 ἐμοί
2516 3874 2531 3915 :
2562 3859 2673 3918 Τοῦ
2701 3863 2818 3920 θεοῦ
2846 3860 3020 3935 ὕοντος
3046 3869 3258 3951 ἀρέσκει
3281 3899 3374 3955 μοι
3393 3880 3455 3941 τὸ
3477 3902 3535 3944 ⁴0

235 3948 388 4026 μόθεν
427 3948 789 4010 ἐκδαλλόντων
828 3955 863 4024 ἡ
911 3955 1202 4038 μεταφορά·
1242 3957 1344 4017 ὑπὸ
1378 3963 1477 4037 γῆς
1511 3959 1616 4042 γὰρ
1658 3963 1802 4032 ὄντες
1888 3931 2163 4010 σχολάζειν
2186 3938 2273 4014 τῷ.
2284 3942 2449 4020 ποτῷ.

232 4037 461 4096 κάκεῖνοι
486 4035 814 4117 ὀρύσσονται.

317 4146 436 4187 1125.
485 4129 513 4184 ὁ
541 4125 700 4208 κόραξ
726 4147 742 4188 τ
772 4125 995 4211 Κόρακα
1025 4122 1187 4204 εἶπεν,
1212 4132 1391 4207 ἐπειδὴ
1422 4133 1673 4217 ἥρπαζεν.

152 4246 205 4286 ⁴⁶
315 4234 437 4274 1126.
486 4213 768 4292 Ἐλύμνιον
809 4235 824 4276 :
874 4218 1269 4301 Καλλίστρατός
1307 4244 1437 4303 φησι
1478 4221 1637 4283 τόπον
1682 4227 1796 4286 Εὖ·-

1981 4047 2099 4090 1144.
2143 4029 2314 4111 ἄφαυε
2361 4056 2376 4096 :
2430 4039 2660 4121 Φρύξον.
2711 4045 2846 4116 τινὲς
2890 4052 3149 4136 γράφουσι
3195 4058 3451 4140 άφαυσον,

1885 4115 2002 4174 ἀντὶ
2022 4122 2114 4175 τοῦ
2142 4117 2310 4188 ζέσον.

1968 4232 2088 4273 11⁴5.
2122 4217 2228 4273 τῶν
2259 4241 2317 4277 τε
2343 4225 2520 4302 πυρῶν
2550 4244 2566 4285 :
2598 4224 2733 4287 Ἇντὶ
2759 4237 2850 4290 τοῦ
2884 4234 3194 4312 ἒμὸαλοῦσα
3228 4242 3321 4301 καὶ
3358 4245 3449 4322 μί-

231 4300 377 4369 6οίας
403 4300 464 4362 τὸ
505 4300 808 4382 Ἐλύμνιον.
837 4304 1180 4376 Ἀπολλώνιος
1218 4307 1274 4368 δὲ
1308 4309 1430 4369 ναόν
1468 4335 1627 4392 φησιν
1660 4306 1794 4375 εἶναι
1882 4297 2018 4367 ξασα
2046 4301 2136 4361 καὶ
2165 4307 2270 4364 τῶν
2299 4313 2477 4390 πυρῶν
2506 4310 2600 4372 σὺν
2630 4318 2820 4387 αὐτοῖς·
2851 4321 3058 4384 δοκοῦσι
3084 4325 3186 4408 fi?
3226 4328 3444 4411 ἕφέλκῑ-
3471 4362 3526 4402 ⁴5

228 4389 451 4460 πλησίον
493 4389 738 4459 Εὐὸοίας.
779 4393 1034 4474 νυμφικὸν
1072 4395 1129 4453 δέ
1164 4419 1298 4464 τινες
1336 4398 1465 4458 αὐτό
1491 4423 1673 4482 φασιν,
1713 4402 1793 4463 ὅτι
1881 4392 2002 4447 σθαι
2026 4389 2088 4449 τὸ
2115 4392 2294 4456 ποτόν·
2323 4397 2385 4456 τὸ
2410 4397 2466 4457 δὲ
2495 4399 2637 4470 ἕξελέ
2675 4406 2792 4465 ἀντὶ
2821 4414 2912 4468 τῶ
2948 4412 3164 4492 πρόελε,
3196 4415 3443 4489 ἅνάλῑξθν

229 4480 258 4536 ὃ
285 4476 415 4546 Ζεὺς
448 4482 515 4559 τῇ
545 4477 696 4561 Ἥρᾳ
736 4482 846 4539 ἐκεῖ
878 4481 1198 4560 συνεγένετο.
1241 4483 1504 4564 μέμνηται
1543 4489 1636 4548 καὶ
1678 4493 1789 4551 Σο-
1876 4476 1946 4535 ’ῑὰ
1968 4483 2122 4542 σῦκα·

228 4568 423 4647 φοκλῆς
449 4593 473 4619 α
502 4566 631 4647 πρὸς
657 4565 871 4649 πέτραις
900 4570 1239 4650 Ἐλυμνίαις,
1274 4599 1298 4627 n
1326 4574 1419 4634 καὶ
1446 4577 1500 4633 ἐν
1529 4578 1790 4662 Ναυπλίῳ

149 4671 203 4716 ⁶⁰
229 4680 254 4706 κ
283 4652 538 4736 νυμφικὸν
568 4653 868 4733 Ἐλύμνιον.
902 4686 926 4710 n

1961 4594 2079 4636 1147.
2123 4578 2397 4660 οἰναρίζειν
2432 4602 2448 4643 :
2482 4583 2563 4646 Τὸ
2595 4587 2979 4670 ἀποφυλλίζειν·
3021 4594 3204 4679 οἴναρα
3235 4599 3338 4684 γὰρ
3372 4603 3440 4665 τὰ

1874 4661 2047 4744 φύλλα
2075 4669 2170 4736 τῆς
2194 4667 2452 4744 ἀμπέλου.
2481 4671 2617 4741 τινὲς
2639 4674 2696 4733 δὲ
2717 4676 3002 4759 γράφουσιν
3036 4686 3438 4771 ἀμπελουργεῖν,

311 4762 429 4801 1127.
475 4742 694 4822 [ἥδομαι
735 4765 750 4805 :
794 4748 1079 4807 Κάνταῦθα
1123 4748 1427 4827 παράὸασίς
1467 4754 1628 4827 ἐστιν,
1670 4756 1786 4815 ἀλλ’
1872 4751 1967 4809 οὐκ
2008 4754 2185 4835 ὀρθῶς.
2233 4757 2506 4837 οἰναρίζειν
2546 4758 2602 4820 δὲ
2643 4761 2738 4831 τὰς
2779 4764 2920 4835 οἴνας
2965 4771 3303 4852 ἐργάζεσθαι,
3345 4782 3436 4841 καὶ
3464 4810 3520 4853 ω

226 4831 321 4888 οὒκ
349 4828 459 4909 ἔχει
482 4829 656 4889 πάντα
684 4831 751 4890 τὰ
776 4831 940 4916 μέρη,
966 4834 1131 4913 μόνην
1159 4835 1214 4895 δὲ
1237 4837 1333 4910 τὴν
1356 4838 1495 4920 ᾠδὴν
1524 4841 1615 4900 καί
1640 4865 1786 4924 στρο-
1869 4837 2052 4919 Οἶναρα
2075 4838 2143 4898 τὰ
2166 4840 2354 4923 φύλλα.

226 4914 346 4997 φὴν,
394 4915 456 4974 τὸ
497 4917 794 4999 ἐπίρρημα,
842 4918 939 4992 τὴν
991 4921 1228 5004 ἁντῳδὴν
1281 4927 1371 4985 καὶ
1413 4928 1781 5012 ἀντιστροφὴν,

1954 4954 2067 4994 1148.
2113 4937 2413 5007 τυντλάζειν
2435 4960 2449 5000 :
2468 4943 2824 5014 Πηλοπατεῖν·
2844 4949 3057 5022 τύντλος
3072 4956 3176 5041 γὰρ
3199 4964 3227 5019 ὃ
3244 4965 3428 5037 πηλός.

225 5003 315 5063 καί
340 5004 400 5064 τὸ
423 5004 805 5086 ἀντεπίρρημα.
832 5006 945 5067 ἔστι
965 5015 1089 5087 γοῦν
1117 5014 1210 5084 τῆς
1231 5013 1499 5095 παρούσης
1524 5018 1664 5094 ᾠδῆς
1690 5019 1781 5077 καὶ
1866 5018 1901 5091 ἢ
1944 5023 2057 5081 ἀντὶ
2097 5029 2189 5082 τοῦ
2228 5026 2569 5104 βωλοκοπεῖν.
2610 5036 2882 5116 παρδακὸν
2926 5039 2980 5101 δὲ
3024 5043 3247 5131 δίυγρον·
3292 5051 3429 5115 οὕτω

3809 725 3859 928 ..³

3829 951 3842 984 2

3797 987 3859 2172 γ

3794 3344 3859 3447 4
