<?xml version="1.0" encoding="UTF-8"?>
<!DOCTYPE html PUBLIC "-//W3C//DTD XHTML 1.0 Transitional//EN"
    "http://www.w3.org/TR/xhtml1/DTD/xhtml1-transitional.dtd">
<html xmlns="http://www.w3.org/1999/xhtml" xml:lang="en" lang="en">
 <head>
  <title>
</title>
<meta http-equiv="Content-Type" content="text/html;charset=utf-8" />
  <meta name='ocr-system' content='tesseract 3.04.00' />
  <meta name='ocr-capabilities' content='ocr_page ocr_carea ocr_par ocr_line ocrx_word'/>
</head>
<body>
  <div class='ocr_page' id='page_1' title='image "./scholiagraecain02dbgoog_0642.png"; bbox 0 0 3859 5725; ppageno 0'>
   <div class='ocr_carea' id='block_1_1' title="bbox 443 237 561 297">
    <p class='ocr_par' dir='ltr' id='par_1_1' title="bbox 443 237 561 297">
     <span class='ocr_line' id='line_1_1' title="bbox 443 237 561 297; baseline 0 0"><span class='ocrx_word' id='word_1_1' title='bbox 443 237 561 297; x_wconf 73' lang='lat'>566</span> 
     </span>
    </p>
   </div>
   <div class='ocr_carea' id='block_1_2' title="bbox 437 361 1965 531">
    <p class='ocr_par' dir='ltr' id='par_1_2' title="bbox 437 361 1965 531">
     <span class='ocr_line' id='line_1_2' title="bbox 437 361 1965 444; baseline -0.004 -20"><span class='ocrx_word' id='word_1_2' title='bbox 437 374 692 444; x_wconf 71' lang='lat' dir='ltr'>patimur</span> <span class='ocrx_word' id='word_1_3' title='bbox 713 388 726 421; x_wconf 91' lang='lat'>:</span> <span class='ocrx_word' id='word_1_4' title='bbox 745 387 815 441; x_wconf 78' lang='lat' dir='ltr'>qu</span> <span class='ocrx_word' id='word_1_5' title='bbox 825 368 887 424; x_wconf 81' lang='lat' dir='ltr'>id</span> <span class='ocrx_word' id='word_1_6' title='bbox 906 373 1050 423; x_wconf 81' lang='lat' dir='ltr'>em&#39;m</span> <span class='ocrx_word' id='word_1_7' title='bbox 1063 372 1185 442; x_wconf 75' lang='lat' dir='ltr'>quis</span> <span class='ocrx_word' id='word_1_8' title='bbox 1204 386 1391 422; x_wconf 74' lang='lat' dir='ltr'>causoe</span> <span class='ocrx_word' id='word_1_9' title='bbox 1411 369 1576 432; x_wconf 82' lang='lat' dir='ltr'>dicat,</span> <span class='ocrx_word' id='word_1_10' title='bbox 1601 384 1717 433; x_wconf 79' lang='lat' dir='ltr'>cur,</span> <span class='ocrx_word' id='word_1_11' title='bbox 1739 361 1965 437; x_wconf 73' lang='lat' dir='ltr'>quando</span> 
     </span>
     <span class='ocr_line' id='line_1_3' title="bbox 441 452 1965 531; baseline -0.001 -22"><span class='ocrx_word' id='word_1_12' title='bbox 441 452 823 524; x_wconf 75' lang='lat' dir='ltr'>victusfueraet,</span> <span class='ocrx_word' id='word_1_13' title='bbox 850 458 1028 530; x_wconf 71' lang='lat' dir='ltr'>legem</span> <span class='ocrx_word' id='word_1_14' title='bbox 1035 460 1379 531; x_wconf 78' lang='lat' dir='ltr'>propositam</span> <span class='ocrx_word' id='word_1_15' title='bbox 1394 452 1765 528; x_wconf 74' lang='lat' dir='ltr'>subterfugiat</span> <span class='ocrx_word' id='word_1_16' title='bbox 1777 455 1810 506; x_wconf 68' lang='grc' dir='ltr'><em>Ρ</em></span> <span class='ocrx_word' id='word_1_17' title='bbox 1830 454 1965 508; x_wconf 77' lang='lat' dir='ltr'>Haec</span> 
     </span>
    </p>
   </div>
   <div class='ocr_carea' id='block_1_3' title="bbox 1612 227 2493 292">
    <p class='ocr_par' dir='ltr' id='par_1_3' title="bbox 1612 227 2493 292">
     <span class='ocr_line' id='line_1_4' title="bbox 1612 227 2493 292; baseline -0.003 -1"><span class='ocrx_word' id='word_1_18' title='bbox 1612 230 1979 292; x_wconf 73' lang='lat' dir='ltr'><strong>ADNOTAT</strong></span> <span class='ocrx_word' id='word_1_19' title='bbox 1979 228 2060 288; x_wconf 89' lang='lat'>10</span> <span class='ocrx_word' id='word_1_20' title='bbox 2099 227 2184 289; x_wconf 86' lang='lat' dir='ltr'>IN</span> <span class='ocrx_word' id='word_1_21' title='bbox 2226 227 2420 291; x_wconf 83' lang='lat' dir='ltr'>SCHO</span> <span class='ocrx_word' id='word_1_22' title='bbox 2428 227 2493 289; x_wconf 87' lang='lat' dir='ltr'>L.</span> 
     </span>
    </p>
   </div>
   <div class='ocr_carea' id='block_1_4' title="bbox 2052 350 3592 528">
    <p class='ocr_par' dir='ltr' id='par_1_4' title="bbox 2052 350 3592 528">
     <span class='ocr_line' id='line_1_5' title="bbox 2135 350 3589 440; baseline -0.006 -23"><span class='ocrx_word' id='word_1_23' title='bbox 2135 359 2246 418; x_wconf 83' lang='lat'>505</span> <span class='ocrx_word' id='word_1_24' title='bbox 2272 364 2353 419; x_wconf 82' lang='lat' dir='ltr'>sic</span> <span class='ocrx_word' id='word_1_25' title='bbox 2374 361 2436 419; x_wconf 91' lang='lat' dir='ltr'>in</span> <span class='ocrx_word' id='word_1_26' title='bbox 2458 365 2549 433; x_wconf 76' lang='lat' dir='ltr'>IL,</span> <span class='ocrx_word' id='word_1_27' title='bbox 2577 361 2784 420; x_wconf 72' lang='grc' dir='ltr'>Οὐκοῦν</span> <span class='ocrx_word' id='word_1_28' title='bbox 2808 350 2941 418; x_wconf 74' lang='grc' dir='ltr'>εἶναί</span> <span class='ocrx_word' id='word_1_29' title='bbox 2964 379 3104 440; x_wconf 68' lang='grc' dir='ltr'>φημι</span> <span class='ocrx_word' id='word_1_30' title='bbox 3121 355 3242 417; x_wconf 73' lang='grc' dir='ltr'>ὁδὸν</span> <span class='ocrx_word' id='word_1_31' title='bbox 3269 352 3466 425; x_wconf 75' lang='grc' dir='ltr'>ἥντινα</span> <span class='ocrx_word' id='word_1_32' title='bbox 3484 351 3589 410; x_wconf 67' lang='grc' dir='ltr'>ἰὼν</span> 
     </span>
     <span class='ocr_line' id='line_1_6' title="bbox 2052 441 3592 528; baseline -0.001 -26"><span class='ocrx_word' id='word_1_33' title='bbox 2052 447 2080 502; x_wconf 99' lang='lat'><em>6</em></span> <span class='ocrx_word' id='word_1_34' title='bbox 2101 447 2324 513; x_wconf 76' lang='grc' dir='ltr'>πλοῦτος</span> <span class='ocrx_word' id='word_1_35' title='bbox 2349 445 2539 528; x_wconf 78' lang='grc' dir='ltr'>βλάψει</span> <span class='ocrx_word' id='word_1_36' title='bbox 2555 446 2753 518; x_wconf 87' lang='grc' dir='ltr'>ταύτην</span> <span class='ocrx_word' id='word_1_37' title='bbox 2781 445 2874 505; x_wconf 73' lang='grc' dir='ltr'>καὶ</span> <span class='ocrx_word' id='word_1_38' title='bbox 2903 442 3075 523; x_wconf 71' lang='grc' dir='ltr'>ἀγαθὰ</span> <span class='ocrx_word' id='word_1_39' title='bbox 3108 443 3272 521; x_wconf 83' lang='grc' dir='ltr'>μείζω</span> <span class='ocrx_word' id='word_1_40' title='bbox 3313 441 3592 512; x_wconf 62' lang='grc' dir='ltr'>ποιήσειε.</span> 
     </span>
    </p>
   </div>
   <div class='ocr_carea' id='block_1_5' title="bbox 444 527 3590 614">
    <p class='ocr_par' dir='ltr' id='par_1_5' title="bbox 444 527 3590 614">
     <span class='ocr_line' id='line_1_7' title="bbox 444 527 3590 614; baseline -0.003 -18"><span class='ocrx_word' id='word_1_41' title='bbox 444 540 557 597; x_wconf 88' lang='lat' dir='ltr'>ille.</span> <span class='ocrx_word' id='word_1_42' title='bbox 577 540 800 598; x_wconf 81' lang='lat' dir='ltr'>Primus</span> <span class='ocrx_word' id='word_1_43' title='bbox 821 551 1010 598; x_wconf 86' lang='lat' dir='ltr'>autem</span> <span class='ocrx_word' id='word_1_44' title='bbox 1031 540 1331 598; x_wconf 71' lang='lat' dir='ltr'><strong>scholiasta</strong></span> <span class='ocrx_word' id='word_1_45' title='bbox 1352 539 1532 598; x_wconf 63' lang='lat' dir='ltr'>verba</span> <span class='ocrx_word' id='word_1_46' title='bbox 1552 538 1771 597; x_wconf 86' lang='lat' dir='ltr'><strong>Comici</strong></span> <span class='ocrx_word' id='word_1_47' title='bbox 1790 539 1963 596; x_wconf 85' lang='lat' dir='ltr'>istum</span> <span class='ocrx_word' id='word_1_48' title='bbox 2049 527 2273 599; x_wconf 80' lang='grc' dir='ltr'><strong>Ἄλλως.</strong></span> <span class='ocrx_word' id='word_1_49' title='bbox 2301 534 2361 592; x_wconf 84' lang='grc' dir='ltr'>τὸ</span> <span class='ocrx_word' id='word_1_50' title='bbox 2384 535 2567 592; x_wconf 79' lang='grc' dir='ltr'>οὒκοῦν</span> <span class='ocrx_word' id='word_1_51' title='bbox 2597 530 2917 614; x_wconf 77' lang='grc' dir='ltr'>ἀποφατικόν</span> <span class='ocrx_word' id='word_1_52' title='bbox 2949 534 3061 591; x_wconf 70' lang='grc' dir='ltr'>ἐστι</span> <span class='ocrx_word' id='word_1_53' title='bbox 3080 529 3162 589; x_wconf 81' lang='grc' dir='ltr'>ὅτι</span> <span class='ocrx_word' id='word_1_54' title='bbox 3193 531 3285 591; x_wconf 78' lang='grc' dir='ltr'>ἐὰν</span> <span class='ocrx_word' id='word_1_55' title='bbox 3325 528 3590 608; x_wconf 80' lang='grc' dir='ltr'>βλέψη-</span> 
     </span>
    </p>
   </div>
   <div class='ocr_carea' id='block_1_6' title="bbox 440 623 1988 4015">
    <p class='ocr_par' dir='ltr' id='par_1_6' title="bbox 440 623 1973 1840">
     <span class='ocr_line' id='line_1_8' title="bbox 446 623 1967 685; baseline -0.001 -4"><span class='ocrx_word' id='word_1_56' title='bbox 446 625 503 681; x_wconf 88' lang='lat' dir='ltr'>in</span> <span class='ocrx_word' id='word_1_57' title='bbox 534 623 766 682; x_wconf 87' lang='lat' dir='ltr'>modum</span> <span class='ocrx_word' id='word_1_58' title='bbox 806 626 1091 685; x_wconf 75' lang='lat' dir='ltr'>intellexit</span> <span class='ocrx_word' id='word_1_59' title='bbox 1119 647 1134 682; x_wconf 71' lang='grc' dir='ltr'><strong><em>ε</em></strong></span> <span class='ocrx_word' id='word_1_60' title='bbox 1168 629 1277 683; x_wconf 81' lang='lat' dir='ltr'>Vos</span> <span class='ocrx_word' id='word_1_61' title='bbox 1319 632 1589 684; x_wconf 71' lang='lat' dir='ltr'>enimc-ero</span> <span class='ocrx_word' id='word_1_62' title='bbox 1620 628 1833 681; x_wconf 78' lang='lat' dir='ltr'>nullam</span> <span class='ocrx_word' id='word_1_63' title='bbox 1873 629 1967 680; x_wconf 71' lang='lat' dir='ltr'>in-</span> 
     </span>
     <span class='ocr_line' id='line_1_9' title="bbox 444 718 1964 789; baseline 0.001 -23"><span class='ocrx_word' id='word_1_64' title='bbox 444 720 709 787; x_wconf 78' lang='lat' dir='ltr'>terponioe</span> <span class='ocrx_word' id='word_1_65' title='bbox 734 732 947 769; x_wconf 80' lang='lat' dir='ltr'>moram</span> <span class='ocrx_word' id='word_1_66' title='bbox 962 759 978 786; x_wconf 90' lang='lat'>,</span> <span class='ocrx_word' id='word_1_67' title='bbox 1018 718 1151 789; x_wconf 74' lang='lat' dir='ltr'>quin</span> <span class='ocrx_word' id='word_1_68' title='bbox 1180 727 1409 770; x_wconf 74' lang='lat' dir='ltr'>mortem</span> <span class='ocrx_word' id='word_1_69' title='bbox 1438 720 1625 770; x_wconf 78' lang='lat' dir='ltr'>statim</span> <span class='ocrx_word' id='word_1_70' title='bbox 1654 718 1923 787; x_wconf 78' lang='lat' dir='ltr'>oppetatis</span> <span class='ocrx_word' id='word_1_71' title='bbox 1945 732 1964 766; x_wconf 92' lang='lat'>.·</span> 
     </span>
     <span class='ocr_line' id='line_1_10' title="bbox 443 800 1972 877; baseline 0 -21"><span class='ocrx_word' id='word_1_72' title='bbox 443 802 776 875; x_wconf 80' lang='lat' dir='ltr'>Paupertas,</span> <span class='ocrx_word' id='word_1_73' title='bbox 805 800 1014 877; x_wconf 88' lang='lat' dir='ltr'>inquit,</span> <span class='ocrx_word' id='word_1_74' title='bbox 1048 801 1160 858; x_wconf 86' lang='lat' dir='ltr'>hoc</span> <span class='ocrx_word' id='word_1_75' title='bbox 1184 812 1252 857; x_wconf 90' lang='lat' dir='ltr'>ut</span> <span class='ocrx_word' id='word_1_76' title='bbox 1272 820 1304 857; x_wconf 88' lang='lat' dir='ltr'>e</span> <span class='ocrx_word' id='word_1_77' title='bbox 1333 800 1573 877; x_wconf 80' lang='lat' dir='ltr'>vestigio</span> <span class='ocrx_word' id='word_1_78' title='bbox 1604 800 1834 870; x_wconf 81' lang='lat' dir='ltr'>faciant,</span> <span class='ocrx_word' id='word_1_79' title='bbox 1860 818 1972 876; x_wconf 80' lang='lat' dir='ltr'>per</span> 
     </span>
     <span class='ocr_line' id='line_1_11' title="bbox 440 882 1969 966; baseline 0.002 -24"><span class='ocrx_word' id='word_1_80' title='bbox 440 882 633 962; x_wconf 80' lang='lat' dir='ltr'>jocum</span> <span class='ocrx_word' id='word_1_81' title='bbox 676 887 979 959; x_wconf 81' lang='lat' dir='ltr'>hortatur3</span> <span class='ocrx_word' id='word_1_82' title='bbox 1009 908 1160 960; x_wconf 90' lang='lat' dir='ltr'>nam,</span> <span class='ocrx_word' id='word_1_83' title='bbox 1186 890 1233 946; x_wconf 89' lang='lat' dir='ltr'>si</span> <span class='ocrx_word' id='word_1_84' title='bbox 1260 908 1432 946; x_wconf 87' lang='lat' dir='ltr'>causa</span> <span class='ocrx_word' id='word_1_85' title='bbox 1458 889 1572 946; x_wconf 89' lang='lat' dir='ltr'>sint</span> <span class='ocrx_word' id='word_1_86' title='bbox 1608 887 1969 966; x_wconf 66' lang='lat' dir='ltr'>superioreS,</span> 
     </span>
     <span class='ocr_line' id='line_1_12' title="bbox 446 974 1969 1053; baseline 0.002 -25"><span class='ocrx_word' id='word_1_87' title='bbox 446 992 562 1029; x_wconf 84' lang='lat' dir='ltr'>uon</span> <span class='ocrx_word' id='word_1_88' title='bbox 582 976 829 1051; x_wconf 86' lang='lat' dir='ltr'>amplius</span> <span class='ocrx_word' id='word_1_89' title='bbox 835 974 1057 1051; x_wconf 88' lang='lat' dir='ltr'>justum</span> <span class='ocrx_word' id='word_1_90' title='bbox 1080 976 1252 1034; x_wconf 85' lang='lat' dir='ltr'>suerit</span> <span class='ocrx_word' id='word_1_91' title='bbox 1271 994 1371 1033; x_wconf 87' lang='lat' dir='ltr'>eos</span> <span class='ocrx_word' id='word_1_92' title='bbox 1392 989 1577 1033; x_wconf 87' lang='lat' dir='ltr'>morte</span> <span class='ocrx_word' id='word_1_93' title='bbox 1597 976 1786 1053; x_wconf 84' lang='lat' dir='ltr'>plecti.</span> <span class='ocrx_word' id='word_1_94' title='bbox 1807 974 1969 1032; x_wconf 81' lang='lat' dir='ltr'><strong>Alter</strong></span> 
     </span>
     <span class='ocr_line' id='line_1_13' title="bbox 446 1057 1970 1141; baseline 0.002 -26"><span class='ocrx_word' id='word_1_95' title='bbox 446 1057 520 1115; x_wconf 86' lang='lat' dir='ltr'>ab</span> <span class='ocrx_word' id='word_1_96' title='bbox 544 1060 639 1118; x_wconf 89' lang='lat' dir='ltr'>illa</span> <span class='ocrx_word' id='word_1_97' title='bbox 671 1060 895 1119; x_wconf 81' lang='lat' dir='ltr'>ratione</span> <span class='ocrx_word' id='word_1_98' title='bbox 926 1063 1169 1119; x_wconf 90' lang='lat' dir='ltr'>multum</span> <span class='ocrx_word' id='word_1_99' title='bbox 1203 1062 1447 1121; x_wconf 86' lang='lat' dir='ltr'><strong>discedit</strong></span> <span class='ocrx_word' id='word_1_100' title='bbox 1467 1108 1484 1137; x_wconf 94' lang='lat'>,</span> <span class='ocrx_word' id='word_1_101' title='bbox 1521 1064 1618 1121; x_wconf 87' lang='lat' dir='ltr'>tali</span> <span class='ocrx_word' id='word_1_102' title='bbox 1647 1075 1814 1141; x_wconf 89' lang='lat' dir='ltr'>pacto</span> <span class='ocrx_word' id='word_1_103' title='bbox 1839 1082 1970 1119; x_wconf 85' lang='lat' dir='ltr'>sen-</span> 
     </span>
     <span class='ocr_line' id='line_1_14' title="bbox 446 1148 1969 1221; baseline 0.001 -17"><span class='ocrx_word' id='word_1_104' title='bbox 446 1165 572 1204; x_wconf 81' lang='lat' dir='ltr'>sum</span> <span class='ocrx_word' id='word_1_105' title='bbox 597 1148 937 1206; x_wconf 80' lang='lat' dir='ltr'>enucleans:</span> <span class='ocrx_word' id='word_1_106' title='bbox 964 1153 1065 1206; x_wconf 86' lang='lat' dir='ltr'>Me</span> <span class='ocrx_word' id='word_1_107' title='bbox 1080 1164 1142 1207; x_wconf 80' lang='lat' dir='ltr'>ue</span> <span class='ocrx_word' id='word_1_108' title='bbox 1161 1157 1216 1207; x_wconf 81' lang='lat' dir='ltr'>in</span> <span class='ocrx_word' id='word_1_109' title='bbox 1235 1152 1343 1208; x_wconf 77' lang='lat' dir='ltr'>hac</span> <span class='ocrx_word' id='word_1_110' title='bbox 1358 1155 1451 1207; x_wconf 77' lang='lat' dir='ltr'>lite</span> <span class='ocrx_word' id='word_1_111' title='bbox 1468 1158 1723 1221; x_wconf 74' lang='lat' dir='ltr'>vincatis,</span> <span class='ocrx_word' id='word_1_112' title='bbox 1749 1157 1969 1207; x_wconf 67' lang='lat' dir='ltr'>omniuo</span> 
     </span>
     <span class='ocr_line' id='line_1_15' title="bbox 442 1236 1968 1313; baseline 0.004 -25"><span class='ocrx_word' id='word_1_113' title='bbox 442 1236 572 1304; x_wconf 75' lang='lat' dir='ltr'>fter-i</span> <span class='ocrx_word' id='word_1_114' title='bbox 597 1254 705 1290; x_wconf 84' lang='lat' dir='ltr'>non</span> <span class='ocrx_word' id='word_1_115' title='bbox 728 1250 911 1309; x_wconf 77' lang='lat' dir='ltr'>potest</span> <span class='ocrx_word' id='word_1_116' title='bbox 928 1258 947 1289; x_wconf 92' lang='lat'>.·</span> <span class='ocrx_word' id='word_1_117' title='bbox 968 1239 1180 1313; x_wconf 79' lang='lat' dir='ltr'>quodsi</span> <span class='ocrx_word' id='word_1_118' title='bbox 1200 1240 1535 1311; x_wconf 73' lang='lat' dir='ltr'>mmenfiat,</span> <span class='ocrx_word' id='word_1_119' title='bbox 1571 1240 1713 1295; x_wconf 65' lang='lat' dir='ltr'>nihil</span> <span class='ocrx_word' id='word_1_120' title='bbox 1731 1247 1839 1295; x_wconf 75' lang='lat' dir='ltr'>crit</span> <span class='ocrx_word' id='word_1_121' title='bbox 1856 1245 1968 1295; x_wconf 75' lang='lat' dir='ltr'>ini—</span> 
     </span>
     <span class='ocr_line' id='line_1_16' title="bbox 448 1325 1968 1400; baseline 0.005 -25"><span class='ocrx_word' id='word_1_122' title='bbox 448 1327 611 1394; x_wconf 76' lang='lat' dir='ltr'>quius</span> <span class='ocrx_word' id='word_1_123' title='bbox 636 1342 654 1375; x_wconf 92' lang='lat'>.·</span> <span class='ocrx_word' id='word_1_124' title='bbox 693 1325 831 1396; x_wconf 77' lang='lat' dir='ltr'>quid</span> <span class='ocrx_word' id='word_1_125' title='bbox 871 1328 1018 1379; x_wconf 82' lang='lat' dir='ltr'>em’m</span> <span class='ocrx_word' id='word_1_126' title='bbox 1055 1337 1142 1380; x_wconf 85' lang='lat' dir='ltr'>est</span> <span class='ocrx_word' id='word_1_127' title='bbox 1168 1327 1414 1396; x_wconf 82' lang='lat' dir='ltr'>tandem,</span> <span class='ocrx_word' id='word_1_128' title='bbox 1455 1330 1617 1400; x_wconf 57' lang='lat' dir='ltr'>quod,</span> <span class='ocrx_word' id='word_1_129' title='bbox 1638 1328 1721 1382; x_wconf 84' lang='lat' dir='ltr'>ad</span> <span class='ocrx_word' id='word_1_130' title='bbox 1741 1346 1968 1382; x_wconf 79' lang='lat' dir='ltr'>causam</span> 
     </span>
     <span class='ocr_line' id='line_1_17' title="bbox 448 1412 1972 1489; baseline 0.003 -26"><span class='ocrx_word' id='word_1_131' title='bbox 448 1427 631 1464; x_wconf 83' lang='lat' dir='ltr'>meam</span> <span class='ocrx_word' id='word_1_132' title='bbox 656 1413 1002 1485; x_wconf 80' lang='lat' dir='ltr'><em>arguendam</em></span> <span class='ocrx_word' id='word_1_133' title='bbox 1019 1418 1152 1484; x_wconf 77' lang='lat' dir='ltr'>jure</span> <span class='ocrx_word' id='word_1_134' title='bbox 1178 1419 1301 1486; x_wconf 79' lang='lat' dir='ltr'>quis</span> <span class='ocrx_word' id='word_1_135' title='bbox 1333 1412 1589 1489; x_wconf 76' lang='lat' dir='ltr'>pmsemt</span> <span class='ocrx_word' id='word_1_136' title='bbox 1607 1416 1639 1468; x_wconf 67' lang='grc' dir='ltr'><strong>Ρ</strong></span> <span class='ocrx_word' id='word_1_137' title='bbox 1672 1417 1889 1471; x_wconf 67' lang='lat' dir='ltr'>Huius-1⁸.</span> <span class='ocrx_word' id='word_1_138' title='bbox 1909 1450 1972 1462; x_wconf 93' lang='lat'>—</span> 
     </span>
     <span class='ocr_line' id='line_1_18' title="bbox 452 1494 1970 1575; baseline 0.002 -22"><span class='ocrx_word' id='word_1_139' title='bbox 452 1498 558 1565; x_wconf 85' lang='lat'>3-7</span> <span class='ocrx_word' id='word_1_140' title='bbox 590 1494 671 1552; x_wconf 89' lang='lat' dir='ltr'>sic</span> <span class='ocrx_word' id='word_1_141' title='bbox 702 1496 760 1552; x_wconf 90' lang='lat' dir='ltr'>in</span> <span class='ocrx_word' id='word_1_142' title='bbox 789 1501 874 1566; x_wconf 85' lang='lat' dir='ltr'>V.‚</span> <span class='ocrx_word' id='word_1_143' title='bbox 905 1499 998 1554; x_wconf 81' lang='grc' dir='ltr'>οὐκ</span> <span class='ocrx_word' id='word_1_144' title='bbox 1024 1495 1086 1556; x_wconf 82' lang='grc' dir='ltr'>ἄν</span> <span class='ocrx_word' id='word_1_145' title='bbox 1117 1497 1547 1575; x_wconf 80' lang='grc' dir='ltr'>με-νικήσητε,</span> <span class='ocrx_word' id='word_1_146' title='bbox 1578 1498 1721 1558; x_wconf 74' lang='grc' dir='ltr'>οὐδέν</span> <span class='ocrx_word' id='word_1_147' title='bbox 1745 1500 1859 1557; x_wconf 69' lang='grc' dir='ltr'>ἐστι</span> <span class='ocrx_word' id='word_1_148' title='bbox 1883 1499 1970 1556; x_wconf 76' lang='grc' dir='ltr'>δί·</span> 
     </span>
     <span class='ocr_line' id='line_1_19' title="bbox 447 1581 1973 1665; baseline 0.005 -27"><span class='ocrx_word' id='word_1_149' title='bbox 447 1604 594 1639; x_wconf 72' lang='grc' dir='ltr'>καιον</span> <span class='ocrx_word' id='word_1_150' title='bbox 624 1581 739 1640; x_wconf 78' lang='grc' dir='ltr'>ἀντὶ</span> <span class='ocrx_word' id='word_1_151' title='bbox 762 1586 853 1640; x_wconf 79' lang='grc' dir='ltr'>τοῦ</span> <span class='ocrx_word' id='word_1_152' title='bbox 880 1584 982 1663; x_wconf 78' lang='grc' dir='ltr'>οὐχ</span> <span class='ocrx_word' id='word_1_153' title='bbox 995 1583 1220 1662; x_wconf 72' lang='grc' dir='ltr'>ὑπάρχει</span> <span class='ocrx_word' id='word_1_154' title='bbox 1244 1583 1443 1644; x_wconf 83' lang='grc' dir='ltr'>δίκαιόν</span> <span class='ocrx_word' id='word_1_155' title='bbox 1472 1609 1524 1645; x_wconf 90' lang='grc' dir='ltr'>τι</span> <span class='ocrx_word' id='word_1_156' title='bbox 1553 1586 1628 1665; x_wconf 86' lang='grc' dir='ltr'>(τι</span> <span class='ocrx_word' id='word_1_157' title='bbox 1654 1606 1765 1644; x_wconf 87' lang='lat' dir='ltr'>om.</span> <span class='ocrx_word' id='word_1_158' title='bbox 1792 1584 1973 1662; x_wconf 75' lang='grc'>6.).-</span> 
     </span>
     <span class='ocr_line' id='line_1_20' title="bbox 452 1669 1971 1751; baseline 0.005 -27"><span class='ocrx_word' id='word_1_159' title='bbox 452 1671 484 1724; x_wconf 83' lang='grc'>5</span> <span class='ocrx_word' id='word_1_160' title='bbox 517 1669 823 1736; x_wconf 75' lang='grc' dir='ltr'>ἀπελθόντες</span> <span class='ocrx_word' id='word_1_161' title='bbox 849 1670 997 1730; x_wconf 89' lang='lat' dir='ltr'>delet</span> <span class='ocrx_word' id='word_1_162' title='bbox 1020 1672 1323 1733; x_wconf 77' lang='lat' dir='ltr'>DobraeuS.</span> <span class='ocrx_word' id='word_1_163' title='bbox 1349 1711 1413 1725; x_wconf 90' lang='lat'>-</span> <span class='ocrx_word' id='word_1_164' title='bbox 1442 1695 1472 1746; x_wconf 91' lang='lat'><strong>7</strong></span> <span class='ocrx_word' id='word_1_165' title='bbox 1508 1696 1568 1751; x_wconf 85' lang='grc' dir='ltr'>γε</span> <span class='ocrx_word' id='word_1_166' title='bbox 1596 1695 1708 1732; x_wconf 88' lang='lat' dir='ltr'>om.</span> <span class='ocrx_word' id='word_1_167' title='bbox 1734 1673 1863 1732; x_wconf 84' lang='lat' dir='ltr'>Ald.</span> <span class='ocrx_word' id='word_1_168' title='bbox 1894 1707 1971 1718; x_wconf 89' lang='lat'>—</span> 
     </span>
     <span class='ocr_line' id='line_1_21' title="bbox 450 1756 1751 1840; baseline 0.006 -30"><span class='ocrx_word' id='word_1_169' title='bbox 450 1756 485 1810; x_wconf 86' lang='lat'>8</span> <span class='ocrx_word' id='word_1_170' title='bbox 516 1775 599 1831; x_wconf 86' lang='lat' dir='ltr'>sq.</span> <span class='ocrx_word' id='word_1_171' title='bbox 637 1760 789 1814; x_wconf 79' lang='grc' dir='ltr'>τοῦτο</span> <span class='ocrx_word' id='word_1_172' title='bbox 819 1756 1013 1824; x_wconf 80' lang='grc' dir='ltr'>διπλῶς</span> <span class='ocrx_word' id='word_1_173' title='bbox 1039 1767 1264 1819; x_wconf 79' lang='grc' dir='ltr'>νοεῖται·</span> <span class='ocrx_word' id='word_1_174' title='bbox 1293 1757 1329 1830; x_wconf 75' lang='grc' dir='ltr'>ἢ</span> <span class='ocrx_word' id='word_1_175' title='bbox 1356 1758 1435 1818; x_wconf 79' lang='grc' dir='ltr'>ὅτι</span> <span class='ocrx_word' id='word_1_176' title='bbox 1454 1782 1581 1840; x_wconf 81' lang='grc' dir='ltr'>ταχ.</span> <span class='ocrx_word' id='word_1_177' title='bbox 1607 1766 1751 1838; x_wconf 85' lang='lat' dir='ltr'>Reg.</span> 
     </span>
    </p>

    <p class='ocr_par' dir='ltr' id='par_1_7' title="bbox 454 1846 1984 3235">
     <span class='ocr_line' id='line_1_22' title="bbox 533 1846 1980 1929; baseline 0.008 -32"><span class='ocrx_word' id='word_1_178' title='bbox 533 1846 640 1914; x_wconf 74' lang='lat'>487</span> <span class='ocrx_word' id='word_1_179' title='bbox 665 1863 781 1902; x_wconf 86' lang='lat' dir='ltr'>om.</span> <span class='ocrx_word' id='word_1_180' title='bbox 811 1846 883 1905; x_wconf 84' lang='grc' dir='ltr'>Θ.</span> <span class='ocrx_word' id='word_1_181' title='bbox 909 1881 971 1894; x_wconf 92' lang='grc'>-</span> <span class='ocrx_word' id='word_1_182' title='bbox 1001 1847 1069 1903; x_wconf 86' lang='lat'>13</span> <span class='ocrx_word' id='word_1_183' title='bbox 1101 1866 1187 1925; x_wconf 84' lang='lat' dir='ltr'>sq.</span> <span class='ocrx_word' id='word_1_184' title='bbox 1221 1846 1529 1924; x_wconf 78' lang='grc' dir='ltr'>Κομμάτιον</span> <span class='ocrx_word' id='word_1_185' title='bbox 1541 1846 1860 1929; x_wconf 82' lang='grc' dir='ltr'>..τέταρτον</span> <span class='ocrx_word' id='word_1_186' title='bbox 1886 1851 1980 1907; x_wconf 86' lang='lat' dir='ltr'>in-</span> 
     </span>
     <span class='ocr_line' id='line_1_23' title="bbox 454 1930 1975 2014; baseline 0.008 -29"><span class='ocrx_word' id='word_1_187' title='bbox 454 1930 538 1986; x_wconf 71' lang='lat' dir='ltr'>l&#39;ra</span> <span class='ocrx_word' id='word_1_188' title='bbox 570 1943 700 2008; x_wconf 82' lang='lat' dir='ltr'>post</span> <span class='ocrx_word' id='word_1_189' title='bbox 721 1930 974 1991; x_wconf 80' lang='grc' dir='ltr'>δάκτυλον</span> <span class='ocrx_word' id='word_1_190' title='bbox 1001 1933 1038 1992; x_wconf 93' lang='lat' dir='ltr'>l.</span> <span class='ocrx_word' id='word_1_191' title='bbox 1070 1954 1143 2009; x_wconf 88' lang='lat'>19</span> <span class='ocrx_word' id='word_1_192' title='bbox 1171 1937 1337 2011; x_wconf 80' lang='lat' dir='ltr'>ponit</span> <span class='ocrx_word' id='word_1_193' title='bbox 1360 1940 1458 2003; x_wconf 80' lang='lat' dir='ltr'>V.‚</span> <span class='ocrx_word' id='word_1_194' title='bbox 1483 1937 1584 2014; x_wconf 89' lang='lat' dir='ltr'>qui</span> <span class='ocrx_word' id='word_1_195' title='bbox 1607 1938 1719 1994; x_wconf 78' lang='grc' dir='ltr'>ἐστι</span> <span class='ocrx_word' id='word_1_196' title='bbox 1755 1958 1869 1996; x_wconf 86' lang='lat' dir='ltr'>om.</span> <span class='ocrx_word' id='word_1_197' title='bbox 1895 1970 1975 1982; x_wconf 92' lang='lat'>—</span> 
     </span>
     <span class='ocr_line' id='line_1_24' title="bbox 462 2017 1978 2107; baseline 0.007 -34"><span class='ocrx_word' id='word_1_198' title='bbox 462 2026 526 2085; x_wconf 71' lang='lat'>14</span> <span class='ocrx_word' id='word_1_199' title='bbox 563 2017 652 2076; x_wconf 80' lang='grc' dir='ltr'>τὸν</span> <span class='ocrx_word' id='word_1_200' title='bbox 678 2019 709 2075; x_wconf 88' lang='grc' dir='ltr'>δ</span> <span class='ocrx_word' id='word_1_201' title='bbox 732 2022 802 2079; x_wconf 83' lang='lat' dir='ltr'>V.</span> <span class='ocrx_word' id='word_1_202' title='bbox 829 2021 901 2087; x_wconf 81' lang='grc' dir='ltr'>εἷς</span> <span class='ocrx_word' id='word_1_203' title='bbox 917 2018 978 2078; x_wconf 76' lang='grc' dir='ltr'>τὸ</span> <span class='ocrx_word' id='word_1_204' title='bbox 1000 2018 1248 2099; x_wconf 68' lang='grc' dir='ltr'>τέταρτον</span> <span class='ocrx_word' id='word_1_205' title='bbox 1277 2023 1408 2082; x_wconf 76' lang='lat' dir='ltr'>Ald.</span> <span class='ocrx_word' id='word_1_206' title='bbox 1429 2061 1494 2077; x_wconf 82' lang='lat'>--</span> <span class='ocrx_word' id='word_1_207' title='bbox 1529 2045 1590 2096; x_wconf 85' lang='lat'>¹7</span> <span class='ocrx_word' id='word_1_208' title='bbox 1618 2023 1978 2107; x_wconf 87' lang='grc' dir='ltr'>τετρασύλλα-</span> 
     </span>
     <span class='ocr_line' id='line_1_25' title="bbox 454 2103 1977 2190; baseline 0.007 -28"><span class='ocrx_word' id='word_1_209' title='bbox 454 2103 544 2162; x_wconf 74' lang='grc' dir='ltr'>ὅον</span> <span class='ocrx_word' id='word_1_210' title='bbox 564 2108 633 2162; x_wconf 98' lang='lat' dir='ltr'>R.</span> <span class='ocrx_word' id='word_1_211' title='bbox 661 2110 728 2163; x_wconf 84' lang='lat' dir='ltr'>V.</span> <span class='ocrx_word' id='word_1_212' title='bbox 750 2141 812 2154; x_wconf 88' lang='lat'>—</span> <span class='ocrx_word' id='word_1_213' title='bbox 840 2109 908 2164; x_wconf 78' lang='lat'>18</span> <span class='ocrx_word' id='word_1_214' title='bbox 932 2109 1007 2175; x_wconf 80' lang='grc' dir='ltr'>εἰς</span> <span class='ocrx_word' id='word_1_215' title='bbox 1029 2107 1298 2181; x_wconf 74' lang='grc' dir='ltr'>συλλαόήν</span> <span class='ocrx_word' id='word_1_216' title='bbox 1330 2130 1443 2167; x_wconf 89' lang='lat' dir='ltr'>om.</span> <span class='ocrx_word' id='word_1_217' title='bbox 1470 2115 1535 2168; x_wconf 86' lang='lat' dir='ltr'>V.</span> <span class='ocrx_word' id='word_1_218' title='bbox 1568 2109 1777 2190; x_wconf 64' lang='grc' dir='ltr'>δέχεται</span> <span class='ocrx_word' id='word_1_219' title='bbox 1818 2110 1874 2170; x_wconf 62' lang='grc' dir='ltr'>δὲ</span> <span class='ocrx_word' id='word_1_220' title='bbox 1916 2113 1977 2172; x_wconf 75' lang='grc' dir='ltr'>τὸ</span> 
     </span>
     <span class='ocr_line' id='line_1_26' title="bbox 456 2193 1979 2279; baseline 0.006 -31"><span class='ocrx_word' id='word_1_221' title='bbox 456 2193 832 2253; x_wconf 78' lang='grc' dir='ltr'>ἀναπαιστικὸν</span> <span class='ocrx_word' id='word_1_222' title='bbox 855 2194 992 2255; x_wconf 71' lang='grc' dir='ltr'>κατὰ</span> <span class='ocrx_word' id='word_1_223' title='bbox 1013 2197 1188 2266; x_wconf 81' lang='grc' dir='ltr'>πάσας</span> <span class='ocrx_word' id='word_1_224' title='bbox 1209 2198 1387 2279; x_wconf 82' lang='grc' dir='ltr'>χώρας</span> <span class='ocrx_word' id='word_1_225' title='bbox 1433 2197 1755 2258; x_wconf 76' lang='grc' dir='ltr'>ἀνάπαιστον</span> <span class='ocrx_word' id='word_1_226' title='bbox 1783 2203 1979 2261; x_wconf 77' lang='lat' dir='ltr'>Ald...</span> 
     </span>
     <span class='ocr_line' id='line_1_27' title="bbox 464 2280 1977 2366; baseline 0.008 -31"><span class='ocrx_word' id='word_1_227' title='bbox 464 2298 532 2354; x_wconf 90' lang='lat'>¹9</span> <span class='ocrx_word' id='word_1_228' title='bbox 554 2280 644 2338; x_wconf 79' lang='grc' dir='ltr'>καὶ</span> <span class='ocrx_word' id='word_1_229' title='bbox 666 2300 780 2339; x_wconf 89' lang='lat' dir='ltr'>om.</span> <span class='ocrx_word' id='word_1_230' title='bbox 806 2285 877 2340; x_wconf 87' lang='lat' dir='ltr'>R.</span> <span class='ocrx_word' id='word_1_231' title='bbox 911 2288 977 2341; x_wconf 86' lang='lat' dir='ltr'>V.</span> <span class='ocrx_word' id='word_1_232' title='bbox 1018 2287 1287 2345; x_wconf 74' lang='grc' dir='ltr'>σπονδεῖον</span> <span class='ocrx_word' id='word_1_233' title='bbox 1310 2285 1501 2364; x_wconf 76' lang='grc' dir='ltr'>ίαμὸον</span> <span class='ocrx_word' id='word_1_234' title='bbox 1546 2293 1615 2346; x_wconf 89' lang='lat' dir='ltr'>R.</span> <span class='ocrx_word' id='word_1_235' title='bbox 1656 2287 1848 2366; x_wconf 75' lang='grc' dir='ltr'>ῑαμὸον</span> <span class='ocrx_word' id='word_1_236' title='bbox 1885 2287 1977 2347; x_wconf 78' lang='grc' dir='ltr'>καὶ</span> 
     </span>
     <span class='ocr_line' id='line_1_28' title="bbox 454 2367 1980 2454; baseline 0.008 -31"><span class='ocrx_word' id='word_1_237' title='bbox 454 2367 709 2426; x_wconf 80' lang='grc' dir='ltr'>δάκτυλον</span> <span class='ocrx_word' id='word_1_238' title='bbox 734 2368 865 2427; x_wconf 82' lang='lat' dir='ltr'>libri</span> <span class='ocrx_word' id='word_1_239' title='bbox 898 2372 1126 2448; x_wconf 84' lang='lat' dir='ltr'>quidam</span> <span class='ocrx_word' id='word_1_240' title='bbox 1156 2375 1584 2453; x_wconf 73' lang='lat' dir='ltr'>Hephaestionis</span> <span class='ocrx_word' id='word_1_241' title='bbox 1619 2396 1678 2454; x_wconf 87' lang='lat' dir='ltr'>p.</span> <span class='ocrx_word' id='word_1_242' title='bbox 1714 2385 1804 2446; x_wconf 77' lang='grc'>44.</span> <span class='ocrx_word' id='word_1_243' title='bbox 1845 2381 1980 2436; x_wconf 83' lang='lat' dir='ltr'>Post</span> 
     </span>
     <span class='ocr_line' id='line_1_29' title="bbox 455 2455 1980 2541; baseline 0.009 -31"><span class='ocrx_word' id='word_1_244' title='bbox 455 2455 570 2512; x_wconf 84' lang='lat' dir='ltr'>haec</span> <span class='ocrx_word' id='word_1_245' title='bbox 593 2459 667 2514; x_wconf 77' lang='lat' dir='ltr'>R.</span> <span class='ocrx_word' id='word_1_246' title='bbox 698 2457 863 2533; x_wconf 85' lang='lat' dir='ltr'>ponit</span> <span class='ocrx_word' id='word_1_247' title='bbox 891 2457 995 2539; x_wconf 77' lang='grc' dir='ltr'>χρὴ</span> <span class='ocrx_word' id='word_1_248' title='bbox 1027 2458 1196 2539; x_wconf 78' lang='grc' dir='ltr'>λέγειν</span> <span class='ocrx_word' id='word_1_249' title='bbox 1236 2465 1376 2537; x_wconf 78' lang='grc' dir='ltr'>ἡμᾶς</span> <span class='ocrx_word' id='word_1_250' title='bbox 1397 2460 1773 2540; x_wconf 72' lang='grc' dir='ltr'>ἀντιλέγοντας.</span> <span class='ocrx_word' id='word_1_251' title='bbox 1799 2469 1939 2541; x_wconf 79' lang='lat' dir='ltr'>Reg.</span> <span class='ocrx_word' id='word_1_252' title='bbox 1960 2484 1980 2525; x_wconf 67' lang='grc' dir='ltr'>ι·</span> 
     </span>
     <span class='ocr_line' id='line_1_30' title="bbox 455 2536 1980 2624; baseline 0.007 -26"><span class='ocrx_word' id='word_1_253' title='bbox 455 2536 616 2599; x_wconf 79' lang='grc' dir='ltr'>Ἔστι</span> <span class='ocrx_word' id='word_1_254' title='bbox 636 2538 692 2599; x_wconf 76' lang='grc' dir='ltr'>δὲ</span> <span class='ocrx_word' id='word_1_255' title='bbox 725 2543 1100 2603; x_wconf 77' lang='grc' dir='ltr'>ἅναπαιστικὸν</span> <span class='ocrx_word' id='word_1_256' title='bbox 1120 2587 1136 2610; x_wconf 87' lang='grc'><strong>,</strong></span> <span class='ocrx_word' id='word_1_257' title='bbox 1185 2551 1285 2624; x_wconf 73' lang='grc' dir='ltr'>οὐχ</span> <span class='ocrx_word' id='word_1_258' title='bbox 1319 2546 1399 2605; x_wconf 77' lang='grc' dir='ltr'>ὅτι</span> <span class='ocrx_word' id='word_1_259' title='bbox 1422 2546 1622 2614; x_wconf 78' lang='grc' dir='ltr'>πάντας</span> <span class='ocrx_word' id='word_1_260' title='bbox 1664 2546 1782 2614; x_wconf 76' lang='grc' dir='ltr'>τοὺς</span> <span class='ocrx_word' id='word_1_261' title='bbox 1814 2549 1980 2617; x_wconf 86' lang='grc' dir='ltr'>πόδας</span> 
     </span>
     <span class='ocr_line' id='line_1_31' title="bbox 456 2626 1981 2711; baseline 0.007 -28"><span class='ocrx_word' id='word_1_262' title='bbox 456 2626 812 2693; x_wconf 80' lang='grc' dir='ltr'>ἀναπαίστους</span> <span class='ocrx_word' id='word_1_263' title='bbox 835 2628 976 2707; x_wconf 79' lang='grc' dir='ltr'>ἔχει,</span> <span class='ocrx_word' id='word_1_264' title='bbox 1004 2632 1122 2690; x_wconf 78' lang='grc' dir='ltr'>ἀλλ’</span> <span class='ocrx_word' id='word_1_265' title='bbox 1153 2631 1234 2692; x_wconf 81' lang='grc' dir='ltr'>ὅτι</span> <span class='ocrx_word' id='word_1_266' title='bbox 1267 2634 1480 2710; x_wconf 81' lang='grc' dir='ltr'>μάλισθ’</span> <span class='ocrx_word' id='word_1_267' title='bbox 1498 2633 1579 2693; x_wconf 75' lang='grc' dir='ltr'>ὅτι</span> <span class='ocrx_word' id='word_1_268' title='bbox 1604 2635 1945 2704; x_wconf 75' lang='grc' dir='ltr'>πλεονάζουσι</span> <span class='ocrx_word' id='word_1_269' title='bbox 1961 2681 1981 2711; x_wconf 92' lang='grc'><strong>,</strong></span> 
     </span>
     <span class='ocr_line' id='line_1_32' title="bbox 458 2712 1981 2795; baseline 0.007 -24"><span class='ocrx_word' id='word_1_270' title='bbox 458 2713 548 2771; x_wconf 79' lang='grc' dir='ltr'>καὶ</span> <span class='ocrx_word' id='word_1_271' title='bbox 570 2712 648 2773; x_wconf 81' lang='grc' dir='ltr'>ἔτι</span> <span class='ocrx_word' id='word_1_272' title='bbox 672 2716 872 2792; x_wconf 75' lang='grc' dir='ltr'>μᾶλλον</span> <span class='ocrx_word' id='word_1_273' title='bbox 903 2714 986 2775; x_wconf 75' lang='grc' dir='ltr'>διὰ</span> <span class='ocrx_word' id='word_1_274' title='bbox 1013 2719 1076 2777; x_wconf 81' lang='grc' dir='ltr'>τὸ</span> <span class='ocrx_word' id='word_1_275' title='bbox 1100 2722 1161 2779; x_wconf 72' lang='grc' dir='ltr'>ἐκ</span> <span class='ocrx_word' id='word_1_276' title='bbox 1186 2720 1380 2786; x_wconf 77' lang='grc' dir='ltr'>παντὸς</span> <span class='ocrx_word' id='word_1_277' title='bbox 1415 2720 1503 2780; x_wconf 84' lang='grc' dir='ltr'>τὸν</span> <span class='ocrx_word' id='word_1_278' title='bbox 1537 2724 1833 2781; x_wconf 83' lang='grc' dir='ltr'>τελευταῖον</span> <span class='ocrx_word' id='word_1_279' title='bbox 1860 2722 1981 2795; x_wconf 82' lang='grc' dir='ltr'>ἤτοι</span> 
     </span>
     <span class='ocr_line' id='line_1_33' title="bbox 457 2799 1984 2886; baseline 0.008 -27"><span class='ocrx_word' id='word_1_280' title='bbox 457 2799 502 2871; x_wconf 84' lang='grc' dir='ltr'>ζ’</span> <span class='ocrx_word' id='word_1_281' title='bbox 529 2800 667 2860; x_wconf 86' lang='grc' dir='ltr'>πόδα</span> <span class='ocrx_word' id='word_1_282' title='bbox 694 2802 782 2862; x_wconf 79' lang='grc' dir='ltr'>τὸν</span> <span class='ocrx_word' id='word_1_283' title='bbox 806 2803 1024 2886; x_wconf 79' lang='grc' dir='ltr'>πρὸτῆς</span> <span class='ocrx_word' id='word_1_284' title='bbox 1046 2810 1440 2882; x_wconf 75' lang='grc' dir='ltr'>καταληκτικῆς</span> <span class='ocrx_word' id='word_1_285' title='bbox 1464 2808 1731 2881; x_wconf 76' lang='grc' dir='ltr'>συλλαὸἥς</span> <span class='ocrx_word' id='word_1_286' title='bbox 1755 2810 1984 2871; x_wconf 74' lang='grc' dir='ltr'>ἀνάπαι-</span> 
     </span>
     <span class='ocr_line' id='line_1_34' title="bbox 461 2881 1982 2978; baseline 0.006 -29"><span class='ocrx_word' id='word_1_287' title='bbox 461 2912 581 2950; x_wconf 89' lang='grc' dir='ltr'>στον</span> <span class='ocrx_word' id='word_1_288' title='bbox 610 2881 763 2949; x_wconf 75' lang='grc' dir='ltr'>εἶναι.</span> <span class='ocrx_word' id='word_1_289' title='bbox 807 2892 1108 2973; x_wconf 68' lang='grc' dir='ltr'>ἐπιδέχεται</span> <span class='ocrx_word' id='word_1_290' title='bbox 1145 2895 1199 2955; x_wconf 65' lang='grc' dir='ltr'>δὲ</span> <span class='ocrx_word' id='word_1_291' title='bbox 1245 2896 1332 2957; x_wconf 80' lang='grc' dir='ltr'>διὰ</span> <span class='ocrx_word' id='word_1_292' title='bbox 1368 2897 1531 2975; x_wconf 83' lang='grc' dir='ltr'>μέσου</span> <span class='ocrx_word' id='word_1_293' title='bbox 1574 2897 1852 2978; x_wconf 76' lang='grc' dir='ltr'>ἀδιάφορον</span> <span class='ocrx_word' id='word_1_294' title='bbox 1889 2899 1982 2958; x_wconf 73' lang='grc' dir='ltr'>καὶ</span> 
     </span>
     <span class='ocr_line' id='line_1_35' title="bbox 459 2978 1981 3057; baseline 0.005 -19"><span class='ocrx_word' id='word_1_295' title='bbox 459 2978 793 3052; x_wconf 71' lang='grc' dir='ltr'>σπονδείους,</span> <span class='ocrx_word' id='word_1_296' title='bbox 824 2979 1045 3057; x_wconf 79' lang='grc' dir='ltr'>ἰᾶμὸους</span> <span class='ocrx_word' id='word_1_297' title='bbox 1078 3007 1137 3042; x_wconf 86' lang='grc' dir='ltr'>τε</span> <span class='ocrx_word' id='word_1_298' title='bbox 1171 2984 1262 3045; x_wconf 73' lang='grc' dir='ltr'>καὶ</span> <span class='ocrx_word' id='word_1_299' title='bbox 1298 2983 1597 3052; x_wconf 81' lang='grc' dir='ltr'>δακτύλους.</span> <span class='ocrx_word' id='word_1_300' title='bbox 1621 3022 1683 3036; x_wconf 89' lang='lat'>--</span> <span class='ocrx_word' id='word_1_301' title='bbox 1708 3005 1781 3043; x_wconf 75' lang='lat' dir='ltr'>aa</span> <span class='ocrx_word' id='word_1_302' title='bbox 1807 3008 1981 3045; x_wconf 88' lang='grc' dir='ltr'>κατα-</span> 
     </span>
     <span class='ocr_line' id='line_1_36' title="bbox 456 3065 1983 3152; baseline 0.007 -29"><span class='ocrx_word' id='word_1_303' title='bbox 456 3067 721 3137; x_wconf 76' lang='grc' dir='ltr'>ληκτικιῗιν</span> <span class='ocrx_word' id='word_1_304' title='bbox 750 3065 859 3148; x_wconf 84' lang='grc' dir='ltr'>ρια’</span> <span class='ocrx_word' id='word_1_305' title='bbox 882 3073 1026 3146; x_wconf 77' lang='lat' dir='ltr'>Reg.</span> <span class='ocrx_word' id='word_1_306' title='bbox 1054 3107 1119 3122; x_wconf 86' lang='lat'>--</span> <span class='ocrx_word' id='word_1_307' title='bbox 1146 3082 1220 3141; x_wconf 70' lang='lat'>24</span> <span class='ocrx_word' id='word_1_308' title='bbox 1249 3071 1373 3152; x_wconf 76' lang='grc' dir='ltr'>πρὶν</span> <span class='ocrx_word' id='word_1_309' title='bbox 1404 3073 1496 3131; x_wconf 77' lang='grc' dir='ltr'>καὶ</span> <span class='ocrx_word' id='word_1_310' title='bbox 1523 3072 1729 3132; x_wconf 80' lang='lat' dir='ltr'>Ald.--</span> <span class='ocrx_word' id='word_1_311' title='bbox 1750 3075 1825 3130; x_wconf 79' lang='lat'>28</span> <span class='ocrx_word' id='word_1_312' title='bbox 1862 3076 1983 3132; x_wconf 79' lang='grc' dir='ltr'>σελ-</span> 
     </span>
     <span class='ocr_line' id='line_1_37' title="bbox 456 3151 1782 3235; baseline 0.005 -26"><span class='ocrx_word' id='word_1_313' title='bbox 456 3151 742 3233; x_wconf 78' lang='grc' dir='ltr'>ληνουντίῳ</span> <span class='ocrx_word' id='word_1_314' title='bbox 764 3153 894 3211; x_wconf 84' lang='lat' dir='ltr'>Ald.</span> <span class='ocrx_word' id='word_1_315' title='bbox 914 3159 1247 3215; x_wconf 77' lang='lat' dir='ltr'>Cori-ectum</span> <span class='ocrx_word' id='word_1_316' title='bbox 1267 3176 1340 3216; x_wconf 82' lang='lat' dir='ltr'>cx</span> <span class='ocrx_word' id='word_1_317' title='bbox 1363 3160 1782 3235; x_wconf 60' lang='lat' dir='ltr'>Hephaestione.</span> 
     </span>
    </p>

    <p class='ocr_par' dir='ltr' id='par_1_8' title="bbox 459 3237 1984 3399">
     <span class='ocr_line' id='line_1_38' title="bbox 538 3237 1984 3325; baseline 0.007 -32"><span class='ocrx_word' id='word_1_318' title='bbox 538 3237 677 3308; x_wconf 82' lang='lat'><strong>488,</strong></span> <span class='ocrx_word' id='word_1_319' title='bbox 701 3239 770 3307; x_wconf 83' lang='lat'>37</span> <span class='ocrx_word' id='word_1_320' title='bbox 806 3240 1073 3316; x_wconf 77' lang='grc' dir='ltr'>χαυνῶδες</span> <span class='ocrx_word' id='word_1_321' title='bbox 1103 3242 1174 3301; x_wconf 85' lang='grc' dir='ltr'>Θ.</span> <span class='ocrx_word' id='word_1_322' title='bbox 1197 3278 1259 3292; x_wconf 90' lang='lat'>--</span> <span class='ocrx_word' id='word_1_323' title='bbox 1286 3243 1359 3299; x_wconf 88' lang='grc'>38</span> <span class='ocrx_word' id='word_1_324' title='bbox 1390 3246 1457 3319; x_wconf 84' lang='grc' dir='ltr'>τῇ</span> <span class='ocrx_word' id='word_1_325' title='bbox 1498 3241 1652 3325; x_wconf 65' lang='grc' dir='ltr'>πενία</span> <span class='ocrx_word' id='word_1_326' title='bbox 1696 3241 1775 3320; x_wconf 81' lang='grc' dir='ltr'>μὴ</span> <span class='ocrx_word' id='word_1_327' title='bbox 1807 3265 1984 3303; x_wconf 86' lang='grc' dir='ltr'>κατα-</span> 
     </span>
     <span class='ocr_line' id='line_1_39' title="bbox 459 3324 918 3399; baseline 0.009 -19"><span class='ocrx_word' id='word_1_328' title='bbox 459 3324 820 3399; x_wconf 77' lang='grc' dir='ltr'>μαλακισθῆτε</span> <span class='ocrx_word' id='word_1_329' title='bbox 847 3329 918 3384; x_wconf 83' lang='lat' dir='ltr'>V.</span> 
     </span>
    </p>

    <p class='ocr_par' dir='ltr' id='par_1_9' title="bbox 458 3410 1988 4015">
     <span class='ocr_line' id='line_1_40' title="bbox 540 3410 1976 3495; baseline 0.007 -30"><span class='ocrx_word' id='word_1_330' title='bbox 540 3410 677 3486; x_wconf 75' lang='grc'><strong>493,</strong></span> <span class='ocrx_word' id='word_1_331' title='bbox 703 3411 778 3468; x_wconf 83' lang='grc'>50</span> <span class='ocrx_word' id='word_1_332' title='bbox 806 3430 893 3489; x_wconf 84' lang='lat' dir='ltr'>sq.</span> <span class='ocrx_word' id='word_1_333' title='bbox 935 3411 1208 3490; x_wconf 83' lang='grc' dir='ltr'>Βούλιυμα</span> <span class='ocrx_word' id='word_1_334' title='bbox 1238 3418 1273 3486; x_wconf 79' lang='grc' dir='ltr'>ἡ</span> <span class='ocrx_word' id='word_1_335' title='bbox 1300 3413 1442 3482; x_wconf 80' lang='grc' dir='ltr'>ἰδίως</span> <span class='ocrx_word' id='word_1_336' title='bbox 1484 3414 1706 3475; x_wconf 75' lang='grc' dir='ltr'>ἑκάστου</span> <span class='ocrx_word' id='word_1_337' title='bbox 1747 3413 1935 3495; x_wconf 79' lang='grc' dir='ltr'>γνώμη</span> <span class='ocrx_word' id='word_1_338' title='bbox 1954 3460 1976 3488; x_wconf 90' lang='grc'><strong>,</strong></span> 
     </span>
     <span class='ocr_line' id='line_1_41' title="bbox 461 3494 1982 3580; baseline 0.008 -29"><span class='ocrx_word' id='word_1_339' title='bbox 461 3494 705 3572; x_wconf 84' lang='grc' dir='ltr'>βούλημα</span> <span class='ocrx_word' id='word_1_340' title='bbox 734 3495 791 3554; x_wconf 76' lang='grc' dir='ltr'>δὲ</span> <span class='ocrx_word' id='word_1_341' title='bbox 824 3502 859 3569; x_wconf 84' lang='grc' dir='ltr'>ἡ</span> <span class='ocrx_word' id='word_1_342' title='bbox 889 3499 1116 3577; x_wconf 88' lang='grc' dir='ltr'>δημοσία</span> <span class='ocrx_word' id='word_1_343' title='bbox 1143 3499 1329 3579; x_wconf 80' lang='grc' dir='ltr'>γνώμη</span> <span class='ocrx_word' id='word_1_344' title='bbox 1357 3506 1431 3562; x_wconf 87' lang='lat' dir='ltr'>V.</span> <span class='ocrx_word' id='word_1_345' title='bbox 1453 3500 1516 3561; x_wconf 75' lang='grc' dir='ltr'>τὸ</span> <span class='ocrx_word' id='word_1_346' title='bbox 1544 3502 1796 3580; x_wconf 87' lang='grc' dir='ltr'>δημόσιον</span> <span class='ocrx_word' id='word_1_347' title='bbox 1827 3508 1895 3562; x_wconf 81' lang='lat' dir='ltr'>R.</span> <span class='ocrx_word' id='word_1_348' title='bbox 1923 3517 1982 3563; x_wconf 88' lang='lat' dir='ltr'>et</span> 
     </span>
     <span class='ocr_line' id='line_1_42' title="bbox 458 3579 1983 3663; baseline 0.01 -25"><span class='ocrx_word' id='word_1_349' title='bbox 458 3579 662 3638; x_wconf 77' lang='lat' dir='ltr'>suidas</span> <span class='ocrx_word' id='word_1_350' title='bbox 688 3601 733 3640; x_wconf 76' lang='lat' dir='ltr'>s·</span> <span class='ocrx_word' id='word_1_351' title='bbox 756 3583 1050 3663; x_wconf 82' lang='grc' dir='ltr'>Βούλευμα.</span> <span class='ocrx_word' id='word_1_352' title='bbox 1078 3588 1277 3647; x_wconf 82' lang='lat' dir='ltr'>Paullo</span> <span class='ocrx_word' id='word_1_353' title='bbox 1302 3589 1513 3646; x_wconf 86' lang='lat' dir='ltr'>rectius</span> <span class='ocrx_word' id='word_1_354' title='bbox 1530 3602 1720 3648; x_wconf 87' lang='lat' dir='ltr'>autem</span> <span class='ocrx_word' id='word_1_355' title='bbox 1745 3591 1983 3653; x_wconf 66' lang='lat' dir='ltr'>dixisset</span> 
     </span>
     <span class='ocr_line' id='line_1_43' title="bbox 461 3664 1979 3754; baseline 0.009 -32"><span class='ocrx_word' id='word_1_356' title='bbox 461 3664 705 3744; x_wconf 88' lang='grc' dir='ltr'>βούλημα</span> <span class='ocrx_word' id='word_1_357' title='bbox 727 3687 854 3727; x_wconf 82' lang='lat' dir='ltr'>esse</span> <span class='ocrx_word' id='word_1_358' title='bbox 868 3671 929 3728; x_wconf 81' lang='grc' dir='ltr'>τὸ</span> <span class='ocrx_word' id='word_1_359' title='bbox 947 3670 1097 3745; x_wconf 80' lang='grc' dir='ltr'>ἴδιον,</span> <span class='ocrx_word' id='word_1_360' title='bbox 1128 3674 1391 3751; x_wconf 80' lang='grc' dir='ltr'>βούλευμα</span> <span class='ocrx_word' id='word_1_361' title='bbox 1414 3686 1609 3732; x_wconf 86' lang='lat' dir='ltr'>autem</span> <span class='ocrx_word' id='word_1_362' title='bbox 1629 3673 1690 3734; x_wconf 85' lang='grc' dir='ltr'>τὸ</span> <span class='ocrx_word' id='word_1_363' title='bbox 1707 3675 1979 3754; x_wconf 82' lang='grc' dir='ltr'>δημόσιον.</span> 
     </span>
     <span class='ocr_line' id='line_1_44' title="bbox 461 3758 1982 3837; baseline 0.01 -28"><span class='ocrx_word' id='word_1_364' title='bbox 461 3758 639 3811; x_wconf 78' lang='lat' dir='ltr'>Dum.</span> <span class='ocrx_word' id='word_1_365' title='bbox 664 3761 979 3833; x_wconf 81' lang='lat' dir='ltr'><strong>sequentes</strong></span> <span class='ocrx_word' id='word_1_366' title='bbox 1014 3761 1222 3819; x_wconf 83' lang='lat' dir='ltr'>infimae</span> <span class='ocrx_word' id='word_1_367' title='bbox 1253 3761 1435 3820; x_wconf 69' lang='lat' dir='ltr'>aemtis</span> <span class='ocrx_word' id='word_1_368' title='bbox 1482 3764 1982 3837; x_wconf 80' lang='lat' dir='ltr'>grammaticorum</span> 
     </span>
     <span class='ocr_line' id='line_1_45' title="bbox 461 3843 1983 3920; baseline 0.012 -24"><span class='ocrx_word' id='word_1_369' title='bbox 461 3843 866 3901; x_wconf 81' lang='lat' dir='ltr'>annotationes</span> <span class='ocrx_word' id='word_1_370' title='bbox 887 3864 1003 3905; x_wconf 87' lang='lat' dir='ltr'>om.</span> <span class='ocrx_word' id='word_1_371' title='bbox 1047 3848 1216 3907; x_wconf 78' lang='lat' dir='ltr'>ctiam</span> <span class='ocrx_word' id='word_1_372' title='bbox 1243 3850 1314 3908; x_wconf 87' lang='grc' dir='ltr'>Θ.</span> <span class='ocrx_word' id='word_1_373' title='bbox 1337 3884 1398 3898; x_wconf 88' lang='grc'>-</span> <span class='ocrx_word' id='word_1_374' title='bbox 1430 3851 1460 3905; x_wconf 81' lang='grc'>3</span> <span class='ocrx_word' id='word_1_375' title='bbox 1492 3850 1654 3920; x_wconf 75' lang='grc' dir='ltr'>δηλοῖ.</span> <span class='ocrx_word' id='word_1_376' title='bbox 1684 3856 1983 3914; x_wconf 83' lang='lat' dir='ltr'>structura</span> 
     </span>
     <span class='ocr_line' id='line_1_46' title="bbox 458 3928 1988 4015; baseline 0.012 -30"><span class='ocrx_word' id='word_1_377' title='bbox 458 3928 616 3987; x_wconf 87' lang='lat' dir='ltr'>labat</span> <span class='ocrx_word' id='word_1_378' title='bbox 647 3951 661 3987; x_wconf 72' lang='grc' dir='ltr'>ι</span> <span class='ocrx_word' id='word_1_379' title='bbox 699 3930 1044 3992; x_wconf 79' lang='lat' dir='ltr'>fulciendam</span> <span class='ocrx_word' id='word_1_380' title='bbox 1087 3937 1300 4013; x_wconf 82' lang='lat' dir='ltr'>opinor</span> <span class='ocrx_word' id='word_1_381' title='bbox 1334 3937 1447 3995; x_wconf 89' lang='lat' dir='ltr'>boc</span> <span class='ocrx_word' id='word_1_382' title='bbox 1482 3950 1654 4015; x_wconf 90' lang='lat' dir='ltr'>pacto</span> <span class='ocrx_word' id='word_1_383' title='bbox 1679 3961 1692 3996; x_wconf 72' lang='grc' dir='ltr'>ε</span> <span class='ocrx_word' id='word_1_384' title='bbox 1719 3939 1875 4009; x_wconf 83' lang='grc' dir='ltr'>δῆλον</span> <span class='ocrx_word' id='word_1_385' title='bbox 1923 3945 1988 4003; x_wconf 80' lang='grc' dir='ltr'>ἐκ</span> 
     </span>
    </p>
   </div>
   <div class='ocr_carea' id='block_1_7' title="bbox 336 4016 1983 4100">
    <p class='ocr_par' dir='ltr' id='par_1_10' title="bbox 336 4016 1983 4100">
     <span class='ocr_line' id='line_1_47' title="bbox 336 4016 1983 4100; baseline 0.01 -28"><span class='ocrx_word' id='word_1_386' title='bbox 336 4055 340 4072; x_wconf 68' lang='lat'>2</span> <span class='ocrx_word' id='word_1_387' title='bbox 459 4038 519 4073; x_wconf 87' lang='grc' dir='ltr'>π.</span> <span class='ocrx_word' id='word_1_388' title='bbox 543 4039 593 4073; x_wconf 92' lang='grc' dir='ltr'>τ.</span> <span class='ocrx_word' id='word_1_389' title='bbox 625 4016 928 4095; x_wconf 83' lang='grc' dir='ltr'>σημαίνειν,</span> <span class='ocrx_word' id='word_1_390' title='bbox 972 4021 1092 4079; x_wconf 85' lang='lat' dir='ltr'>sive</span> <span class='ocrx_word' id='word_1_391' title='bbox 1125 4023 1321 4099; x_wconf 85' lang='lat' dir='ltr'>potius</span> <span class='ocrx_word' id='word_1_392' title='bbox 1348 4032 1625 4100; x_wconf 79' lang='grc' dir='ltr'>σημαῖνον.</span> <span class='ocrx_word' id='word_1_393' title='bbox 1656 4030 1876 4088; x_wconf 72' lang='grc' dir='ltr'>Ηειιετ.</span> <span class='ocrx_word' id='word_1_394' title='bbox 1906 4064 1983 4074; x_wconf 89' lang='grc'>--</span> 
     </span>
    </p>
   </div>
   <div class='ocr_carea' id='block_1_8' title="bbox 461 4102 1988 5061">
    <p class='ocr_par' dir='ltr' id='par_1_11' title="bbox 461 4102 1988 4804">
     <span class='ocr_line' id='line_1_48' title="bbox 469 4102 1984 4186; baseline 0.011 -27"><span class='ocrx_word' id='word_1_395' title='bbox 469 4112 536 4171; x_wconf 76' lang='lat'>14</span> <span class='ocrx_word' id='word_1_396' title='bbox 557 4105 606 4161; x_wconf 80' lang='grc' dir='ltr'>οἱ</span> <span class='ocrx_word' id='word_1_397' title='bbox 634 4102 851 4184; x_wconf 80' lang='grc' dir='ltr'>πονηροὶ</span> <span class='ocrx_word' id='word_1_398' title='bbox 874 4118 986 4165; x_wconf 86' lang='lat' dir='ltr'>etc.</span> <span class='ocrx_word' id='word_1_399' title='bbox 1007 4111 1142 4166; x_wconf 80' lang='lat' dir='ltr'>Haec</span> <span class='ocrx_word' id='word_1_400' title='bbox 1168 4111 1340 4186; x_wconf 88' lang='lat' dir='ltr'>paulo</span> <span class='ocrx_word' id='word_1_401' title='bbox 1367 4111 1707 4171; x_wconf 79' lang='lat' dir='ltr'>maculatius</span> <span class='ocrx_word' id='word_1_402' title='bbox 1730 4133 1829 4172; x_wconf 88' lang='lat' dir='ltr'>ora</span> <span class='ocrx_word' id='word_1_403' title='bbox 1855 4116 1984 4176; x_wconf 90' lang='lat' dir='ltr'>cod.</span> 
     </span>
     <span class='ocr_line' id='line_1_49' title="bbox 464 4181 1982 4276; baseline 0.009 -28"><span class='ocrx_word' id='word_1_404' title='bbox 464 4195 643 4248; x_wconf 87' lang='lat' dir='ltr'>Dorv.</span> <span class='ocrx_word' id='word_1_405' title='bbox 669 4181 750 4267; x_wconf 87' lang='lat' dir='ltr'>[et</span> <span class='ocrx_word' id='word_1_406' title='bbox 777 4194 965 4272; x_wconf 81' lang='lat' dir='ltr'>Regii]</span> <span class='ocrx_word' id='word_1_407' title='bbox 986 4197 1237 4271; x_wconf 77' lang='lat' dir='ltr'>ostendit</span> <span class='ocrx_word' id='word_1_408' title='bbox 1274 4218 1309 4256; x_wconf 91' lang='lat' dir='ltr'>e</span> <span class='ocrx_word' id='word_1_409' title='bbox 1343 4199 1576 4276; x_wconf 81' lang='lat' dir='ltr'>regione</span> <span class='ocrx_word' id='word_1_410' title='bbox 1599 4219 1654 4258; x_wconf 85' lang='lat' dir='ltr'>v.</span> <span class='ocrx_word' id='word_1_411' title='bbox 1682 4200 1814 4274; x_wconf 82' lang='lat'><strong>502,</strong></span> <span class='ocrx_word' id='word_1_412' title='bbox 1834 4204 1982 4263; x_wconf 82' lang='lat'><strong>503:</strong></span> 
     </span>
     <span class='ocr_line' id='line_1_50' title="bbox 465 4276 1983 4364; baseline 0.011 -28"><span class='ocrx_word' id='word_1_413' title='bbox 465 4276 682 4344; x_wconf 84' lang='grc' dir='ltr'>Ἰδόντες</span> <span class='ocrx_word' id='word_1_414' title='bbox 712 4276 815 4361; x_wconf 71' lang='grc' dir='ltr'>γὰρ</span> <span class='ocrx_word' id='word_1_415' title='bbox 852 4283 902 4340; x_wconf 82' lang='grc' dir='ltr'>οἱ</span> <span class='ocrx_word' id='word_1_416' title='bbox 951 4283 1169 4364; x_wconf 83' lang='grc' dir='ltr'>πονηροὶ</span> <span class='ocrx_word' id='word_1_417' title='bbox 1206 4284 1325 4352; x_wconf 76' lang='grc' dir='ltr'>τοὺς</span> <span class='ocrx_word' id='word_1_418' title='bbox 1372 4285 1593 4364; x_wconf 76' lang='grc' dir='ltr'>ἀγαθοὺς</span> <span class='ocrx_word' id='word_1_419' title='bbox 1638 4285 1725 4346; x_wconf 75' lang='grc' dir='ltr'>διὰ</span> <span class='ocrx_word' id='word_1_420' title='bbox 1750 4293 1903 4348; x_wconf 79' lang='grc' dir='ltr'>τοῦτο</span> <span class='ocrx_word' id='word_1_421' title='bbox 1925 4284 1983 4353; x_wconf 65' lang='grc' dir='ltr'><em>ὦ</em></span> 
     </span>
     <span class='ocr_line' id='line_1_51' title="bbox 462 4365 1985 4458; baseline 0.008 -33"><span class='ocrx_word' id='word_1_422' title='bbox 462 4365 784 4449; x_wconf 81' lang='grc' dir='ltr'>πράττοντας</span> <span class='ocrx_word' id='word_1_423' title='bbox 803 4412 822 4443; x_wconf 88' lang='grc'><strong>,</strong></span> <span class='ocrx_word' id='word_1_424' title='bbox 854 4370 1182 4442; x_wconf 71' lang='grc' dir='ltr'>ἐθελήσωσιν</span> <span class='ocrx_word' id='word_1_425' title='bbox 1211 4373 1299 4433; x_wconf 81' lang='grc' dir='ltr'>τὸν</span> <span class='ocrx_word' id='word_1_426' title='bbox 1321 4377 1526 4455; x_wconf 76' lang='grc' dir='ltr'>πρῶτον</span> <span class='ocrx_word' id='word_1_427' title='bbox 1554 4373 1796 4454; x_wconf 79' lang='grc' dir='ltr'>[πρόσθεν</span> <span class='ocrx_word' id='word_1_428' title='bbox 1819 4381 1985 4458; x_wconf 68' lang='grc' dir='ltr'>Βος.]</span> 
     </span>
     <span class='ocr_line' id='line_1_52' title="bbox 464 4453 1983 4545; baseline 0.009 -32"><span class='ocrx_word' id='word_1_429' title='bbox 464 4453 680 4538; x_wconf 70' lang='grc' dir='ltr'>ἀφέντες</span> <span class='ocrx_word' id='word_1_430' title='bbox 700 4456 809 4537; x_wconf 88' lang='grc' dir='ltr'>βίον</span> <span class='ocrx_word' id='word_1_431' title='bbox 829 4458 1010 4537; x_wconf 87' lang='lat' dir='ltr'>[addit</span> <span class='ocrx_word' id='word_1_432' title='bbox 1029 4465 1167 4538; x_wconf 74' lang='lat' dir='ltr'>neg.</span> <span class='ocrx_word' id='word_1_433' title='bbox 1188 4470 1500 4539; x_wconf 83' lang='grc' dir='ltr'>μεταπεσεῖν</span> <span class='ocrx_word' id='word_1_434' title='bbox 1521 4462 1607 4520; x_wconf 78' lang='grc' dir='ltr'>ἐπὶ</span> <span class='ocrx_word' id='word_1_435' title='bbox 1624 4461 1712 4521; x_wconf 84' lang='grc' dir='ltr'>τὸν</span> <span class='ocrx_word' id='word_1_436' title='bbox 1733 4464 1957 4545; x_wconf 80' lang='grc' dir='ltr'>ἀμείνω]</span> <span class='ocrx_word' id='word_1_437' title='bbox 1970 4492 1983 4506; x_wconf 86' lang='grc'><em>·</em></span> 
     </span>
     <span class='ocr_line' id='line_1_53' title="bbox 461 4539 1988 4632; baseline 0.008 -30"><span class='ocrx_word' id='word_1_438' title='bbox 461 4541 550 4603; x_wconf 69' lang='grc' dir='ltr'>ἵνα</span> <span class='ocrx_word' id='word_1_439' title='bbox 579 4545 644 4603; x_wconf 88' lang='grc' dir='ltr'>δι’</span> <span class='ocrx_word' id='word_1_440' title='bbox 673 4544 799 4605; x_wconf 79' lang='grc' dir='ltr'>αὗτὸ</span> <span class='ocrx_word' id='word_1_441' title='bbox 841 4539 897 4605; x_wconf 71' lang='grc' dir='ltr'>εὖ</span> <span class='ocrx_word' id='word_1_442' title='bbox 927 4545 1180 4608; x_wconf 78' lang='grc' dir='ltr'>πάθωσιν.</span> <span class='ocrx_word' id='word_1_443' title='bbox 1218 4553 1302 4610; x_wconf 79' lang='lat' dir='ltr'>Ex</span> <span class='ocrx_word' id='word_1_444' title='bbox 1344 4551 1577 4610; x_wconf 84' lang='lat' dir='ltr'>scholiis</span> <span class='ocrx_word' id='word_1_445' title='bbox 1622 4549 1794 4610; x_wconf 88' lang='lat' dir='ltr'>editis</span> <span class='ocrx_word' id='word_1_446' title='bbox 1813 4596 1833 4627; x_wconf 86' lang='lat'>,</span> <span class='ocrx_word' id='word_1_447' title='bbox 1862 4575 1988 4632; x_wconf 81' lang='lat' dir='ltr'>quoe</span> 
     </span>
     <span class='ocr_line' id='line_1_54' title="bbox 463 4635 1985 4712; baseline 0.009 -21"><span class='ocrx_word' id='word_1_448' title='bbox 463 4637 594 4692; x_wconf 90' lang='lat' dir='ltr'>loco</span> <span class='ocrx_word' id='word_1_449' title='bbox 617 4635 842 4711; x_wconf 85' lang='lat' dir='ltr'>aptiore</span> <span class='ocrx_word' id='word_1_450' title='bbox 874 4635 1256 4712; x_wconf 80' lang='lat' dir='ltr'>collocantur,</span> <span class='ocrx_word' id='word_1_451' title='bbox 1286 4640 1586 4699; x_wconf 89' lang='lat' dir='ltr'>emendatu</span> <span class='ocrx_word' id='word_1_452' title='bbox 1617 4651 1751 4697; x_wconf 88' lang='lat' dir='ltr'>sunt</span> <span class='ocrx_word' id='word_1_453' title='bbox 1779 4642 1985 4704; x_wconf 84' lang='lat' dir='ltr'>facilia.</span> 
     </span>
     <span class='ocr_line' id='line_1_55' title="bbox 467 4718 1877 4804; baseline 0.006 -27"><span class='ocrx_word' id='word_1_454' title='bbox 467 4722 685 4777; x_wconf 71' lang='lat' dir='ltr'>ilaus-r.</span> <span class='ocrx_word' id='word_1_455' title='bbox 710 4754 772 4767; x_wconf 92' lang='lat'>—</span> <span class='ocrx_word' id='word_1_456' title='bbox 794 4738 866 4776; x_wconf 72' lang='grc' dir='ltr'>αα</span> <span class='ocrx_word' id='word_1_457' title='bbox 892 4718 947 4778; x_wconf 84' lang='grc' dir='ltr'>δὲ</span> <span class='ocrx_word' id='word_1_458' title='bbox 974 4728 1193 4800; x_wconf 79' lang='grc' dir='ltr'>σημειοῧ</span> <span class='ocrx_word' id='word_1_459' title='bbox 1219 4725 1308 4785; x_wconf 85' lang='lat' dir='ltr'>vel</span> <span class='ocrx_word' id='word_1_460' title='bbox 1335 4725 1630 4804; x_wconf 82' lang='grc' dir='ltr'>σημείωσαι</span> <span class='ocrx_word' id='word_1_461' title='bbox 1656 4729 1877 4787; x_wconf 87' lang='lat' dir='ltr'>Hemst.</span> 
     </span>
    </p>

    <p class='ocr_par' dir='ltr' id='par_1_12' title="bbox 461 4806 1988 5061">
     <span class='ocr_line' id='line_1_56' title="bbox 543 4806 1988 4892; baseline 0.012 -32"><span class='ocrx_word' id='word_1_462' title='bbox 543 4806 657 4881; x_wconf 75' lang='lat'>496</span> <span class='ocrx_word' id='word_1_463' title='bbox 699 4814 866 4885; x_wconf 78' lang='grc' dir='ltr'>φυγεὶ.</span> <span class='ocrx_word' id='word_1_464' title='bbox 894 4807 1040 4866; x_wconf 81' lang='lat' dir='ltr'>Mira</span> <span class='ocrx_word' id='word_1_465' title='bbox 1057 4829 1245 4890; x_wconf 84' lang='lat' dir='ltr'>neque</span> <span class='ocrx_word' id='word_1_466' title='bbox 1262 4834 1501 4892; x_wconf 82' lang='lat' dir='ltr'>usquam</span> <span class='ocrx_word' id='word_1_467' title='bbox 1534 4814 1675 4874; x_wconf 80' lang='lat' dir='ltr'>mihi</span> <span class='ocrx_word' id='word_1_468' title='bbox 1690 4855 1707 4887; x_wconf 93' lang='lat'>,</span> <span class='ocrx_word' id='word_1_469' title='bbox 1734 4817 1846 4876; x_wconf 86' lang='lat' dir='ltr'>nisi</span> <span class='ocrx_word' id='word_1_470' title='bbox 1874 4818 1988 4878; x_wconf 84' lang='lat' dir='ltr'>hoc</span> 
     </span>
     <span class='ocr_line' id='line_1_57' title="bbox 461 4892 1984 4983; baseline 0.009 -32"><span class='ocrx_word' id='word_1_471' title='bbox 461 4895 619 4966; x_wconf 83' lang='lat' dir='ltr'>loce,</span> <span class='ocrx_word' id='word_1_472' title='bbox 663 4892 807 4951; x_wconf 86' lang='lat' dir='ltr'>lecta</span> <span class='ocrx_word' id='word_1_473' title='bbox 842 4893 1019 4953; x_wconf 80' lang='lat' dir='ltr'>futuri</span> <span class='ocrx_word' id='word_1_474' title='bbox 1066 4899 1264 4959; x_wconf 83' lang='lat' dir='ltr'>forma.</span> <span class='ocrx_word' id='word_1_475' title='bbox 1314 4905 1608 4964; x_wconf 64' lang='lat' dir='ltr'>sennua.</span> <span class='ocrx_word' id='word_1_476' title='bbox 1645 4909 1785 4983; x_wconf 80' lang='lat' dir='ltr'>Beg.</span> <span class='ocrx_word' id='word_1_477' title='bbox 1829 4919 1984 4965; x_wconf 86' lang='lat' dir='ltr'>recte</span> 
     </span>
     <span class='ocr_line' id='line_1_58' title="bbox 461 5003 621 5061; baseline -0.006 -1"><span class='ocrx_word' id='word_1_478' title='bbox 461 5003 621 5061; x_wconf 53' lang='lat' dir='ltr'>vvis·</span> 
     </span>
    </p>
   </div>
   <div class='ocr_carea' id='block_1_9' title="bbox 2051 616 3610 4539">
    <p class='ocr_par' dir='ltr' id='par_1_13' title="bbox 2051 616 3610 4539">
     <span class='ocr_line' id='line_1_59' title="bbox 2051 616 3600 698; baseline -0.003 -22"><span class='ocrx_word' id='word_1_479' title='bbox 2051 619 2428 698; x_wconf 76' lang='grc' dir='ltr'>κακοδαιμονία</span> <span class='ocrx_word' id='word_1_480' title='bbox 2453 619 2554 691; x_wconf 82' lang='grc' dir='ltr'>εἴη.</span> <span class='ocrx_word' id='word_1_481' title='bbox 2578 618 2795 685; x_wconf 79' lang='grc' dir='ltr'>Ἄλλως.</span> <span class='ocrx_word' id='word_1_482' title='bbox 2812 623 2906 678; x_wconf 73' lang='grc' dir='ltr'>οὐκ</span> <span class='ocrx_word' id='word_1_483' title='bbox 2929 616 3165 677; x_wconf 77' lang='grc' dir='ltr'>ἕπιλύσει</span> <span class='ocrx_word' id='word_1_484' title='bbox 3179 622 3350 676; x_wconf 75' lang='grc' dir='ltr'>ταῦτα</span> <span class='ocrx_word' id='word_1_485' title='bbox 3365 619 3396 673; x_wconf 88' lang='lat'><em>6</em></span> <span class='ocrx_word' id='word_1_486' title='bbox 3419 618 3600 673; x_wconf 71' lang='grc' dir='ltr'>πλοῦ-</span> 
     </span>
     <span class='ocr_line' id='line_1_60' title="bbox 2051 696 3596 787; baseline -0.003 -24"><span class='ocrx_word' id='word_1_487' title='bbox 2051 727 2173 784; x_wconf 84' lang='grc' dir='ltr'>τος,</span> <span class='ocrx_word' id='word_1_488' title='bbox 2211 707 2275 778; x_wconf 78' lang='grc' dir='ltr'>ἤν</span> <span class='ocrx_word' id='word_1_489' title='bbox 2305 730 2434 766; x_wconf 88' lang='grc' dir='ltr'>ποτε</span> <span class='ocrx_word' id='word_1_490' title='bbox 2486 705 2653 787; x_wconf 78' lang='grc' dir='ltr'>βλέψῃ</span> <span class='ocrx_word' id='word_1_491' title='bbox 2677 752 2694 781; x_wconf 93' lang='grc'><strong>,</strong></span> <span class='ocrx_word' id='word_1_492' title='bbox 2741 704 2878 786; x_wconf 71' lang='grc' dir='ltr'>φημὶ</span> <span class='ocrx_word' id='word_1_493' title='bbox 2926 696 3058 765; x_wconf 71' lang='grc' dir='ltr'>εἶναι</span> <span class='ocrx_word' id='word_1_494' title='bbox 3093 705 3210 764; x_wconf 77' lang='grc' dir='ltr'>ὁδὸν</span> <span class='ocrx_word' id='word_1_495' title='bbox 3232 750 3250 778; x_wconf 88' lang='grc'><strong>,</strong></span> <span class='ocrx_word' id='word_1_496' title='bbox 3283 702 3460 774; x_wconf 82' lang='grc' dir='ltr'>ἥντιν’</span> <span class='ocrx_word' id='word_1_497' title='bbox 3495 701 3596 760; x_wconf 73' lang='grc' dir='ltr'>ἰὸν</span> 
     </span>
     <span class='ocr_line' id='line_1_61' title="bbox 2051 789 3598 874; baseline -0.002 -23"><span class='ocrx_word' id='word_1_498' title='bbox 2051 801 2158 860; x_wconf 86' lang='grc' dir='ltr'>τοῖς</span> <span class='ocrx_word' id='word_1_499' title='bbox 2184 794 2473 874; x_wconf 79' lang='grc' dir='ltr'>ἀνθρώποις</span> <span class='ocrx_word' id='word_1_500' title='bbox 2500 793 2671 872; x_wconf 79' lang='grc' dir='ltr'>α’γαθόι</span> <span class='ocrx_word' id='word_1_501' title='bbox 2701 793 2864 872; x_wconf 83' lang='grc' dir='ltr'>μείζω</span> <span class='ocrx_word' id='word_1_502' title='bbox 2891 792 3145 863; x_wconf 82' lang='grc' dir='ltr'>ποιήσειε.</span> <span class='ocrx_word' id='word_1_503' title='bbox 3165 830 3230 843; x_wconf 89' lang='lat'>-</span> <span class='ocrx_word' id='word_1_504' title='bbox 3257 792 3332 851; x_wconf 82' lang='lat'>53</span> <span class='ocrx_word' id='word_1_505' title='bbox 3364 792 3413 848; x_wconf 85' lang='grc' dir='ltr'>εἰ</span> <span class='ocrx_word' id='word_1_506' title='bbox 3443 789 3598 849; x_wconf 84' lang='grc' dir='ltr'>παύ-</span> 
     </span>
     <span class='ocr_line' id='line_1_62' title="bbox 2056 878 3602 939; baseline -0.003 -2"><span class='ocrx_word' id='word_1_507' title='bbox 2056 902 2135 937; x_wconf 82' lang='grc' dir='ltr'>σει</span> <span class='ocrx_word' id='word_1_508' title='bbox 2161 880 2459 939; x_wconf 83' lang='lat' dir='ltr'>Dobraeus.</span> <span class='ocrx_word' id='word_1_509' title='bbox 2482 878 2718 939; x_wconf 82' lang='grc' dir='ltr'>ἐπιλύσει</span> <span class='ocrx_word' id='word_1_510' title='bbox 2736 879 2891 938; x_wconf 86' lang='lat' dir='ltr'>libri.</span> <span class='ocrx_word' id='word_1_511' title='bbox 2918 906 2942 931; x_wconf 74' lang='grc' dir='ltr'>ι</span> <span class='ocrx_word' id='word_1_512' title='bbox 2963 884 3088 939; x_wconf 85' lang='lat' dir='ltr'>Hoc</span> <span class='ocrx_word' id='word_1_513' title='bbox 3116 899 3292 938; x_wconf 90' lang='lat' dir='ltr'>unum</span> <span class='ocrx_word' id='word_1_514' title='bbox 3313 881 3406 937; x_wconf 82' lang='lat' dir='ltr'>&#39;est</span> <span class='ocrx_word' id='word_1_515' title='bbox 3421 878 3602 934; x_wconf 85' lang='lat' dir='ltr'>intri-</span> 
     </span>
     <span class='ocr_line' id='line_1_63' title="bbox 2056 962 3599 1025; baseline -0.003 -2"><span class='ocrx_word' id='word_1_516' title='bbox 2056 967 2480 1025; x_wconf 87' lang='lat' dir='ltr'>catissimorum</span> <span class='ocrx_word' id='word_1_517' title='bbox 2503 969 2563 1025; x_wconf 90' lang='lat' dir='ltr'>in</span> <span class='ocrx_word' id='word_1_518' title='bbox 2579 967 2725 1025; x_wconf 87' lang='lat' dir='ltr'>banc</span> <span class='ocrx_word' id='word_1_519' title='bbox 2755 967 3004 1025; x_wconf 85' lang='lat' dir='ltr'>fabulam</span> <span class='ocrx_word' id='word_1_520' title='bbox 3036 967 3412 1025; x_wconf 85' lang='lat' dir='ltr'>scholiorum.</span> <span class='ocrx_word' id='word_1_521' title='bbox 3435 962 3599 1021; x_wconf 81' lang='lat' dir='ltr'>nlud</span> 
     </span>
     <span class='ocr_line' id='line_1_64' title="bbox 2055 1051 3602 1128; baseline -0.003 -17"><span class='ocrx_word' id='word_1_522' title='bbox 2055 1053 2287 1112; x_wconf 74' lang='grc' dir='ltr'>ἕπιλύσει</span> <span class='ocrx_word' id='word_1_523' title='bbox 2309 1067 2409 1112; x_wconf 89' lang='lat' dir='ltr'>aut</span> <span class='ocrx_word' id='word_1_524' title='bbox 2427 1055 2639 1113; x_wconf 89' lang='lat' dir='ltr'>mendo</span> <span class='ocrx_word' id='word_1_525' title='bbox 2666 1054 2891 1112; x_wconf 86' lang='lat' dir='ltr'>laborat</span> <span class='ocrx_word' id='word_1_526' title='bbox 2909 1056 3256 1125; x_wconf 83' lang='lat' dir='ltr'>inveterato,</span> <span class='ocrx_word' id='word_1_527' title='bbox 3276 1051 3444 1128; x_wconf 88' lang='lat' dir='ltr'>quod</span> <span class='ocrx_word' id='word_1_528' title='bbox 3466 1052 3602 1107; x_wconf 84' lang='lat' dir='ltr'>sine</span> 
     </span>
     <span class='ocr_line' id='line_1_65' title="bbox 2060 1140 3600 1220; baseline -0.003 -23"><span class='ocrx_word' id='word_1_529' title='bbox 2060 1140 2406 1200; x_wconf 85' lang='lat' dir='ltr'>membranis</span> <span class='ocrx_word' id='word_1_530' title='bbox 2445 1141 2860 1219; x_wconf 75' lang='lat' dir='ltr'>integrior-ibus</span> <span class='ocrx_word' id='word_1_531' title='bbox 2911 1143 3078 1220; x_wconf 81' lang='lat' dir='ltr'>plane</span> <span class='ocrx_word' id='word_1_532' title='bbox 3125 1141 3251 1197; x_wconf 89' lang='lat' dir='ltr'>tolli</span> <span class='ocrx_word' id='word_1_533' title='bbox 3291 1148 3600 1215; x_wconf 79' lang='lat' dir='ltr'>nequeat,</span> 
     </span>
     <span class='ocr_line' id='line_1_66' title="bbox 2056 1227 3600 1307; baseline -0.003 -23"><span class='ocrx_word' id='word_1_534' title='bbox 2056 1240 2154 1285; x_wconf 88' lang='lat' dir='ltr'>aut</span> <span class='ocrx_word' id='word_1_535' title='bbox 2200 1228 2482 1305; x_wconf 88' lang='lat' dir='ltr'>ejusmodi</span> <span class='ocrx_word' id='word_1_536' title='bbox 2529 1233 2724 1286; x_wconf 82' lang='lat' dir='ltr'>versus</span> <span class='ocrx_word' id='word_1_537' title='bbox 2776 1227 3176 1307; x_wconf 81' lang='lat' dir='ltr'>Aristophanei</span> <span class='ocrx_word' id='word_1_538' title='bbox 3234 1227 3600 1302; x_wconf 80' lang='lat' dir='ltr'>scripturam</span> 
     </span>
     <span class='ocr_line' id='line_1_67' title="bbox 2059 1306 3599 1395; baseline -0.001 -24"><span class='ocrx_word' id='word_1_539' title='bbox 2059 1315 2313 1391; x_wconf 80' lang='lat' dir='ltr'>postulat</span> <span class='ocrx_word' id='word_1_540' title='bbox 2349 1338 2361 1371; x_wconf 92' lang='lat'><strong>:</strong></span> <span class='ocrx_word' id='word_1_541' title='bbox 2405 1314 2613 1376; x_wconf 80' lang='grc' dir='ltr'>Οὔκουν</span> <span class='ocrx_word' id='word_1_542' title='bbox 2642 1306 2777 1374; x_wconf 66' lang='grc' dir='ltr'>εἶναί</span> <span class='ocrx_word' id='word_1_543' title='bbox 2822 1315 2952 1395; x_wconf 79' lang='grc' dir='ltr'>φημ’</span> <span class='ocrx_word' id='word_1_544' title='bbox 2989 1312 3264 1394; x_wconf 76' lang='grc' dir='ltr'>(ἐπιλύσει</span> <span class='ocrx_word' id='word_1_545' title='bbox 3302 1313 3502 1386; x_wconf 80' lang='grc' dir='ltr'>ταῦτ’,</span> <span class='ocrx_word' id='word_1_546' title='bbox 3529 1309 3599 1380; x_wconf 73' lang='grc' dir='ltr'>ἢν</span> 
     </span>
     <span class='ocr_line' id='line_1_68' title="bbox 2061 1398 3602 1483; baseline -0.002 -26"><span class='ocrx_word' id='word_1_547' title='bbox 2061 1398 2229 1483; x_wconf 79' lang='grc' dir='ltr'>βλέψῃ</span> <span class='ocrx_word' id='word_1_548' title='bbox 2250 1401 2400 1477; x_wconf 83' lang='grc' dir='ltr'>ποθ’,</span> <span class='ocrx_word' id='word_1_549' title='bbox 2427 1408 2456 1462; x_wconf 87' lang='lat'><em>6</em></span> <span class='ocrx_word' id='word_1_550' title='bbox 2486 1403 2764 1481; x_wconf 75' lang='grc' dir='ltr'>Πλοῦτος)</span> <span class='ocrx_word' id='word_1_551' title='bbox 2793 1400 2950 1465; x_wconf 83' lang='grc' dir='ltr'>Ὁδὸν</span> <span class='ocrx_word' id='word_1_552' title='bbox 2973 1415 3083 1461; x_wconf 86' lang='lat' dir='ltr'>etc.</span> <span class='ocrx_word' id='word_1_553' title='bbox 3104 1405 3445 1476; x_wconf 75' lang='lat' dir='ltr'>Nemiquam</span> <span class='ocrx_word' id='word_1_554' title='bbox 3473 1420 3602 1456; x_wconf 81' lang='lat' dir='ltr'>esse</span> 
     </span>
     <span class='ocr_line' id='line_1_69' title="bbox 2058 1491 3599 1567; baseline -0.001 -24"><span class='ocrx_word' id='word_1_555' title='bbox 2058 1495 2148 1544; x_wconf 85' lang='lat' dir='ltr'>aio</span> <span class='ocrx_word' id='word_1_556' title='bbox 2182 1491 2366 1567; x_wconf 75' lang='lat' dir='ltr'>(solvet</span> <span class='ocrx_word' id='word_1_557' title='bbox 2398 1511 2496 1546; x_wconf 85' lang='lat' dir='ltr'>eas</span> <span class='ocrx_word' id='word_1_558' title='bbox 2520 1491 2877 1565; x_wconf 81' lang='lat' dir='ltr'>difficultates</span> <span class='ocrx_word' id='word_1_559' title='bbox 2903 1504 2962 1547; x_wconf 83' lang='lat' dir='ltr'>et</span> <span class='ocrx_word' id='word_1_560' title='bbox 2989 1493 3237 1547; x_wconf 74' lang='lat' dir='ltr'>discutiet</span> <span class='ocrx_word' id='word_1_561' title='bbox 3255 1532 3272 1560; x_wconf 92' lang='lat'><strong>,</strong></span> <span class='ocrx_word' id='word_1_562' title='bbox 3309 1495 3363 1545; x_wconf 77' lang='lat' dir='ltr'>si</span> <span class='ocrx_word' id='word_1_563' title='bbox 3403 1495 3599 1543; x_wconf 75' lang='lat' dir='ltr'>visum</span> 
     </span>
     <span class='ocr_line' id='line_1_70' title="bbox 2060 1578 3599 1654; baseline 0 -22"><span class='ocrx_word' id='word_1_564' title='bbox 2060 1580 2283 1633; x_wconf 79' lang='lat' dir='ltr'>tandem</span> <span class='ocrx_word' id='word_1_565' title='bbox 2307 1581 2607 1654; x_wconf 78' lang='lat' dir='ltr'>aliquando</span> <span class='ocrx_word' id='word_1_566' title='bbox 2639 1584 2995 1654; x_wconf 76' lang='lat' dir='ltr'>recuperarit,</span> <span class='ocrx_word' id='word_1_567' title='bbox 3014 1578 3246 1653; x_wconf 79' lang='lat' dir='ltr'>Plutus)</span> <span class='ocrx_word' id='word_1_568' title='bbox 3276 1583 3436 1633; x_wconf 70' lang='lat' dir='ltr'>viam</span> <span class='ocrx_word' id='word_1_569' title='bbox 3456 1588 3599 1645; x_wconf 65' lang='lat' dir='ltr'>etc„</span> 
     </span>
     <span class='ocr_line' id='line_1_71' title="bbox 2060 1666 3602 1741; baseline 0 -20"><span class='ocrx_word' id='word_1_570' title='bbox 2060 1683 2306 1741; x_wconf 88' lang='lat' dir='ltr'>quorum</span> <span class='ocrx_word' id='word_1_571' title='bbox 2335 1679 2397 1724; x_wconf 91' lang='lat' dir='ltr'>ut</span> <span class='ocrx_word' id='word_1_572' title='bbox 2426 1679 2715 1725; x_wconf 77' lang='lat' dir='ltr'>structura</span> <span class='ocrx_word' id='word_1_573' title='bbox 2745 1678 2830 1723; x_wconf 81' lang='lat' dir='ltr'>est</span> <span class='ocrx_word' id='word_1_574' title='bbox 2860 1666 3126 1735; x_wconf 84' lang='lat' dir='ltr'>molesta,</span> <span class='ocrx_word' id='word_1_575' title='bbox 3152 1667 3232 1722; x_wconf 89' lang='lat' dir='ltr'>ita</span> <span class='ocrx_word' id='word_1_576' title='bbox 3259 1684 3467 1721; x_wconf 80' lang='lat' dir='ltr'>sensus</span> <span class='ocrx_word' id='word_1_577' title='bbox 3497 1685 3602 1721; x_wconf 84' lang='lat' dir='ltr'>sa-</span> 
     </span>
     <span class='ocr_line' id='line_1_72' title="bbox 2062 1750 3605 1831; baseline -0.001 -22"><span class='ocrx_word' id='word_1_578' title='bbox 2062 1752 2132 1809; x_wconf 87' lang='lat' dir='ltr'>tis</span> <span class='ocrx_word' id='word_1_579' title='bbox 2172 1753 2509 1831; x_wconf 86' lang='lat' dir='ltr'>perspicuus</span> <span class='ocrx_word' id='word_1_580' title='bbox 2538 1773 2553 1808; x_wconf 74' lang='lat' dir='ltr'>t</span> <span class='ocrx_word' id='word_1_581' title='bbox 2583 1771 2721 1829; x_wconf 83' lang='lat' dir='ltr'>ergo</span> <span class='ocrx_word' id='word_1_582' title='bbox 2759 1751 3187 1810; x_wconf 74' lang='lat' dir='ltr'>reformandum</span> <span class='ocrx_word' id='word_1_583' title='bbox 3217 1751 3450 1809; x_wconf 84' lang='lat' dir='ltr'>videtur</span> <span class='ocrx_word' id='word_1_584' title='bbox 3484 1750 3605 1808; x_wconf 86' lang='lat' dir='ltr'>hoc</span> 
     </span>
     <span class='ocr_line' id='line_1_73' title="bbox 2061 1835 3604 1918; baseline 0.001 -24"><span class='ocrx_word' id='word_1_585' title='bbox 2061 1838 2192 1895; x_wconf 91' lang='lat' dir='ltr'>loco</span> <span class='ocrx_word' id='word_1_586' title='bbox 2220 1861 2235 1895; x_wconf 75' lang='grc' dir='ltr'>ε</span> <span class='ocrx_word' id='word_1_587' title='bbox 2263 1843 2291 1898; x_wconf 80' lang='grc' dir='ltr'><strong>ὁ</strong></span> <span class='ocrx_word' id='word_1_588' title='bbox 2332 1845 2477 1907; x_wconf 81' lang='grc' dir='ltr'>νοῦς,</span> <span class='ocrx_word' id='word_1_589' title='bbox 2505 1837 2689 1897; x_wconf 81' lang='grc' dir='ltr'>οὔκουν</span> <span class='ocrx_word' id='word_1_590' title='bbox 2730 1836 3246 1918; x_wconf 63' lang='grc' dir='ltr'>(ἑπιλύσεμ-βλέψῃ)</span> <span class='ocrx_word' id='word_1_591' title='bbox 3277 1835 3424 1916; x_wconf 75' lang='grc' dir='ltr'>φημὶ</span> <span class='ocrx_word' id='word_1_592' title='bbox 3453 1851 3604 1907; x_wconf 87' lang='lat' dir='ltr'>etc.;</span> 
     </span>
     <span class='ocr_line' id='line_1_74' title="bbox 2064 1924 3606 2001; baseline 0.001 -20"><span class='ocrx_word' id='word_1_593' title='bbox 2064 1924 2231 2001; x_wconf 83' lang='lat' dir='ltr'>hujus</span> <span class='ocrx_word' id='word_1_594' title='bbox 2263 1940 2455 1985; x_wconf 82' lang='lat' dir='ltr'>autem</span> <span class='ocrx_word' id='word_1_595' title='bbox 2485 1927 2692 1984; x_wconf 86' lang='lat' dir='ltr'>scholii</span> <span class='ocrx_word' id='word_1_596' title='bbox 2716 1926 2840 1983; x_wconf 85' lang='lat' dir='ltr'>finis</span> <span class='ocrx_word' id='word_1_597' title='bbox 2879 1939 2965 1984; x_wconf 86' lang='lat' dir='ltr'>est</span> <span class='ocrx_word' id='word_1_598' title='bbox 2990 1927 3326 1983; x_wconf 84' lang='lat' dir='ltr'>statuendus</span> <span class='ocrx_word' id='word_1_599' title='bbox 3354 1926 3415 1983; x_wconf 90' lang='lat' dir='ltr'>in</span> <span class='ocrx_word' id='word_1_600' title='bbox 3457 1925 3606 2001; x_wconf 79' lang='grc' dir='ltr'>ἄμε-</span> 
     </span>
     <span class='ocr_line' id='line_1_75' title="bbox 2060 2011 3610 2091; baseline 0.001 -22"><span class='ocrx_word' id='word_1_601' title='bbox 2060 2033 2180 2091; x_wconf 80' lang='grc' dir='ltr'>τρος</span> <span class='ocrx_word' id='word_1_602' title='bbox 2226 2013 2263 2071; x_wconf 92' lang='lat' dir='ltr'>l.</span> <span class='ocrx_word' id='word_1_603' title='bbox 2310 2033 2342 2070; x_wconf 77' lang='lat' dir='ltr'>a</span> <span class='ocrx_word' id='word_1_604' title='bbox 2363 2037 2381 2085; x_wconf 91' lang='lat'>;</span> <span class='ocrx_word' id='word_1_605' title='bbox 2428 2013 2638 2071; x_wconf 83' lang='lat' dir='ltr'>exinde</span> <span class='ocrx_word' id='word_1_606' title='bbox 2688 2013 2845 2071; x_wconf 87' lang='lat' dir='ltr'>aliud</span> <span class='ocrx_word' id='word_1_607' title='bbox 2896 2013 3103 2090; x_wconf 88' lang='lat' dir='ltr'>incipit</span> <span class='ocrx_word' id='word_1_608' title='bbox 3133 2034 3147 2068; x_wconf 89' lang='lat'>:</span> <span class='ocrx_word' id='word_1_609' title='bbox 3177 2011 3244 2073; x_wconf 89' lang='grc' dir='ltr'>Ὁ</span> <span class='ocrx_word' id='word_1_610' title='bbox 3282 2016 3402 2078; x_wconf 74' lang='grc' dir='ltr'>νοῦς</span> <span class='ocrx_word' id='word_1_611' title='bbox 3442 2014 3610 2082; x_wconf 64' lang='grc' dir='ltr'>δῆλος</span> 
     </span>
     <span class='ocr_line' id='line_1_76' title="bbox 2064 2097 3610 2179; baseline 0.001 -23"><span class='ocrx_word' id='word_1_612' title='bbox 2064 2097 2215 2157; x_wconf 76' lang='grc' dir='ltr'>ἀναὸ.</span> <span class='ocrx_word' id='word_1_613' title='bbox 2235 2103 2454 2171; x_wconf 77' lang='grc' dir='ltr'>ποιῆσαι</span> <span class='ocrx_word' id='word_1_614' title='bbox 2476 2124 2490 2139; x_wconf 92' lang='grc'><em>·</em></span> <span class='ocrx_word' id='word_1_615' title='bbox 2516 2101 2672 2179; x_wconf 90' lang='lat' dir='ltr'>quod</span> <span class='ocrx_word' id='word_1_616' title='bbox 2697 2120 2806 2177; x_wconf 80' lang='lat' dir='ltr'>ego</span> <span class='ocrx_word' id='word_1_617' title='bbox 2834 2113 3029 2159; x_wconf 88' lang='lat' dir='ltr'>metuo</span> <span class='ocrx_word' id='word_1_618' title='bbox 3055 2120 3129 2158; x_wconf 89' lang='lat' dir='ltr'>ne</span> <span class='ocrx_word' id='word_1_619' title='bbox 3147 2100 3396 2177; x_wconf 87' lang='lat' dir='ltr'>quadam</span> <span class='ocrx_word' id='word_1_620' title='bbox 3430 2115 3610 2177; x_wconf 81' lang='lat' dir='ltr'>parte</span> 
     </span>
     <span class='ocr_line' id='line_1_77' title="bbox 2065 2185 3606 2263; baseline -0.001 -20"><span class='ocrx_word' id='word_1_621' title='bbox 2065 2185 2138 2243; x_wconf 88' lang='lat' dir='ltr'>sit</span> <span class='ocrx_word' id='word_1_622' title='bbox 2162 2187 2485 2245; x_wconf 85' lang='lat' dir='ltr'>mutilatum</span> <span class='ocrx_word' id='word_1_623' title='bbox 2511 2209 2525 2245; x_wconf 71' lang='grc' dir='ltr'>ι</span> <span class='ocrx_word' id='word_1_624' title='bbox 2551 2185 2735 2245; x_wconf 85' lang='grc' dir='ltr'>οὔκουν</span> <span class='ocrx_word' id='word_1_625' title='bbox 2759 2199 2912 2245; x_wconf 86' lang='lat' dir='ltr'>certe</span> <span class='ocrx_word' id='word_1_626' title='bbox 2933 2187 3046 2263; x_wconf 79' lang='lat' dir='ltr'>legi</span> <span class='ocrx_word' id='word_1_627' title='bbox 3073 2186 3243 2245; x_wconf 85' lang='lat' dir='ltr'>debet</span> <span class='ocrx_word' id='word_1_628' title='bbox 3263 2231 3280 2258; x_wconf 93' lang='lat'>,</span> <span class='ocrx_word' id='word_1_629' title='bbox 3312 2200 3369 2244; x_wconf 84' lang='lat' dir='ltr'>et</span> <span class='ocrx_word' id='word_1_630' title='bbox 3396 2190 3606 2263; x_wconf 71' lang='grc' dir='ltr'>ἀγαθον</span> 
     </span>
     <span class='ocr_line' id='line_1_78' title="bbox 2063 2271 3606 2352; baseline -0.001 -21"><span class='ocrx_word' id='word_1_631' title='bbox 2063 2295 2116 2331; x_wconf 89' lang='grc' dir='ltr'>τι</span> <span class='ocrx_word' id='word_1_632' title='bbox 2147 2276 2340 2350; x_wconf 82' lang='grc' dir='ltr'>μεῖζον·</span> <span class='ocrx_word' id='word_1_633' title='bbox 2370 2275 2522 2333; x_wconf 87' lang='lat' dir='ltr'>sorte</span> <span class='ocrx_word' id='word_1_634' title='bbox 2544 2275 2747 2349; x_wconf 89' lang='lat' dir='ltr'>etiam,</span> <span class='ocrx_word' id='word_1_635' title='bbox 2765 2272 2904 2352; x_wconf 80' lang='grc' dir='ltr'>λέγω</span> <span class='ocrx_word' id='word_1_636' title='bbox 2935 2272 2991 2332; x_wconf 83' lang='grc' dir='ltr'>δὲ</span> <span class='ocrx_word' id='word_1_637' title='bbox 3016 2271 3095 2332; x_wconf 81' lang='grc' dir='ltr'>ὅτι</span> <span class='ocrx_word' id='word_1_638' title='bbox 3124 2286 3234 2332; x_wconf 91' lang='lat' dir='ltr'>etc.</span> <span class='ocrx_word' id='word_1_639' title='bbox 3262 2275 3376 2333; x_wconf 79' lang='lat' dir='ltr'>Vix</span> <span class='ocrx_word' id='word_1_640' title='bbox 3397 2286 3606 2331; x_wconf 86' lang='lat' dir='ltr'>autem</span> 
     </span>
     <span class='ocr_line' id='line_1_79' title="bbox 2067 2359 3608 2440; baseline -0.001 -21"><span class='ocrx_word' id='word_1_641' title='bbox 2067 2361 2297 2420; x_wconf 88' lang='lat' dir='ltr'>dubites</span> <span class='ocrx_word' id='word_1_642' title='bbox 2322 2363 2463 2440; x_wconf 88' lang='lat' dir='ltr'>quin</span> <span class='ocrx_word' id='word_1_643' title='bbox 2490 2362 2634 2420; x_wconf 87' lang='lat' dir='ltr'>illud</span> <span class='ocrx_word' id='word_1_644' title='bbox 2660 2359 2696 2432; x_wconf 76' lang='grc' dir='ltr'>ἢ</span> <span class='ocrx_word' id='word_1_645' title='bbox 2724 2362 2768 2420; x_wconf 79' lang='grc' dir='ltr'>’ν</span> <span class='ocrx_word' id='word_1_646' title='bbox 2785 2406 2801 2433; x_wconf 85' lang='grc'><strong>,</strong></span> <span class='ocrx_word' id='word_1_647' title='bbox 2825 2362 2983 2440; x_wconf 89' lang='lat' dir='ltr'>quod</span> <span class='ocrx_word' id='word_1_648' title='bbox 3016 2361 3436 2421; x_wconf 80' lang='lat' dir='ltr'>restituendum</span> <span class='ocrx_word' id='word_1_649' title='bbox 3483 2381 3608 2438; x_wconf 88' lang='lat' dir='ltr'>pu-</span> 
     </span>
     <span class='ocr_line' id='line_1_80' title="bbox 2069 2449 3606 2526; baseline 0.001 -19"><span class='ocrx_word' id='word_1_650' title='bbox 2069 2449 2220 2523; x_wconf 80' lang='lat' dir='ltr'>tavi,</span> <span class='ocrx_word' id='word_1_651' title='bbox 2247 2450 2418 2526; x_wconf 87' lang='lat' dir='ltr'>hujus</span> <span class='ocrx_word' id='word_1_652' title='bbox 2444 2450 2791 2508; x_wconf 72' lang='lat' dir='ltr'>enarrator-is</span> <span class='ocrx_word' id='word_1_653' title='bbox 2819 2451 3165 2509; x_wconf 83' lang='lat' dir='ltr'>auctoritate</span> <span class='ocrx_word' id='word_1_654' title='bbox 3185 2451 3467 2508; x_wconf 80' lang='lat' dir='ltr'>firmetur.</span> <span class='ocrx_word' id='word_1_655' title='bbox 3496 2456 3606 2509; x_wconf 85' lang='lat' dir='ltr'>Se-</span> 
     </span>
     <span class='ocr_line' id='line_1_81' title="bbox 2068 2535 3607 2616; baseline 0.003 -24"><span class='ocrx_word' id='word_1_656' title='bbox 2068 2537 2265 2613; x_wconf 86' lang='lat' dir='ltr'>quitur</span> <span class='ocrx_word' id='word_1_657' title='bbox 2285 2538 2324 2596; x_wconf 90' lang='lat' dir='ltr'>l.</span> <span class='ocrx_word' id='word_1_658' title='bbox 2356 2536 2390 2593; x_wconf 85' lang='lat'><strong>5</strong></span> <span class='ocrx_word' id='word_1_659' title='bbox 2420 2557 2525 2614; x_wconf 86' lang='lat' dir='ltr'>sq.,</span> <span class='ocrx_word' id='word_1_660' title='bbox 2546 2535 2674 2597; x_wconf 80' lang='grc' dir='ltr'>Ἐὰν</span> <span class='ocrx_word' id='word_1_661' title='bbox 2699 2535 3471 2616; x_wconf 73' lang='grc' dir='ltr'>δέτιςπροσθείη-πορίσειεν,</span> <span class='ocrx_word' id='word_1_662' title='bbox 3493 2538 3607 2596; x_wconf 75' lang='lat' dir='ltr'>ite-</span> 
     </span>
     <span class='ocr_line' id='line_1_82' title="bbox 2070 2623 3603 2702; baseline 0.003 -22"><span class='ocrx_word' id='word_1_663' title='bbox 2070 2644 2194 2681; x_wconf 84' lang='lat' dir='ltr'>rum</span> <span class='ocrx_word' id='word_1_664' title='bbox 2222 2623 2296 2686; x_wconf 88' lang='lat' dir='ltr'>ab</span> <span class='ocrx_word' id='word_1_665' title='bbox 2323 2624 2437 2683; x_wconf 85' lang='lat' dir='ltr'>alio</span> <span class='ocrx_word' id='word_1_666' title='bbox 2469 2625 2831 2702; x_wconf 85' lang='lat' dir='ltr'>profectum3</span> <span class='ocrx_word' id='word_1_667' title='bbox 2860 2625 3083 2702; x_wconf 81' lang='lat' dir='ltr'>quippe</span> <span class='ocrx_word' id='word_1_668' title='bbox 3108 2624 3209 2699; x_wconf 86' lang='lat' dir='ltr'>qui</span> <span class='ocrx_word' id='word_1_669' title='bbox 3251 2627 3603 2687; x_wconf 78' lang='lat' dir='ltr'>seutentiam</span> 
     </span>
     <span class='ocr_line' id='line_1_83' title="bbox 2068 2711 3600 2788; baseline 0.003 -21"><span class='ocrx_word' id='word_1_670' title='bbox 2068 2729 2201 2768; x_wconf 86' lang='lat' dir='ltr'>eum</span> <span class='ocrx_word' id='word_1_671' title='bbox 2227 2712 2284 2769; x_wconf 88' lang='lat' dir='ltr'>iu</span> <span class='ocrx_word' id='word_1_672' title='bbox 2313 2711 2550 2769; x_wconf 89' lang='lat' dir='ltr'>modum</span> <span class='ocrx_word' id='word_1_673' title='bbox 2584 2713 2860 2788; x_wconf 82' lang='lat' dir='ltr'>explanet</span> <span class='ocrx_word' id='word_1_674' title='bbox 2887 2722 2951 2771; x_wconf 88' lang='lat' dir='ltr'>ut</span> <span class='ocrx_word' id='word_1_675' title='bbox 2995 2724 3198 2787; x_wconf 80' lang='lat' dir='ltr'>poscat</span> <span class='ocrx_word' id='word_1_676' title='bbox 3235 2711 3420 2770; x_wconf 77' lang='grc' dir='ltr'>οὐκοῦν</span> <span class='ocrx_word' id='word_1_677' title='bbox 3443 2736 3459 2749; x_wconf 85' lang='grc'><em>·</em></span> <span class='ocrx_word' id='word_1_678' title='bbox 3495 2734 3600 2771; x_wconf 84' lang='lat' dir='ltr'>ce·</span> 
     </span>
     <span class='ocr_line' id='line_1_84' title="bbox 2071 2798 3603 2878; baseline 0.003 -25"><span class='ocrx_word' id='word_1_679' title='bbox 2071 2808 2255 2855; x_wconf 86' lang='lat' dir='ltr'>terum</span> <span class='ocrx_word' id='word_1_680' title='bbox 2285 2799 2434 2857; x_wconf 85' lang='lat' dir='ltr'>sicut</span> <span class='ocrx_word' id='word_1_681' title='bbox 2460 2798 2926 2859; x_wconf 78' lang='lat' dir='ltr'>absurdissimam</span> <span class='ocrx_word' id='word_1_682' title='bbox 2957 2799 3261 2856; x_wconf 81' lang='lat' dir='ltr'>lectionem</span> <span class='ocrx_word' id='word_1_683' title='bbox 3303 2801 3603 2878; x_wconf 84' lang='lat' dir='ltr'>pauloque</span> 
     </span>
     <span class='ocr_line' id='line_1_85' title="bbox 2073 2881 3601 2970; baseline 0.004 -28"><span class='ocrx_word' id='word_1_684' title='bbox 2073 2897 2202 2963; x_wconf 83' lang='lat' dir='ltr'>post</span> <span class='ocrx_word' id='word_1_685' title='bbox 2224 2888 2432 2945; x_wconf 85' lang='lat' dir='ltr'>merito</span> <span class='ocrx_word' id='word_1_686' title='bbox 2459 2899 2713 2946; x_wconf 86' lang='lat' dir='ltr'>notatam</span> <span class='ocrx_word' id='word_1_687' title='bbox 2741 2887 2994 2957; x_wconf 84' lang='lat' dir='ltr'>invenit,</span> <span class='ocrx_word' id='word_1_688' title='bbox 3018 2889 3249 2961; x_wconf 78' lang='grc' dir='ltr'>Οὐκοῦν,</span> <span class='ocrx_word' id='word_1_689' title='bbox 3278 2881 3410 2947; x_wconf 71' lang='grc' dir='ltr'>εἶναί</span> <span class='ocrx_word' id='word_1_690' title='bbox 3437 2912 3601 2970; x_wconf 80' lang='grc' dir='ltr'>φημι,</span> 
     </span>
     <span class='ocr_line' id='line_1_86' title="bbox 2069 2971 3599 3056; baseline 0.001 -24"><span class='ocrx_word' id='word_1_691' title='bbox 2069 2971 2260 3032; x_wconf 80' lang='grc' dir='ltr'>παύσει</span> <span class='ocrx_word' id='word_1_692' title='bbox 2285 2978 2435 3032; x_wconf 74' lang='grc' dir='ltr'>ταῦτ’</span> <span class='ocrx_word' id='word_1_693' title='bbox 2457 2971 2523 3045; x_wconf 74' lang='grc' dir='ltr'>ἢν</span> <span class='ocrx_word' id='word_1_694' title='bbox 2553 2972 2722 3056; x_wconf 68' lang='grc' dir='ltr'>βλέψῃ</span> <span class='ocrx_word' id='word_1_695' title='bbox 2752 2975 2868 3033; x_wconf 83' lang='grc' dir='ltr'>ποθ’</span> <span class='ocrx_word' id='word_1_696' title='bbox 2892 2978 2921 3031; x_wconf 85' lang='lat'><em>6</em></span> <span class='ocrx_word' id='word_1_697' title='bbox 2939 2976 3198 3048; x_wconf 78' lang='grc' dir='ltr'>Πλοῦτος,</span> <span class='ocrx_word' id='word_1_698' title='bbox 3221 2975 3406 3049; x_wconf 69' lang='grc' dir='ltr'>“Οδὸν,</span> <span class='ocrx_word' id='word_1_699' title='bbox 3427 2976 3599 3045; x_wconf 77' lang='grc' dir='ltr'>ἥντιν’</span> 
     </span>
     <span class='ocr_line' id='line_1_87' title="bbox 2073 3057 3603 3143; baseline 0.005 -27"><span class='ocrx_word' id='word_1_700' title='bbox 2073 3057 2195 3132; x_wconf 79' lang='grc' dir='ltr'>ἰὼν,</span> <span class='ocrx_word' id='word_1_701' title='bbox 2219 3069 2325 3128; x_wconf 85' lang='grc' dir='ltr'>τοῖς</span> <span class='ocrx_word' id='word_1_702' title='bbox 2352 3064 2499 3143; x_wconf 84' lang='grc' dir='ltr'>ἀνθρ.</span> <span class='ocrx_word' id='word_1_703' title='bbox 2528 3074 2671 3133; x_wconf 87' lang='lat' dir='ltr'>etc.‚</span> <span class='ocrx_word' id='word_1_704' title='bbox 2714 3063 2790 3120; x_wconf 89' lang='lat' dir='ltr'>ita</span> <span class='ocrx_word' id='word_1_705' title='bbox 2828 3061 2953 3119; x_wconf 86' lang='lat' dir='ltr'>fieri</span> <span class='ocrx_word' id='word_1_706' title='bbox 2987 3082 3106 3120; x_wconf 90' lang='lat' dir='ltr'>non</span> <span class='ocrx_word' id='word_1_707' title='bbox 3151 3066 3344 3140; x_wconf 84' lang='lat' dir='ltr'>potuit</span> <span class='ocrx_word' id='word_1_708' title='bbox 3389 3066 3558 3123; x_wconf 87' lang='lat' dir='ltr'>aliter</span> <span class='ocrx_word' id='word_1_709' title='bbox 3580 3105 3603 3132; x_wconf 89' lang='lat'><strong>,</strong></span> 
     </span>
     <span class='ocr_line' id='line_1_88' title="bbox 2074 3150 3606 3226; baseline 0.005 -22"><span class='ocrx_word' id='word_1_710' title='bbox 2074 3166 2245 3224; x_wconf 80' lang='lat' dir='ltr'>quam</span> <span class='ocrx_word' id='word_1_711' title='bbox 2271 3162 2337 3206; x_wconf 91' lang='lat' dir='ltr'>ut</span> <span class='ocrx_word' id='word_1_712' title='bbox 2369 3150 2816 3226; x_wconf 75' lang='lat' dir='ltr'>explicationem</span> <span class='ocrx_word' id='word_1_713' title='bbox 2841 3163 3160 3226; x_wconf 87' lang='lat' dir='ltr'>·promeret</span> <span class='ocrx_word' id='word_1_714' title='bbox 3199 3171 3316 3208; x_wconf 87' lang='lat' dir='ltr'>non</span> <span class='ocrx_word' id='word_1_715' title='bbox 3346 3152 3606 3210; x_wconf 82' lang='lat' dir='ltr'>dissimi-</span> 
     </span>
     <span class='ocr_line' id='line_1_89' title="bbox 2071 3235 3601 3317; baseline 0.006 -27"><span class='ocrx_word' id='word_1_716' title='bbox 2071 3235 2201 3291; x_wconf 84' lang='lat' dir='ltr'>lem.</span> <span class='ocrx_word' id='word_1_717' title='bbox 2225 3236 2478 3295; x_wconf 83' lang='lat' dir='ltr'>Eandem</span> <span class='ocrx_word' id='word_1_718' title='bbox 2507 3255 2742 3313; x_wconf 85' lang='lat' dir='ltr'>prorsus</span> <span class='ocrx_word' id='word_1_719' title='bbox 2769 3236 2851 3294; x_wconf 86' lang='lat' dir='ltr'>illi</span> <span class='ocrx_word' id='word_1_720' title='bbox 2876 3238 3223 3314; x_wconf 87' lang='lat' dir='ltr'>scripturam</span> <span class='ocrx_word' id='word_1_721' title='bbox 3246 3238 3601 3317; x_wconf 79' lang='lat' dir='ltr'>habuerunt,</span> 
     </span>
     <span class='ocr_line' id='line_1_90' title="bbox 2070 3320 3602 3403; baseline 0.005 -24"><span class='ocrx_word' id='word_1_722' title='bbox 2070 3321 2282 3397; x_wconf 88' lang='lat' dir='ltr'>quibus</span> <span class='ocrx_word' id='word_1_723' title='bbox 2309 3320 2412 3403; x_wconf 80' lang='grc' dir='ltr'>γὰρ</span> <span class='ocrx_word' id='word_1_724' title='bbox 2441 3323 2797 3383; x_wconf 81' lang='lat' dir='ltr'>extrinsecus</span> <span class='ocrx_word' id='word_1_725' title='bbox 2823 3321 3217 3384; x_wconf 72' lang='lat' dir='ltr'>asciscendum</span> <span class='ocrx_word' id='word_1_726' title='bbox 3260 3326 3602 3398; x_wconf 75' lang='lat' dir='ltr'>videbatui-3</span> 
     </span>
     <span class='ocr_line' id='line_1_91' title="bbox 2075 3410 3602 3487; baseline 0.005 -21"><span class='ocrx_word' id='word_1_727' title='bbox 2075 3410 2297 3468; x_wconf 83' lang='lat' dir='ltr'>tametsi</span> <span class='ocrx_word' id='word_1_728' title='bbox 2321 3412 2544 3468; x_wconf 86' lang='lat' dir='ltr'>ratione</span> <span class='ocrx_word' id='word_1_729' title='bbox 2571 3412 2803 3487; x_wconf 88' lang='lat' dir='ltr'>paulum</span> <span class='ocrx_word' id='word_1_730' title='bbox 2826 3411 3054 3469; x_wconf 84' lang='lat' dir='ltr'>diversa</span> <span class='ocrx_word' id='word_1_731' title='bbox 3081 3412 3344 3471; x_wconf 85' lang='lat' dir='ltr'>ordinem</span> <span class='ocrx_word' id='word_1_732' title='bbox 3373 3418 3602 3473; x_wconf 84' lang='lat' dir='ltr'>oratio-</span> 
     </span>
     <span class='ocr_line' id='line_1_92' title="bbox 2071 3498 3602 3561; baseline 0.004 -7"><span class='ocrx_word' id='word_1_733' title='bbox 2071 3498 2159 3554; x_wconf 86' lang='lat' dir='ltr'>nis</span> <span class='ocrx_word' id='word_1_734' title='bbox 2200 3498 2632 3556; x_wconf 85' lang='lat' dir='ltr'>constituerent.</span> <span class='ocrx_word' id='word_1_735' title='bbox 2658 3523 2683 3551; x_wconf 74' lang='lat'><strong>»</strong></span> <span class='ocrx_word' id='word_1_736' title='bbox 2726 3502 2951 3557; x_wconf 69' lang='lat' dir='ltr'>Hausr.</span> <span class='ocrx_word' id='word_1_737' title='bbox 2985 3500 3213 3557; x_wconf 88' lang='lat' dir='ltr'>Primus</span> <span class='ocrx_word' id='word_1_738' title='bbox 3263 3501 3602 3561; x_wconf 83' lang='lat' dir='ltr'>scholiastes</span> 
     </span>
     <span class='ocr_line' id='line_1_93' title="bbox 2070 3574 3598 3670; baseline 0.004 -28"><span class='ocrx_word' id='word_1_739' title='bbox 2070 3585 2209 3662; x_wconf 86' lang='lat' dir='ltr'>legit</span> <span class='ocrx_word' id='word_1_740' title='bbox 2228 3586 2413 3643; x_wconf 80' lang='grc' dir='ltr'>οὐκοῦν</span> <span class='ocrx_word' id='word_1_741' title='bbox 2438 3574 2571 3642; x_wconf 75' lang='grc' dir='ltr'>εἶναί</span> <span class='ocrx_word' id='word_1_742' title='bbox 2612 3584 2747 3665; x_wconf 75' lang='grc' dir='ltr'>φημ’</span> <span class='ocrx_word' id='word_1_743' title='bbox 2788 3586 2834 3642; x_wconf 72' lang='grc' dir='ltr'>εἰ</span> <span class='ocrx_word' id='word_1_744' title='bbox 2868 3584 3065 3645; x_wconf 86' lang='grc' dir='ltr'>παύσει</span> <span class='ocrx_word' id='word_1_745' title='bbox 3098 3585 3247 3645; x_wconf 70' lang='grc' dir='ltr'>ταῦτ’</span> <span class='ocrx_word' id='word_1_746' title='bbox 3289 3585 3354 3657; x_wconf 80' lang='grc' dir='ltr'>ἣν</span> <span class='ocrx_word' id='word_1_747' title='bbox 3402 3588 3598 3670; x_wconf 79' lang='grc' dir='ltr'>βλέψῃ.</span> 
     </span>
     <span class='ocr_line' id='line_1_94' title="bbox 2071 3668 3605 3749; baseline 0.004 -22"><span class='ocrx_word' id='word_1_748' title='bbox 2071 3668 2306 3730; x_wconf 80' lang='grc' dir='ltr'>ἐπιλύσει</span> <span class='ocrx_word' id='word_1_749' title='bbox 2322 3691 2490 3731; x_wconf 87' lang='lat' dir='ltr'>error</span> <span class='ocrx_word' id='word_1_750' title='bbox 2511 3671 2713 3729; x_wconf 81' lang='lat' dir='ltr'>scribae</span> <span class='ocrx_word' id='word_1_751' title='bbox 2735 3691 2843 3749; x_wconf 87' lang='lat' dir='ltr'>pro</span> <span class='ocrx_word' id='word_1_752' title='bbox 2864 3673 2910 3730; x_wconf 82' lang='grc' dir='ltr'>εἰ</span> <span class='ocrx_word' id='word_1_753' title='bbox 2936 3669 3149 3732; x_wconf 79' lang='grc' dir='ltr'>παύσει.</span> <span class='ocrx_word' id='word_1_754' title='bbox 3175 3675 3493 3747; x_wconf 84' lang='lat' dir='ltr'>Secundus,</span> <span class='ocrx_word' id='word_1_755' title='bbox 3517 3678 3605 3734; x_wconf 88' lang='lat' dir='ltr'>in-</span> 
     </span>
     <span class='ocr_line' id='line_1_95' title="bbox 2071 3751 3596 3842; baseline 0.001 -25"><span class='ocrx_word' id='word_1_756' title='bbox 2071 3761 2291 3838; x_wconf 84' lang='lat' dir='ltr'>cipiens</span> <span class='ocrx_word' id='word_1_757' title='bbox 2312 3803 2330 3833; x_wconf 89' lang='lat'>,</span> <span class='ocrx_word' id='word_1_758' title='bbox 2356 3758 2678 3841; x_wconf 84' lang='grc' dir='ltr'>κακόμετρος</span> <span class='ocrx_word' id='word_1_759' title='bbox 2704 3758 2761 3818; x_wconf 74' lang='grc' dir='ltr'>δὲ</span> <span class='ocrx_word' id='word_1_760' title='bbox 2789 3751 2938 3826; x_wconf 73' lang='grc' dir='ltr'>οὗτος</span> <span class='ocrx_word' id='word_1_761' title='bbox 2957 3805 2976 3834; x_wconf 86' lang='grc'><strong>,</strong></span> <span class='ocrx_word' id='word_1_762' title='bbox 3014 3763 3198 3819; x_wconf 80' lang='grc' dir='ltr'>οὐκοῦν</span> <span class='ocrx_word' id='word_1_763' title='bbox 3237 3751 3371 3819; x_wconf 70' lang='grc' dir='ltr'>εἶναί</span> <span class='ocrx_word' id='word_1_764' title='bbox 3415 3785 3561 3842; x_wconf 76' lang='grc' dir='ltr'>φημι</span> <span class='ocrx_word' id='word_1_765' title='bbox 3576 3808 3596 3839; x_wconf 83' lang='grc'><strong>,</strong></span> 
     </span>
     <span class='ocr_line' id='line_1_96' title="bbox 2071 3846 3606 3926; baseline 0.001 -19"><span class='ocrx_word' id='word_1_766' title='bbox 2071 3846 2262 3908; x_wconf 78' lang='grc' dir='ltr'>παύσει</span> <span class='ocrx_word' id='word_1_767' title='bbox 2286 3849 2432 3905; x_wconf 73' lang='grc' dir='ltr'>ταῦτ’</span> <span class='ocrx_word' id='word_1_768' title='bbox 2457 3847 2522 3921; x_wconf 83' lang='grc' dir='ltr'>ἢν</span> <span class='ocrx_word' id='word_1_769' title='bbox 2560 3847 2748 3926; x_wconf 77' lang='grc' dir='ltr'>βλέψῃ.</span> <span class='ocrx_word' id='word_1_770' title='bbox 2778 3848 2864 3907; x_wconf 86' lang='lat' dir='ltr'>Illi</span> <span class='ocrx_word' id='word_1_771' title='bbox 2899 3862 3121 3920; x_wconf 86' lang='lat' dir='ltr'>autem,</span> <span class='ocrx_word' id='word_1_772' title='bbox 3145 3849 3248 3925; x_wconf 86' lang='lat' dir='ltr'>qui</span> <span class='ocrx_word' id='word_1_773' title='bbox 3275 3849 3375 3907; x_wconf 90' lang='lat' dir='ltr'>illo</span> <span class='ocrx_word' id='word_1_774' title='bbox 3398 3849 3606 3926; x_wconf 82' lang='lat' dir='ltr'>judice</span> 
     </span>
     <span class='ocr_line' id='line_1_97' title="bbox 2073 3933 3606 4019; baseline -0.001 -25"><span class='ocrx_word' id='word_1_775' title='bbox 2073 3939 2242 4014; x_wconf 86' lang='lat' dir='ltr'>plane</span> <span class='ocrx_word' id='word_1_776' title='bbox 2267 3935 2504 4018; x_wconf 81' lang='grc' dir='ltr'>ἀμέτρως</span> <span class='ocrx_word' id='word_1_777' title='bbox 2531 3933 2814 4011; x_wconf 86' lang='lat' dir='ltr'>legebant,</span> <span class='ocrx_word' id='word_1_778' title='bbox 2847 3938 3038 3994; x_wconf 83' lang='lat' dir='ltr'>forsan</span> <span class='ocrx_word' id='word_1_779' title='bbox 3065 3936 3415 3996; x_wconf 75' lang='lat' dir='ltr'>exhibebant</span> <span class='ocrx_word' id='word_1_780' title='bbox 3441 3960 3606 4019; x_wconf 76' lang='grc' dir='ltr'>φημι,</span> 
     </span>
     <span class='ocr_line' id='line_1_98' title="bbox 2072 4019 3605 4102; baseline -0.002 -18"><span class='ocrx_word' id='word_1_781' title='bbox 2072 4023 2263 4085; x_wconf 79' lang='grc' dir='ltr'>παύσει</span> <span class='ocrx_word' id='word_1_782' title='bbox 2304 4022 2499 4095; x_wconf 89' lang='grc' dir='ltr'>ταύτην</span> <span class='ocrx_word' id='word_1_783' title='bbox 2542 4021 2606 4093; x_wconf 76' lang='grc' dir='ltr'>ἢν</span> <span class='ocrx_word' id='word_1_784' title='bbox 2654 4019 2844 4102; x_wconf 79' lang='grc' dir='ltr'>βλέψῃ.</span> <span class='ocrx_word' id='word_1_785' title='bbox 2887 4023 2953 4081; x_wconf 85' lang='lat' dir='ltr'>In</span> <span class='ocrx_word' id='word_1_786' title='bbox 2983 4022 3109 4081; x_wconf 85' lang='lat' dir='ltr'>istis</span> <span class='ocrx_word' id='word_1_787' title='bbox 3148 4024 3186 4081; x_wconf 90' lang='lat' dir='ltr'>l.</span> <span class='ocrx_word' id='word_1_788' title='bbox 3226 4044 3299 4098; x_wconf 87' lang='lat'>9,</span> <span class='ocrx_word' id='word_1_789' title='bbox 3327 4023 3386 4081; x_wconf 81' lang='grc' dir='ltr'>τὸ</span> <span class='ocrx_word' id='word_1_790' title='bbox 3410 4026 3605 4083; x_wconf 76' lang='grc' dir='ltr'>οὐκοῦν</span> 
     </span>
     <span class='ocr_line' id='line_1_99' title="bbox 2074 4110 3604 4193; baseline -0.001 -22"><span class='ocrx_word' id='word_1_791' title='bbox 2074 4110 2422 4193; x_wconf 75' lang='grc' dir='ltr'>ἀποφαντικὸν</span> <span class='ocrx_word' id='word_1_792' title='bbox 2471 4112 2681 4187; x_wconf 91' lang='lat' dir='ltr'>(quam</span> <span class='ocrx_word' id='word_1_793' title='bbox 2730 4129 2934 4167; x_wconf 83' lang='lat' dir='ltr'>vocem</span> <span class='ocrx_word' id='word_1_794' title='bbox 2977 4111 3154 4182; x_wconf 84' lang='lat' dir='ltr'>male,</span> <span class='ocrx_word' id='word_1_795' title='bbox 3201 4124 3266 4168; x_wconf 87' lang='lat' dir='ltr'>ut</span> <span class='ocrx_word' id='word_1_796' title='bbox 3313 4124 3455 4188; x_wconf 88' lang='lat' dir='ltr'>puto</span> <span class='ocrx_word' id='word_1_797' title='bbox 3476 4155 3494 4182; x_wconf 89' lang='lat'>‚</span> <span class='ocrx_word' id='word_1_798' title='bbox 3539 4114 3604 4170; x_wconf 86' lang='lat' dir='ltr'>in</span> 
     </span>
     <span class='ocr_line' id='line_1_100' title="bbox 2073 4197 3604 4279; baseline -0.001 -19"><span class='ocrx_word' id='word_1_799' title='bbox 2073 4198 2393 4279; x_wconf 67' lang='grc' dir='ltr'>ἀποφατικὸν</span> <span class='ocrx_word' id='word_1_800' title='bbox 2410 4210 2593 4256; x_wconf 87' lang='lat' dir='ltr'>mutat</span> <span class='ocrx_word' id='word_1_801' title='bbox 2603 4197 3046 4273; x_wconf 84' lang='lat' dir='ltr'>Hemsterhus.),</span> <span class='ocrx_word' id='word_1_802' title='bbox 3073 4197 3256 4273; x_wconf 84' lang='lat' dir='ltr'>major</span> <span class='ocrx_word' id='word_1_803' title='bbox 3272 4197 3604 4259; x_wconf 72' lang='lat' dir='ltr'>difficultas.</span> 
     </span>
     <span class='ocr_line' id='line_1_101' title="bbox 2072 4283 3606 4364; baseline -0.001 -16"><span class='ocrx_word' id='word_1_804' title='bbox 2072 4295 2213 4348; x_wconf 84' lang='lat' dir='ltr'>Nam</span> <span class='ocrx_word' id='word_1_805' title='bbox 2262 4285 2469 4360; x_wconf 79' lang='lat' dir='ltr'>verba,</span> <span class='ocrx_word' id='word_1_806' title='bbox 2503 4283 2858 4364; x_wconf 72' lang='grc' dir='ltr'>ἀποφαντικὸν</span> <span class='ocrx_word' id='word_1_807' title='bbox 2898 4287 2981 4342; x_wconf 75' lang='grc' dir='ltr'>ὅτι</span> <span class='ocrx_word' id='word_1_808' title='bbox 3008 4283 3184 4343; x_wconf 79' lang='grc' dir='ltr'>οὐκέτι</span> <span class='ocrx_word' id='word_1_809' title='bbox 3211 4286 3606 4363; x_wconf 74' lang='grc' dir='ltr'>κακοδαιμονία</span> 
     </span>
     <span class='ocr_line' id='line_1_102' title="bbox 2073 4373 3606 4453; baseline -0.003 -17"><span class='ocrx_word' id='word_1_810' title='bbox 2073 4377 2190 4450; x_wconf 77' lang='grc' dir='ltr'>εἴη,</span> <span class='ocrx_word' id='word_1_811' title='bbox 2231 4375 2371 4434; x_wconf 83' lang='lat' dir='ltr'>satis</span> <span class='ocrx_word' id='word_1_812' title='bbox 2410 4374 2563 4432; x_wconf 88' lang='lat' dir='ltr'>clare</span> <span class='ocrx_word' id='word_1_813' title='bbox 2598 4373 2856 4432; x_wconf 88' lang='lat' dir='ltr'>indicant</span> <span class='ocrx_word' id='word_1_814' title='bbox 2895 4374 3206 4432; x_wconf 82' lang='lat' dir='ltr'>lectionem</span> <span class='ocrx_word' id='word_1_815' title='bbox 3243 4376 3367 4445; x_wconf 80' lang='lat' dir='ltr'>vel,</span> <span class='ocrx_word' id='word_1_816' title='bbox 3395 4375 3529 4453; x_wconf 70' lang='grc' dir='ltr'>φημ’</span> <span class='ocrx_word' id='word_1_817' title='bbox 3562 4375 3606 4447; x_wconf 75' lang='grc' dir='ltr'><strong>ἢ</strong></span> 
     </span>
     <span class='ocr_line' id='line_1_103' title="bbox 2072 4455 3607 4539; baseline -0.003 -16"><span class='ocrx_word' id='word_1_818' title='bbox 2072 4463 2263 4524; x_wconf 78' lang='grc' dir='ltr'>παύσει</span> <span class='ocrx_word' id='word_1_819' title='bbox 2291 4462 2468 4532; x_wconf 75' lang='grc' dir='ltr'>ταῦτ’,</span> <span class='ocrx_word' id='word_1_820' title='bbox 2494 4459 2701 4532; x_wconf 75' lang='grc' dir='ltr'>ἢ-νεΙ</span> <span class='ocrx_word' id='word_1_821' title='bbox 2719 4501 2735 4528; x_wconf 87' lang='grc'><strong>,</strong></span> <span class='ocrx_word' id='word_1_822' title='bbox 2754 4458 2891 4539; x_wconf 75' lang='grc' dir='ltr'>φημὶ</span> <span class='ocrx_word' id='word_1_823' title='bbox 2915 4455 3108 4517; x_wconf 87' lang='grc' dir='ltr'>παύσει</span> <span class='ocrx_word' id='word_1_824' title='bbox 3131 4461 3275 4518; x_wconf 75' lang='grc' dir='ltr'>ταῦτ’</span> <span class='ocrx_word' id='word_1_825' title='bbox 3291 4459 3607 4532; x_wconf 55' lang='lat' dir='ltr'>*lv—certe</span> 
     </span>
    </p>
   </div>
   <div class='ocr_carea' id='block_1_10' title="bbox 2037 4545 3608 4623">
    <p class='ocr_par' dir='ltr' id='par_1_14' title="bbox 2037 4545 3608 4623">
     <span class='ocr_line' id='line_1_104' title="bbox 2037 4545 3608 4623; baseline -0.004 -11"><span class='ocrx_word' id='word_1_826' title='bbox 2037 4567 2038 4570; x_wconf 75' lang='grc'>’</span> <span class='ocrx_word' id='word_1_827' title='bbox 2076 4553 2237 4623; x_wconf 81' lang='grc' dir='ltr'>ταῦτ’,</span> <span class='ocrx_word' id='word_1_828' title='bbox 2275 4569 2394 4608; x_wconf 83' lang='lat' dir='ltr'>nou</span> <span class='ocrx_word' id='word_1_829' title='bbox 2421 4548 2649 4618; x_wconf 72' lang='grc' dir='ltr'>ταύτηνε</span> <span class='ocrx_word' id='word_1_830' title='bbox 2682 4546 2792 4604; x_wconf 83' lang='lat' dir='ltr'>nisi</span> <span class='ocrx_word' id='word_1_831' title='bbox 2821 4547 3015 4605; x_wconf 85' lang='lat' dir='ltr'>forsan</span> <span class='ocrx_word' id='word_1_832' title='bbox 3058 4546 3136 4606; x_wconf 76' lang='lat' dir='ltr'>ad</span> <span class='ocrx_word' id='word_1_833' title='bbox 3163 4545 3362 4617; x_wconf 79' lang='grc' dir='ltr'>ταύτην</span> <span class='ocrx_word' id='word_1_834' title='bbox 3403 4567 3608 4606; x_wconf 57' lang='grc' dir='ltr'>ποω-</span> 
     </span>
    </p>
   </div>
   <div class='ocr_carea' id='block_1_11' title="bbox 2073 4632 3605 5066">
    <p class='ocr_par' dir='ltr' id='par_1_15' title="bbox 2073 4632 3605 5066">
     <span class='ocr_line' id='line_1_105' title="bbox 2074 4632 3604 4709; baseline -0.005 -9"><span class='ocrx_word' id='word_1_835' title='bbox 2074 4640 2236 4700; x_wconf 86' lang='lat' dir='ltr'>sebat</span> <span class='ocrx_word' id='word_1_836' title='bbox 2258 4638 2434 4695; x_wconf 91' lang='lat' dir='ltr'>homo</span> <span class='ocrx_word' id='word_1_837' title='bbox 2462 4634 2641 4692; x_wconf 88' lang='lat' dir='ltr'>sutilis</span> <span class='ocrx_word' id='word_1_838' title='bbox 2680 4632 3089 4709; x_wconf 82' lang='grc' dir='ltr'>κακοδαιμονίαν</span> <span class='ocrx_word' id='word_1_839' title='bbox 3127 4653 3202 4692; x_wconf 81' lang='lat' dir='ltr'>ex</span> <span class='ocrx_word' id='word_1_840' title='bbox 3225 4655 3279 4692; x_wconf 80' lang='lat' dir='ltr'>v.</span> <span class='ocrx_word' id='word_1_841' title='bbox 3323 4636 3455 4691; x_wconf 84' lang='lat'>501.</span> <span class='ocrx_word' id='word_1_842' title='bbox 3489 4637 3604 4692; x_wconf 78' lang='lat' dir='ltr'>nis</span> 
     </span>
     <span class='ocr_line' id='line_1_106' title="bbox 2077 4721 3605 4799; baseline -0.003 -15"><span class='ocrx_word' id='word_1_843' title='bbox 2077 4747 2213 4786; x_wconf 83' lang='lat' dir='ltr'>vero</span> <span class='ocrx_word' id='word_1_844' title='bbox 2239 4722 2534 4799; x_wconf 70' lang='lat' dir='ltr'>inth&#39;ecta</span> <span class='ocrx_word' id='word_1_845' title='bbox 2557 4721 2857 4780; x_wconf 81' lang='lat' dir='ltr'>manifesto</span> <span class='ocrx_word' id='word_1_846' title='bbox 2887 4721 3177 4799; x_wconf 79' lang='lat' dir='ltr'>explicant</span> <span class='ocrx_word' id='word_1_847' title='bbox 3200 4723 3369 4780; x_wconf 83' lang='lat' dir='ltr'>aliam</span> <span class='ocrx_word' id='word_1_848' title='bbox 3395 4723 3605 4780; x_wconf 86' lang='lat' dir='ltr'>lectio-</span> 
     </span>
     <span class='ocr_line' id='line_1_107' title="bbox 2074 4805 3604 4886; baseline -0.003 -13"><span class='ocrx_word' id='word_1_849' title='bbox 2074 4834 2237 4886; x_wconf 87' lang='lat' dir='ltr'>nem,</span> <span class='ocrx_word' id='word_1_850' title='bbox 2261 4815 2309 4871; x_wconf 74' lang='grc' dir='ltr'>εἰ</span> <span class='ocrx_word' id='word_1_851' title='bbox 2339 4810 2532 4870; x_wconf 86' lang='grc' dir='ltr'>παύσει</span> <span class='ocrx_word' id='word_1_852' title='bbox 2564 4805 2780 4879; x_wconf 87' lang='grc' dir='ltr'>ταύτην.</span> <span class='ocrx_word' id='word_1_853' title='bbox 2803 4814 2895 4866; x_wconf 79' lang='lat' dir='ltr'>An</span> <span class='ocrx_word' id='word_1_854' title='bbox 2927 4808 3261 4886; x_wconf 82' lang='lat' dir='ltr'>legendum,</span> <span class='ocrx_word' id='word_1_855' title='bbox 3303 4807 3366 4868; x_wconf 79' lang='grc' dir='ltr'>τὸ</span> <span class='ocrx_word' id='word_1_856' title='bbox 3407 4809 3604 4868; x_wconf 77' lang='grc' dir='ltr'>οὐκοῦν</span> 
     </span>
     <span class='ocr_line' id='line_1_108' title="bbox 2073 4893 3600 4982; baseline -0.003 -23"><span class='ocrx_word' id='word_1_857' title='bbox 2073 4896 2808 4982; x_wconf 75' lang='grc' dir='ltr'>ἀποφαντικδν--πλοῢτος</span> <span class='ocrx_word' id='word_1_858' title='bbox 2821 4937 2842 4968; x_wconf 88' lang='grc'><strong>,</strong></span> <span class='ocrx_word' id='word_1_859' title='bbox 2885 4893 3062 4956; x_wconf 75' lang='grc' dir='ltr'>οὐκέτι</span> <span class='ocrx_word' id='word_1_860' title='bbox 3103 4895 3485 4975; x_wconf 83' lang='grc' dir='ltr'>κακοδαιμονία</span> <span class='ocrx_word' id='word_1_861' title='bbox 3527 4894 3600 4955; x_wconf 71' lang='grc' dir='ltr'>ἂν</span> 
     </span>
     <span class='ocr_line' id='line_1_109' title="bbox 2074 4983 3601 5066; baseline -0.003 -17"><span class='ocrx_word' id='word_1_862' title='bbox 2074 4991 2156 5064; x_wconf 71' lang='grc' dir='ltr'>εἴη</span> <span class='ocrx_word' id='word_1_863' title='bbox 2180 5012 2195 5048; x_wconf 86' lang='lat'>:</span> <span class='ocrx_word' id='word_1_864' title='bbox 2215 5022 2290 5036; x_wconf 92' lang='lat'>—</span> <span class='ocrx_word' id='word_1_865' title='bbox 2309 4986 2391 5049; x_wconf 80' lang='grc' dir='ltr'>Τὸ</span> <span class='ocrx_word' id='word_1_866' title='bbox 2426 4983 2542 5056; x_wconf 76' lang='grc' dir='ltr'>ἑξῆς</span> <span class='ocrx_word' id='word_1_867' title='bbox 2562 5005 2575 5020; x_wconf 91' lang='grc'>·</span> <span class='ocrx_word' id='word_1_868' title='bbox 2618 4984 2911 5045; x_wconf 71' lang='grc' dir='ltr'>οὐκοῦν-ὁ</span> <span class='ocrx_word' id='word_1_869' title='bbox 2957 4985 3195 5052; x_wconf 74' lang='grc' dir='ltr'>Πλοῦτος</span> <span class='ocrx_word' id='word_1_870' title='bbox 3236 4984 3435 5066; x_wconf 71' lang='grc' dir='ltr'>βλέψας</span> <span class='ocrx_word' id='word_1_871' title='bbox 3460 4984 3601 5064; x_wconf 73' lang='lat' dir='ltr'>(vel</span> 
     </span>
    </p>
   </div>
  </div>
 </body>
</html>
