3859 5725
1651 217 1976 281 NUBIUM.

245 360 647 427 regnaverant,
666 361 1013 408 everterunt.
1035 349 1331 408 Ernestius
1352 345 1761 414 κατανύσαντας.

243 440 440 496 unna.
468 468 541 481 —
578 437 761 505 48-52
807 437 1075 515 proximo
1115 436 1338 495 scholio
1366 438 1666 513 postponit
1697 441 1768 494 R.

241 556 322 570 -
343 525 416 592 48
436 521 837 606 ἀσυναρτήτων,
860 533 933 600 49
962 522 1136 595 θήσειν
1160 529 1250 597 R„
1276 523 1378 601 qui
1404 515 1470 602 51
1506 543 1621 582 om.
1653 522 1769 584 ἀλλ’

244 607 562 677 ὅτι-θεούς.

323 708 440 774 249
457 741 485 770 ,,
503 700 535 755 3
566 700 768 775 χαλκοῦ
811 695 846 768 ἢ
887 703 1086 778 χρυσοῦ
1102 743 1120 774 ,
1162 696 1250 757 ἐπὶ
1287 702 1380 758 τοῦ
1415 699 1615 778 χαλκοῦ
1644 698 1768 756 Ald.

241 783 502 854 ἐξεδέξατο
528 791 618 859 V.‚
645 786 747 863 qui
781 805 895 844 om.
924 786 956 842 5
998 784 1303 863 ἔδει-νομ.
1325 819 1399 830 -
1441 788 1477 843 6
1514 787 1690 865 λεπτῷ
1714 784 1770 842 δὲ

244 871 531 950 νομίσματι
575 873 776 932 Suidas
821 893 866 931 s.
917 871 1196 953 Νόμισμα.
1240 907 1315 919 -
1356 894 1427 932 ιο
1474 873 1771 952 legebatur

241 959 523 1041 σιδαρέοισι
554 959 862 1039 νομίσμασι.
901 963 1099 1022 Delevi
1132 960 1444 1041 νομίσμασι.
1483 959 1770 1041 σιδαρέοισι

241 1060 434 1105 autem
472 1067 682 1125 genere
730 1051 1041 1108 masculino
1075 1050 1293 1108 dictum
1327 1061 1449 1120 est,
1476 1047 1768 1126 ⁴quemad-

243 1133 480 1192 modum
506 1137 555 1193 οἱ
572 1136 765 1214 χαλκοῖ
789 1135 1078 1197 dicuntur.
1109 1142 1290 1195 Dum.
1319 1140 1680 1194 Hermannus
1713 1147 1772 1193 et

245 1222 559 1281 Meinekius
607 1240 680 1280 ex
723 1224 964 1300 Reisigii
1011 1223 1441 1297 emendatione,
1472 1225 1649 1300 petita
1698 1244 1770 1281 ex

241 1310 614 1386 grammatico
648 1315 734 1369 De
774 1324 984 1371 constr.
1032 1303 1264 1372 verbor.
1312 1331 1370 1390 p.
1404 1310 1533 1390 1384
1572 1315 1767 1370 Herm.

240 1409 299 1456 et
322 1398 572 1476 Georgio
593 1403 797 1476 Lecap.
818 1399 877 1458 in
898 1401 1157 1459 Matthaei
1179 1404 1361 1458 Lectt.
1385 1404 1570 1477 Mosq.
1593 1419 1650 1476 p.
1678 1420 1707 1471 7
1723 1420 1769 1468 ι,

241 1482 375 1545 ὅπου
404 1482 662 1567 σιδαρέοις
683 1486 995 1563 νομίζουσιν.
1021 1488 1225 1548 suidas
1251 1510 1265 1545 ε
1290 1485 1626 1564 Νομίζουσιν,
1655 1487 1770 1543 ἀντὶ

239 1578 331 1631 τοῦ
347 1573 638 1651 νομίσμασι
655 1575 1018 1655 χρῶνται.--ι
1038 1597 1059 1632 ι
1084 1573 1284 1640 Ἄλλως
1304 1594 1418 1632 om.
1436 1579 1505 1632 V.
1519 1571 1686 1631 ἐδόκει
1712 1573 1772 1632 τὸ

241 1662 345 1720 τῶν
368 1660 664 1728 Βυζαντίων
699 1660 936 1738 νόμισμα
960 1661 1237 1742 ἐλάχιστον
1276 1650 1644 1720 εἶναιπάντων
1681 1660 1771 1719 καὶ

238 1746 601 1829 φαυλότατον,
646 1747 738 1807 ἅτε
782 1749 1024 1830 σιδηροῦν
1064 1749 1299 1829 ὑπάρχον
1326 1748 1448 1806 Ald.
1503 1746 1674 1807 ἐδόκει
1716 1746 1770 1807 δὲ

238 1836 438 1918 φαῦλον
465 1825 599 1893 εἶναι
621 1833 682 1894 τὸ
716 1834 954 1914 νόμισμα
976 1840 1081 1895 τῶν
1103 1832 1399 1905 Βυζαντίων
1432 1838 1502 1902 ὥς
1528 1838 1770 1915 σιδηροῦν

235 1928 308 1982 V.
328 1959 393 1972 -
427 1944 494 1982 ι2
529 1924 725 1982 malim
758 1926 854 1995 τῆς
896 1923 1023 1998 ὅλης
1051 1946 1067 1982 ι
1104 1925 1215 1983 nisi
1249 1920 1485 2004 ὑπάρχον
1513 1922 1771 1982 scriben-

237 2012 376 2072 dum
403 2032 535 2072 cum
561 2013 688 2074 ΑΜ.
718 2018 902 2072 Dum.

325 2102 459 2174 250,
499 2100 567 2157 15
597 2097 713 2178 οὐχὶ
736 2098 881 2165 θεοὺς
912 2104 984 2158 V.
1016 2136 1079 2149 -
1114 2120 1179 2173 ¹7
1216 2100 1333 2158 ἀλλ’
1353 2100 1402 2159 οἱ
1431 2097 1500 2157 τὰ
1531 2103 1602 2160 V.
1637 2096 1772 2159 ἀλλὰ

237 2184 310 2246 τὰ
344 2190 411 2248 G.
436 2224 500 2240 -·-
527 2207 604 2264 ³9
624 2185 777 2245 ἅτινα
798 2192 869 2246 G.
897 2185 1015 2245 τίνα
1041 2192 1111 2245 V.

322 2277 457 2350 253,
492 2295 565 2333 22
615 2272 715 2340 Ὣς
740 2308 794 2321 -
814 2283 984 2342 σκιαῖς
1011 2295 1126 2334 om.
1146 2278 1211 2332 V.
1240 2308 1313 2319 —
1335 2277 1408 2333 23
1458 2281 1573 2340 ταῖς
1619 2277 1772 2351 ἡμῶν

235 2365 380 2428 θεαῖς
411 2382 524 2423 om.
547 2367 618 2422 R.
646 2360 715 2421 τὰ
743 2360 1047 2443 γὰρ-(25)
1083 2364 1244 2442 ἀποφ.
1266 2360 1357 2420 καὶ
1386 2361 1536 2426 σκιάς
1556 2382 1669 2420 om.
1701 2366 1768 2422 V.

231 2448 330 2510 καὶ
354 2448 568 2530 νεφέλας
590 2457 740 2515 σκιᾶς
761 2447 926 2527 ὠνόμ.
958 2455 1027 2509 R.
1062 2447 1379 2528 ὀνομάζομεν
1409 2448 1531 2508 Ald.

324 2537 457 2606 254.
492 2537 698 2596 Suidas
727 2557 773 2596 s.
806 2535 1106 2613 Σκίμπους,
1137 2535 1274 2618 ἱερὸν
1306 2534 1577 2615 σκίμποδά
1614 2558 1770 2618 φησιν

236 2619 354 2703 Ἃρ.
379 2624 433 2681 ἐν
468 2619 586 2694 Ν.ἢ
608 2621 704 2695 τὴν
720 2626 827 2683 τῶν
846 2620 1140 2704 φιλοσόφων
1174 2621 1426 2704 καθέδραν
1455 2620 1491 2695 ἢ
1521 2621 1607 2682 τὸν
1634 2622 1772 2703 κρά-

234 2706 420 2768 6ατον.
439 2747 503 2758 -
519 2711 594 2768 3ο
619 2705 709 2767 τὸν
737 2732 819 2790 κρ.
841 2733 925 2769 σκ.
950 2708 1090 2787 λέγει
1109 2708 1356 2777 Ἀττικῶς
1382 2716 1475 2783 R.,
1503 2732 1631 2788 quae
1655 2732 1769 2771 om.

234 2798 464 2860 Suidas.
498 2830 573 2842 —
619 2802 687 2859 31
728 2797 1188 2880 σχωλοκραὸάτιον
1225 2804 1297 2858 V.
1326 2798 1770 2881 σχολοκραὸάτιον

235 2894 311 2948 6.
340 2887 514 2968 χωλὸν
560 2888 844 2971 κραόάτιον
878 2890 1005 2948 Ald.
1047 2897 1221 2948 Recte
1251 2890 1458 2950 Suidas
1497 2889 1772 2974 χωλοκρά-

236 2974 423 3048 ὄατον,
454 2995 562 3053 pro
588 2996 707 3054 quo
740 2977 859 3035 duo
889 2977 1058 3036 codd.
1089 2975 1552 3060 χωλοκράόὅατον.
1578 3018 1653 3031 --
1697 2982 1771 3039 32

233 3062 548 3142 σκιμὸάζειν
567 3064 791 3123 Suidas.
819 3064 1195 3124 scribebatur
1215 3064 1548 3142 σκιμπάζειν.
1583 3065 1669 3125 lb.
1686 3088 1775 3144 χο-

240 3148 456 3209 λαίνειν
482 3155 551 3209 V.
578 3187 644 3201 -
681 3153 755 3211 33
777 3150 865 3211 τὸν
894 3151 1118 3211 suidas.
1144 3151 1206 3211 τὸ
1240 3156 1306 3213 V.
1339 3152 1459 3211 Ald.
1491 3165 1550 3211 et
1571 3153 1766 3212 Suidae

232 3237 426 3297 codex
446 3237 691 3298 Bruxell.
712 3237 977 3317 σκιμὸοὺς
999 3239 1374 3298 Ruhnkenius
1403 3240 1637 3311 (collato
1661 3246 1774 3299 He-

233 3324 473 3402 sychio‚
495 3323 733 3404 Σκιμὸός
748 3370 767 3404 ,
783 3324 996 3405 χωλός).
1019 3324 1287 3404 σκαμὸοὺς
1313 3332 1386 3386 V.
1406 3327 1534 3388 ΔΜ.
1552 3328 1772 3403 suidas,

233 3413 341 3492 qui
370 3409 576 3490 ἔχοντα.
602 3411 741 3493 ἔχειν
767 3420 838 3474 V.
860 3415 992 3474 Ald.
1014 3413 1133 3493 ἔχον
1154 3417 1226 3475 G.

324 3498 465 3570 257,
488 3521 520 3573 7
563 3499 797 3561 σέσωστο
832 3502 951 3561 duo
975 3501 1204 3561 codices
1239 3501 1425 3579 Regii.
1460 3534 1542 3547 —-
1582 3510 1652 3571 14
1682 3502 1773 3562 ml

231 3585 505 3662 μέλλοντα
518 3592 749 3647 V.-aa
769 3589 1116 3649 vocabulum
1144 3591 1297 3649 inter
1329 3588 1631 3667 Ἀθάμας...
1657 3592 1774 3650 ἀλλ’

229 3674 609 3734 obliteratum
636 3674 790 3747 ἐτύθη
822 3677 975 3735 haud
1004 3676 1180 3737 dubie
1214 3678 1336 3737 fuit.
1367 3683 1546 3737 Dum.

322 3763 460 3835 258,
493 3774 567 3833 24
600 3762 907 3845 περιὸάλλει
932 3770 1005 3824 V.

319 3852 436 3908 260
449 3849 624 3909 habet
639 3851 1192 3932 Ἶ.,περιτετριμμένος
1204 3853 1258 3911 ἐν
1271 3852 1459 3932 λόγοις,
1468 3851 1774 3932 εὔγλωττος,

232 3934 510 4012 εὔστομος.
550 3935 793 4008 παιπάλη
849 3935 905 3996 δὲ
944 3937 1059 3996 ἀντὶ
1105 3944 1199 3997 τοῦ
1233 3937 1463 4020 τραχὺς,
1504 3938 1772 3999 δυσκατά-

230 4028 441 4092 ληπτος
455 4062 472 4092 ,
497 4021 611 4080 ἐπεὶ
638 4021 881 4081 παίπαλα
908 4026 1169 4103 καλοῦμεν
1194 4023 1265 4085 τὰ
1285 4029 1390 4085 τῶν
1419 4025 1630 4107 χωρίων
1649 4026 1775 4098 ἡδύ-

230 4131 392 4191 ματα
424 4108 618 4188 (scrib.
645 4108 923 4190 δύσὸατα).
952 4145 1025 4157 —-
1050 4115 1125 4172 36
1151 4119 1320 4172 ταῦτα
1344 4112 1441 4192 μὲν
1464 4113 1632 4191 λέγων
1651 4117 1679 4172 ὁ
1703 4116 1769 4175 Σ.

226 4202 309 4267 R.
345 4228 421 4242 —
446 4200 517 4268 37
548 4195 843 4275 legebatur
869 4198 1162 4281 Σωκράτης
1187 4203 1260 4269 εἷς
1284 4199 1353 4260 τὰ
1377 4200 1585 4280 θύματα
1601 4223 1773 4281 παρα·

225 4282 439 4365 τρίόων
472 4281 698 4367 ὀρεινοὺς
732 4283 904 4352 λίθους
940 4287 1032 4346 καὶ
1074 4285 1295 4370 κρούων.
1324 4289 1592 4350 Correxit
1619 4290 1773 4347 nin-

228 4370 397 4433 dorf.
442 4392 514 4429 ex
567 4374 657 4446 R„
698 4372 760 4431 in
786 4393 906 4450 quo
945 4387 1035 4435 est
1087 4374 1379 4457 Σωκράτης
1432 4374 1772 4458 παρατρίὸων

223 4481 382 4519 οπω.
406 4499 425 4516 .
446 4499 465 4515 .
486 4501 506 4520 .
538 4457 849 4540 λιπωρίνους
879 4460 971 4521 καὶ
1006 4472 1244 4544 κρ.-4ι
1285 4476 1417 4541 post
1436 4462 1646 4545 τρίμμα
1678 4461 1773 4541 μὲν

223 4546 432 4627 pergit
465 4551 534 4605 R.
569 4545 725 4606 αὐτὸν
758 4545 970 4608 ἔσεσθαι
1009 4549 1151 4629 λέγει
1176 4551 1324 4632 παρὰ
1350 4549 1412 4611 τὸ
1456 4550 1651 4632 τρίὸειν
1681 4547 1773 4610 καὶ

222 4631 401 4711 θίγειν
422 4633 563 4711 (fort
589 4633 806 4712 θλίὸειν)
836 4635 965 4717 πρὸς
994 4637 1251 4709 ἀλλήλους
1272 4635 1392 4704 τοὺς
1421 4638 1612 4711 λίθους,
1635 4637 1773 4697 reli-

223 4720 372 4799 quis
399 4717 496 4790 τὴν
532 4719 968 4803 ἀπὸ-κρόταλον
1001 4725 1244 4785 omissis».
1275 4759 1355 4771 -
1387 4728 1462 4795 43
1490 4725 1773 4806 περιτρίμ-

223 4828 388 4885 ματα
414 4810 793 4868 Hermannus.
817 4811 1227 4893 πολυτρίμματα
1257 4812 1391 4872 Ald.
1426 4845 1496 4860 -
1526 4833 1560 4871 2
1588 4813 1773 4872 codex

222 4891 505 4972 ἴντριὸος,
527 4906 593 4952 ut
618 4894 866 4959 videtur.

322 4981 459 5055 261,
482 4982 518 5041 6
538 4983 947 5065 παρακελεύεται
974 4986 1116 5067 αὐτῷ
1140 4993 1342 5046 σιωπᾶν
1370 4984 1462 5045 καὶ
1484 4987 1735 5068 εὐφημεῖν
1755 5031 1772 5062 ,

3267 229 3380 281 427

1854 345 1942 408 ἵνα
1989 347 2199 421 εὔξηται
2228 346 2394 429 μηδὲν
2429 349 2741 431 βλάσφημον
2769 350 2931 410 εἰπεῖν
2962 354 3034 408 V.
3067 354 3212 424 Quae
3248 364 3383 409 sunt

1856 515 1929 554 ex
1957 497 2175 555 scholio
2214 518 2270 558 ν.
2301 499 2435 555 263.
2460 531 2538 543 --
2573 519 2611 575 9
2634 453 2814 580 σωκρά
2846 499 3051 557 codex.
3079 533 3161 543 —-
3196 510 3374 569 ι4-2ι

1857 603 1971 642 om.
1996 589 2066 643 V.
2089 620 2164 630 —
2183 586 2250 644 15
2268 587 2324 644 αἱ
2342 588 2409 646 Ν.
2432 584 2707 666 διέχθωσιν
2725 586 2857 665 [sic]
2884 594 2980 659 R.,
3011 587 3166 665 quod
3196 608 3380 647 corre·

1855 673 1944 729 xit
1977 672 2242 731 Dindorf.
2277 672 2599 751 Legebatur
2626 673 2843 733 ἔλθωσιν
2875 678 2928 732 αἱ
2959 676 3027 735 Ν.

1941 763 2076 835 263,
2103 761 2285 830 34-36
2310 782 2423 820 om.
2447 767 2538 832 V.‚
2566 762 2637 820 de
2666 782 2783 840 quo
2803 783 2857 821 v.
2883 762 2958 821 ad
2984 765 3116 821 261.

1940 858 2076 929 264,
2108 867 2181 926 42
2215 857 2627 936 ἐδογματίσαντο
2658 859 2789 917 Ald.
2833 891 2903 906 -
2936 860 3010 926 48
3047 857 3129 917 ὅτι
3162 857 3387 918 πλάτεια

1858 945 1886 1001 ὁ
1914 941 2024 1011 υἱὸς
2043 948 2331 1023 ἡνιοχεῖται
2359 947 2410 1004 ἐν
2432 948 2508 1025 τῷ
2545 945 2659 1024 ἀέρι
2687 952 2758 1003 V.
2789 951 2856 1005 In
2880 950 2951 1004 R.
2988 945 3081 1004 hic
3117 960 3207 1005 est
3240 946 3388 1005 ordo

1858 1031 2208 1090 scholiorum
2247 1053 2343 1091 vv.
2383 1035 2520 1105 264,
2545 1035 2678 1105 265,
2706 1030 2826 1102 δόξα
2866 1056 2944 1099 τις
2966 1067 3046 1077 -
3079 1031 3211 1113 ἀέρι.
3245 1032 3388 1098 ἰδίως

1858 1149 1938 1160 -
1960 1117 2135 1177 εἰπών.
2161 1117 2215 1185 ὃς
2238 1120 2566 1201 παρείληφας
2601 1153 2678 1166 —
2710 1122 2948 1199 λαχοῦσα
2974 1119 3157 1179 τόπον.
3184 1117 3388 1178 ἀκατά-

1856 1206 2027 1275 ληπτε
2048 1238 2128 1251 -
2156 1206 2461 1289 διωρίσαντο
2481 1201 2631 1267 εἵναι.

1941 1303 2077 1375 265,
2110 1303 2185 1362 50
2204 1300 2266 1362 τὸ
2285 1308 2374 1361 τοῦ
2395 1303 2545 1377 ἡλίου
2578 1303 2712 1363 Ald.
2739 1342 2817 1355 —
2844 1305 2920 1362 53
2946 1300 3129 1384 αἰθέρα
3150 1304 3201 1361 λ.
3229 1301 3390 1364 εἰπών

1859 1406 1973 1444 om.
1995 1393 2064 1447 V.
2093 1421 2167 1433 -
2191 1410 2224 1446 2
2254 1387 2461 1469 Ἐρινῦς
2482 1396 2553 1449 G.
2577 1388 2814 1470 Ἐριννῦς
2832 1394 2903 1448 V.
2925 1430 3001 1442 --
3029 1398 3060 1457 4
3091 1387 3390 1466 νενόμισται

1858 1473 1992 1533 ΑΙά.
2014 1509 2089 1520 -
2117 1475 2150 1533 5
2175 1475 2419 1547 ἀλλήλων
2434 1473 2534 1558 γὰρ
2551 1474 2952 1557 προερχομίνων
2970 1477 3099 1536 Ald.
3122 1480 3392 1538 Correxit

1859 1566 2026 1620 Kust.
2048 1566 2172 1621 Hoc
2201 1576 2260 1621 et
2285 1583 2443 1642 seqq.
2474 1585 2588 1623 om.
2619 1571 2686 1624 V.
2726 1595 2810 1612 --
2854 1587 2884 1638 7
2915 1568 2989 1646 τῷ
3026 1564 3282 1647 συνθέτῳ,
3320 1587 3391 1624 ιο

1860 1646 2192 1730 ἀστράπτειῆ
2207 1647 2292 1707 ὅτε
2306 1648 2567 1721 σκηπτοὺς
2586 1650 2873 1730 ἐπιπέμπει
2882 1651 3009 1711 Ald.
3031 1653 3120 1711 καὶ
3134 1655 3304 1721 ἄλλως
3317 1660 3389 1716 R.

1943 1747 2078 1819 267,
2114 1765 2187 1803 22
2240 1745 2691 1819 ἐπαναδίπλωσις,
2740 1757 2812 1816 24
2874 1752 3103 1829 χρῆσθαι
3149 1752 3391 1831 ἐμφανῶς

1859 1829 1992 1889 Ald.
2014 1835 2240 1910 χρᾶσθαι
2256 1837 2345 1906 V.‚
2372 1834 2469 1911 qui
2487 1835 2702 1892 omittit
2725 1836 2966 1915 ἐμφανῶς
2992 1850 3051 1894 et
3076 1839 3390 1917 sequentia.

1859 1950 1938 1963 —
1959 1918 2034 1975 25
2053 1916 2210 1999 φασὶν
2238 1925 2309 1979 R.
2336 1956 2398 1968 —
2422 1939 2493 1993 27
2521 1918 2622 2001 γὰρ
2641 1920 2793 2001 ἑορτὴ
2814 1924 3075 1983 WolfiuS.

1942 2005 2057 2063 268
2080 2005 2489 2086 περικεφαλαίαν
2513 2021 2578 2066 ιιι
2600 2009 2847 2086 glossam
2870 2010 3046 2070 habet
3070 2017 3138 2070 R.

1943 2111 2015 2164 27
2030 2113 2077 2166 1,
2103 2102 2177 2169 49
2199 2092 2435 2152 λείπεται
2459 2094 2552 2153 hic
2579 2108 2638 2152 et
2657 2116 2794 2154 mox
2811 2097 3020 2156 iterum
3044 2106 3113 2159 G.

1944 2199 2079 2253 272,
2107 2182 2181 2239 53
2223 2180 2339 2239 κατ’
2364 2180 2519 2240 αὐτὸν
2546 2187 2618 2241 G.
2638 2217 2719 2228 —
2752 2204 2776 2241 ι
2807 2182 3111 2263 Αἰγύπτιος.
3140 2186 3296 2245 Idem
3318 2207 3390 2247 ex

1860 2269 2176 2328 Heliodoro
2199 2270 2532 2329 Atheniensi
2553 2284 2747 2329 narrat
2767 2272 3071 2332 Athenaeus
3093 2294 3150 2349 9,
3178 2295 3234 2354 p.
3258 2296 3395 2352 229,

1860 2360 1926 2414 E.
1976 2361 2076 2414 Est
2120 2357 2239 2415 haec
2268 2358 2495 2436 inepta,
2526 2358 2574 2416 si
2615 2378 2730 2435 qua
2766 2358 2908 2433 alia,
2938 2361 3195 2420 narratio
3235 2383 3251 2420 ι
3291 2363 3394 2421 sed

1861 2442 2030 2521 longe
2065 2444 2316 2522 ineptior
2341 2445 2645 2504 scholiasta
2673 2458 2793 2519 est,
2824 2447 2923 2525 qui
2953 2461 3266 2528 propterea
3288 2451 3394 2510 Ni·-

1860 2530 1980 2590 lum
2014 2531 2111 2591 hic
2135 2534 2438 2591 memorari
2466 2545 2744 2592 autumat.
2770 2539 2950 2594 Dum.

1943 2623 2055 2694 273
2080 2624 2150 2678 V.
2179 2617 2312 2692 αὕτη
2337 2620 2566 2689 Σκυθίας
2593 2619 2704 2679 ἐστὶ
2730 2621 2912 2701 λίμνη.
2936 2620 3058 2703 περὶ
3076 2621 3269 2695 ταύτης
3302 2622 3392 2683 καὶ

1859 2704 2140 2790 Ἡρόδοτος
2172 2709 2384 2789 ἱστορεῖ.
2413 2708 2667 2768 σκοπελὸν
2691 2709 2768 2788 (ἐν
2811 2701 2849 2790 ᾗ
2885 2707 2976 2770 καὶ
3008 2712 3262 2770 σκοπελὸν
3292 2713 3391 2791 6.)

1858 2793 1952 2854 καὶ
1992 2794 2233 2878 νιφόεντα
2274 2794 2603 2880 ψυχρότατον
2639 2796 2722 2855 ἀεὶ
2767 2797 3040 2879 νιφόμενον
3059 2842 3076 2871 ,
3115 2813 3175 2858 et
3218 2800 3395 2860 habet

1860 2885 2109 2962 glossam
2151 2884 2270 2965 ὄρος
2309 2884 2544 2968 Θρᾴκης.
2581 2884 2801 2968 Θρᾴκης
2827 2889 3000 2948 etiam
3041 2888 3262 2948 Suidas.
3289 2895 3394 2950 Est

1862 2992 2003 3030 vero
2026 2974 2222 3032 Ioniae.

1944 3061 2082 3137 275,
2109 3062 2177 3120 31
2209 3056 2271 3118 τὸ
2308 3061 2376 3120 ις’
2410 3065 2791 3121 Hermannus.
2822 3063 2901 3143 τῷ
2939 3066 3003 3131 ις’
3039 3064 3166 3124 Ald.
3192 3096 3274 3110 —
3315 3066 3391 3123 38

1860 3148 2043 3213 αὐταῖς
2061 3153 2131 3207 V.
2168 3180 2241 3192 -
2282 3149 2355 3218 43
2394 3146 2738 3228 παχυνομένη
2766 3150 3134 3227 σωματοειδῶς
3165 3171 3277 3213 om.
3320 3157 3391 3212 V.

1860 3239 1999 3293 Haec
2020 3235 2081 3293 in
2115 3235 2235 3293 Ald.
2266 3236 2377 3306 sic,
2415 3235 2587 3316 δρᾶμα
2632 3234 2866 3317 Νεφέλαι
2900 3234 2993 3296 ἅτε
3033 3236 3087 3305 ἐξ
3126 3236 3273 3318 ἀέρος
3300 3241 3393 3299 καὶ

1859 3321 2154 3401 πνεύματος
2179 3322 2332 3381 οὐσία
2357 3321 2698 3402 παχυνομίνη
2722 3322 3097 3401 σωματοειδής.
3136 3323 3313 3386 ἀέναοι
3335 3324 3392 3384 δὲ

1862 3407 1950 3468 διὰ
1965 3409 2162 3480 παντὸς
2178 3408 2394 3469 νάουσαι
2409 3453 2425 3481 ,
2449 3412 2519 3476 ὡς
2539 3408 2721 3476 ἀέναος
2739 3410 2972 3487 ποταμὸς
2992 3413 3021 3469 ὁ
3044 3412 3394 3481 ἀδιαλείπτως

1864 3497 2013 3580 ῥέων.
2042 3531 2125 3543 -
2156 3506 2228 3567 44
2251 3496 2519 3579 περιόδους
2540 3497 2671 3558 Ald.
2700 3499 2970 3557 Correxit
2990 3498 3206 3577 Spanh.
3225 3502 3393 3562 Conf.

1862 3586 2041 3644 schol.
2057 3591 2234 3664 Vesp.
2251 3607 2383 3659 ²7⁰·
2399 3619 2469 3631 —
2493 3594 2565 3659 47
2586 3606 2671 3664 sq.
2689 3587 2929 3669 ἀρθῶμεν
2950 3582 3004 3644 δὲ
3025 3590 3299 3647 ἀναπ.οιι].
3322 3594 3395 3648 R.

1944 3678 2080 3746 278,
2125 3694 2195 3732 ι2
2225 3672 2316 3732 εἶτ’
2347 3674 2430 3731 ἐπ’
2473 3673 2596 3733 Ὤκ.
2621 3680 2691 3732 V.
2727 3706 2802 3718 —
2850 3674 2920 3732 ι5
2948 3674 3142 3753 δυνηθῇ
3176 3696 3291 3735 om.
3325 3682 3394 3737 V.

1862 3765 1935 3819 G.
1963 3758 2056 3819 ἅτε
2073 3757 2169 3832 τὴν
2190 3763 2389 3819 ἑαυτῶν
2413 3758 2612 3839 γένεσιν
2638 3761 2990 3838 γινώσκουσαι
3026 3761 3172 3832 εὐθὺς
3212 3762 3396 3844 διωρί-

1862 3870 2024 3907 σαντο
2051 3845 2208 3907 πόθεν
2229 3851 2496 3929 εὑρεθῆναι
2519 3846 2691 3917 δεήσει
2710 3853 2782 3906 V.
2805 3882 2884 3893 —
2917 3869 2938 3906 ι
2954 3870 2984 3921 7
3013 3848 3301 3930 βαρυηχέος
3319 3855 3391 3909 V.

1944 3938 2060 3994 280
2088 3937 2148 3994 in
2170 3940 2236 3994 V.
2279 3948 2367 3995 est
2395 3933 2592 4016 ἔφαμεν
2616 3933 2696 3994 ὅτι
2733 3942 2940 4003 τοῖς-
2960 3934 3304 4006 ἐπικάθηνται
3339 3939 3395 3996 αἱ

1860 4020 2074 4103 νεφέλαι
2101 4024 2189 4100 (ιιι
2210 4027 2300 4094 R).
2331 4021 2706 4104 δενδροκόμους
2728 4019 2785 4081 δὲ
2808 4029 2920 4089 ταῖς
2952 4021 3233 4099 κομούσαις
3257 4025 3390 4101 (scr.

1862 4108 2156 4188 κομώσαις)
2184 4118 2436 4191 κορυφαῖς
2463 4117 2568 4177 τοῖς
2595 4108 2841 4190 δένδρεσι.
2878 4111 3183 4192 τηλεφανεῖς
3211 4108 3268 4169 δὲ
3304 4111 3396 4191 ἀφ,ι

1860 4187 1935 4256 ὧν
1960 4229 2031 4242 -
2059 4199 2338 4277 καταφανῆ
2366 4193 2581 4273 γίνεται.

1943 4286 2056 4343 283
2079 4282 2212 4361 ἄγαν
2228 4282 2375 4342 θείων
2398 4282 2572 4343 habet
2590 4288 2657 4349 V.
2671 4296 2728 4342 et
2746 4282 3422 4363 alpinumVictorianus·

1864 4372 2098 4432 videtur
2129 4369 2398 4453 Κρότους,
2427 4369 2548 4449 βοὰς
2568 4373 2883 4450 scripsisse.
2913 4375 3098 4430 Dum.

1945 4461 2081 4533 287,
2109 4461 2184 4527 48
2216 4457 2577 4518 ἀποόαλοῦσαι
2596 4478 2708 4517 om.
2738 4463 2805 4517 V.

1946 4547 2081 4623 289,
2107 4544 2181 4604 52
2199 4546 2456 4611 ἀθανάτας
2485 4549 2867 4605 Ηετωαιωυε.
2897 4542 3159 4615 ἀθανάτης
3182 4544 3310 4604 Ald.
3337 4578 3394 4590 —

1864 4633 1898 4692 3
1937 4633 2235 4712 legebatur
2258 4633 2374 4693 ἀντὶ
2412 4638 2503 4692 τοῦ
2530 4635 2896 4712 ἰπιφανῶμεν,
2932 4629 3299 4712 ἐπισκέψωμεν
3338 4645 3396 4701 et

1866 4734 2001 4800 post
2023 4726 2117 4781 τοῦ
2137 4727 2292 4802 χοροῦ
2314 4721 2637 4781 addebatur
2658 4719 2917 4796 ἕπίδωμεν
2941 4717 3030 4778 καὶ
3059 4718 3393 4801 σκεψώμεθα.

1864 4809 2018 4870 Illud
2053 4810 2388 4890 ἐπιφανῶμιν
2420 4809 2700 4888 glossema
2741 4818 2830 4866 est
2877 4805 3040 4867 verbi
3068 4807 3309 4886 ἀρθῶμεν
3339 4828 3393 4866 ν.

1865 4900 2001 4972 276.
2026 4903 2207 4958 Dum.
2234 4930 2315 4941 --
2340 4906 2373 4966 4
2397 4916 2514 4957 om.
2539 4902 2608 4955 V.

1948 5005 2085 5061 292,
2118 4993 2184 5054 ιι.
2213 4983 2453 5063 μηχαναὶ
2473 4983 2692 5044 addidit
2727 4982 2999 5063 Nagelius
3021 5002 3053 5043 e
3072 4982 3293 5044 scholio
3321 4981 3397 5057 ad,
