3859 5725
311 246 385 299 80

303 369 409 426 τῶν
433 367 696 447 χορευτῶν
717 363 951 425 ἐπείνων.
976 364 1221 446 ἐχορήγει
1244 364 1300 425 δὲ
1330 368 1359 424 6
1384 364 1694 444 Ἀντίμαχος
1714 364 1859 439 τότε,

302 454 390 515 ὅτε
412 454 681 533 εἰσήνεγκε
712 453 773 511 τὸ
793 452 1064 535 ψήφισμα.
1094 455 1144 513 οἱ
1169 451 1226 512 δὲ
1262 451 1503 530 λέγουσιν
1526 452 1606 511 ὅτι
1645 452 1865 525 ποιητὴς

303 543 378 604 ὢν
422 543 580 610 καλὸς
622 546 865 625 χορηγῶν
907 563 1035 600 ποτε
1081 539 1407 623 μικρολόγως
1445 549 1551 608 τοῖς
1590 548 1865 621 χορευταῖς

247 748 275 788 ε
300 632 800 783 ἑχῗὶίῖεῗτέτίελυσεν
821 717 1059 776 ἄδειπνον
1083 735 1100 776 t
1123 716 1443 794 (Ἁπέκλεισε
1465 716 1723 794 δείπνων.)
1749 714 1864 776 ἀντὶ

301 817 396 871 τοῦ
419 805 745 888 ἀπεστέρησε
768 803 885 870 τοὺς
913 801 1125 882 μισθοὺς
1138 845 1156 875 ,
1183 801 1329 862 οὐδέν
1352 825 1444 880 μοι
1468 803 1783 884 ἐχορήγησε.

384 916 505 958 11⁶⁶.
543 892 771 959 τευθίδος
803 912 819 953 :
858 889 1072 964 Τευθὶς,
1111 886 1303 968 πέμμα
1349 892 1745 958 πλακουντῶδες
1774 889 1865 950 καὶ

300 977 434 1052 εἶδος
459 981 640 1064 ἰχθύου
667 978 971 1039 θαλασσίου.
1009 988 1135 1036 Vict.

383 1092 503 1133 11⁶8.
547 1069 761 1138 σίζουσα
794 1087 810 1127 :
842 1066 979 1128 Ἀντὶ
1003 1071 1098 1126 τοῦ
1128 1063 1346 1137 ζίουσα,
1372 1065 1462 1142 (ὡς
1489 1063 1575 1123 ἐπὶ
1598 1067 1865 1143 τηγανιζο-

223 1183 274 1223 ιο
299 1158 499 1239 μένης),
513 1157 662 1218 ποιὸν
685 1147 816 1235 ἦχον
837 1155 1184 1215 ἀποτελοῦσα.
1201 1151 1294 1211 καὶ
1309 1150 1554 1232 ’Όμηρος
1566 1160 1682 1224 [od.
1703 1164 1746 1220 1,
1765 1164 1863 1228 3⁹⁴]

301 1276 325 1301 ιι
353 1248 423 1315 ὣς
439 1251 531 1306 τοῦ
552 1245 648 1315 σίζ’
674 1241 956 1325 ὀφθαλμός.
985 1270 1010 1295 ι·
1038 1240 1273 1323 πάραλος
1296 1239 1350 1298 δὲ
1375 1239 1493 1299 ἀντὶ
1512 1246 1601 1299 τοῦ
1624 1244 1864 1320 παραθα·

294 1335 511 1395 λασσία.
542 1332 577 1405 ἢ
602 1338 635 1405 ἡ
658 1329 808 1413 παρὰ
829 1327 946 1397 τοὺς
966 1327 1098 1397 ἅλας
1126 1328 1360 1406 κειμένη.
1392 1326 1533 1405 (ἐπεὶ
1555 1326 1611 1387 δέ
1635 1327 1726 1385 καὶ
1746 1325 1863 1408 ἱερὰ

295 1427 423 1490 ναῦς
458 1424 562 1481 τῶν
588 1416 870 1489 Ἀθηναίων
898 1414 1149 1494 Πάραλος
1178 1416 1418 1475 καλεῖται
1435 1457 1453 1487 ,
1492 1413 1748 1493 ἐπήνεγκε
1783 1413 1861 1493 τὸ)

295 1508 527 1583 ὀκέλλοι,
555 1507 589 1567 ὅ
603 1509 714 1567 ἐστι
737 1503 1104 1586 προσορμίζοι,
1127 1506 1198 1571 ὣς
1216 1501 1304 1563 ἐπὶ
1321 1500 1465 1570 νεώς.

218 1617 268 1658 1⁶
379 1616 499 1657 11⁶1.
518 1594 764 1667 ἠπιαλῶν
783 1592 886 1673 γάρ
903 1610 918 1651 2
940 1590 1077 1651 ’Ant
1095 1596 1186 1649 τοῦ
1209 1590 1527 1671 ῥιγοπυρέτῳ
1539 1588 1858 1669 περιπεσών.

297 1684 538 1762 (ἠπίαλος
561 1681 663 1763 γὰρ
681 1680 870 1763 κυρίως
887 1684 917 1739 6
940 1676 1075 1756 μετὰ
1100 1677 1270 1761 ῥίγους
1286 1675 1523 1759 πυρετός.
1543 1679 1786 1748 ἠπιαλῶν
1809 1678 1864 1737 δὲ

295 1764 410 1832 εἶπε
436 1771 529 1830 καὶ
554 1770 776 1851 βαδίζων
798 1767 913 1828 ἀντὶ
938 1772 1029 1828 τοῦ
1054 1767 1398 1837 ἠπιαλοῦντες
1415 1764 1506 1824 καὶ
1528 1765 1861 1845 βαδίζοντες.)

296 1858 413 1918 ἀντὶ
440 1864 530 1918 τοῦ
563 1856 838 1938 βαδίζοντα
881 1852 1020 1914 κατὰ
1052 1852 1114 1912 τὸ
1146 1854 1367 1933 ἀρχαῖον
1395 1851 1640 1930 σύνηθες,
1669 1855 1741 1920 ὡς
1766 1851 1863 1925 τὴν

296 1944 561 2029 ἐρωμένην
591 1943 727 2024 ἔχων
763 1942 878 2000 ἀντὶ
908 1946 1002 2001 τοῦ
1037 1940 1248 2021 ἔχοντα.
1278 1951 1336 1999 Β.
1369 1937 1627 2006 ἱππασίας
1663 1939 1719 1998 δὲ
1748 1940 1863 1999 ἀντὶ

213 2050 269 2090 20
292 2041 383 2095 τοῦ
405 2037 623 2103 ἱππικῆς
636 2076 655 2110 ,
675 2035 745 2098 ὡς
766 2029 910 2096 ὄντος
933 2031 1092 2089 αὐτοῦ
1116 2027 1334 2096 ἱππέως.
1357 2026 1448 2086 καὶ
1471 2023 1573 2107 γὰρ
1596 2025 1693 2094 ἕως
1712 2025 1864 2086 έσπέ·

295 2144 388 2202 ρας
414 2118 762 2200 διατρίὸουσιν
793 2119 847 2175 ἐν
868 2121 935 2198 τῇ
959 2114 1242 2196 δοκιμασίᾳ
1268 2118 1316 2173 οἱ
1335 2112 1506 2173 ἵπποι.

376 2226 496 2267 1167.
523 2210 617 2278 τῆς
643 2206 875 2286 κεφαλῆς
900 2202 1160 2284 Ὀρέστης
1192 2224 1207 2263 :
1232 2202 1479 2270 Ἀττικῶς
1506 2200 1623 2260 ἀντὶ
1653 2206 1744 2260 τοῦ
1766 2199 1864 2274 τὴν

293 2293 547 2378 κεφαλήν.
577 2298 605 2353 6
642 2292 697 2353 δὲ
727 2291 985 2372 Ὀρέστης
1010 2283 1157 2358 οὗτος
1183 2287 1626 2371 προσποιούμενος
1661 2287 1862 2370 μωρίαν

289 2383 409 2452 τοὺς
426 2382 709 2465 παριόντας
731 2380 973 2439 ἀπέδυεν.
994 2370 1056 2451 ἦν
1077 2377 1180 2460 γὰρ
1201 2375 1526 2448 λωποδύτης.
1551 2374 1601 2454 (ἢ
1620 2375 1749 2457 πρὸς
1767 2374 1862 2449 τὴν

211 2483 265 2523 2⁶
293 2468 598 2550 ὁμωνυμίαν
623 2467 739 2527 ἀντὶ
757 2472 847 2527 τοῦ
871 2470 900 2525 6
924 2465 1252 2545 μαινόμενος.
1275 2464 1492 2525 πελεθόν
1521 2466 1575 2523 δὲ
1604 2465 1821 2544 βῶλον.)

373 2578 498 2621 1173.
519 2557 674 2639 βάλοι
693 2558 954 2637 Κρατῖνον
983 2575 998 2615 :
1026 2553 1166 2635 Παρ’
1188 2553 1432 2612 ὑπόνοιαν
1446 2550 1587 2632 λέγει
1601 2555 1863 2633 Κρατῖνον

291 2648 353 2707 οὗ
374 2646 467 2706 τὸν
493 2642 738 2717 ποιητὴν,
771 2641 909 2702 ἀλλά
931 2665 1049 2700 τινα
1079 2641 1251 2723 ἕτερον
1280 2638 1511 2709 ἀλαζόνα
1548 2640 1640 2700 καὶ
1668 2639 1862 2721 θρασὺν

293 2733 403 2811 (καὶ
427 2731 754 2811 μαινόμενον)
776 2729 866 2790 καὶ
890 2728 1128 2809 μέθυσον.
1151 2728 1324 2807 (βάλοι
1347 2718 1455 2800 οὖν,
1473 2727 1632 2808 φησὶ,
1657 2734 1861 2803 τοῦτον,

288 2821 377 2881 ἵνα
403 2820 608 2882 πλείοσι
628 2823 808 2886 κακοῖς
829 2815 1090 2900 περιπέσῃ
1117 2814 1435 2894 τυπτόμενος
1464 2814 1554 2875 ὑπ’
1571 2817 1770 2896 αὐτοῦ.)

210 2929 265 2970 30
371 2930 492 2971 1174.
540 2897 612 2985 (ὦ
637 2909 806 2986 δμῶες
828 2927 844 2967 :
875 2904 1126 2988 Κορωνίς.
1151 2902 1444 2986 εἰσέρχεται
1467 2902 1569 2983 γὰρ
1591 2907 1620 2963 6
1643 2908 1863 2986 ὑποκρι-

286 2999 400 3073 τής.
426 2996 517 3057 καὶ
538 2994 679 3056 ἐστιν
703 2994 922 3074 ἰαμὸεῗα
943 2992 1195 3078 τρίμετρα
1221 2991 1587 3065 καταληκτικὰ
1612 2992 1720 3071 ις’.)

373 3105 491 3146 1171.
526 3084 725 3165 (ὀθόνια
759 3101 775 3145 :
822 3080 911 3145 T&
948 3080 1208 3162 λεγόμενα
1244 3078 1394 3162 παρὰ
1425 3081 1616 3161 ἰατροῖς
1649 3079 1860 3161 λυχνιδ-

333 3196 454 3235 ατα.

290 3197 331 3253 μ
369 3176 489 3322 1174).
530 3258 847 3338 (λαμπάδιον
880 3279 897 3319 t
943 3260 1014 3318 Οἱ
1043 3253 1136 3335 μὲν
1172 3254 1233 3315 τὸ
1265 3253 1453 3315 λεπτὸν
1485 3254 1692 3336 ἐρίδιον,
1730 3257 1779 3315 οἱ
1808 3255 1863 3315 δὲ

208 3368 261 3410 85
284 3346 568 3426 ἐπιδέσμου
590 3338 749 3419 εἶδος,
768 3350 816 3406 οἰ
840 3345 896 3404 δὲ
913 3345 1001 3403 τὸν
1019 3343 1255 3425 νάρθηκα
1277 3345 1381 3402 τῶν
1410 3344 1602 3423 ἰατρῶν
1625 3341 1716 3401 τὸν
1739 3365 1864 3422 ναρ-

288 3432 563 3505 θηκίζοντα
588 3433 649 3493 τὸ
682 3431 895 3516 σφυρόν.
923 3434 971 3490 οἱ
1007 3428 1062 3489 δὲ
1096 3429 1164 3489 τὰ
1199 3428 1426 3507 ἔμμοτα.
1484 3424 1863 3509 οἰσυπηρᾲδὲ)

290 3520 455 3602 ῥύπου
480 3518 886 3601 πεπληρωμένα.
910 3515 1102 3590 οἰσύπη
1130 3514 1187 3575 δέ
1206 3518 1318 3574 ἐστι
1340 3514 1401 3573 τὸ
1423 3515 1508 3573 δια
1548 3516 1740 3596 ώρημα
1758 3518 1862 3574 τῶν

284 3607 582 3689 προὸάτων.
611 3617 668 3666 11.
696 3606 1012 3686 (λαμπάδιον
1036 3604 1092 3665 δέ
1118 3600 1454 3680 καταδέσμου
1480 3538 1629 3670 εἶδος.
1654 3601 1775 3683 περὶ
1801 3601 1864 3662 τὸ

288 3695 480 3779 σφυρὸν
503 3693 559 3755 δὲ
580 3695 701 3778 περὶ
718 3699 779 3754 τὸ
805 3697 987 3755 ὀστοῦν
1011 3692 1073 3752 τὸ
1099 3691 1332 3751 κάτωθεν
1355 3694 1446 3748 τοῦ
1469 3689 1664 3767 γόνυος.
1689 3688 1862 3770 χάραξ

209 3804 265 3844 εο
287 3781 344 3843 δέ
372 3785 484 3841 ἐστι
507 3780 656 3851 ξύλον
685 3784 738 3841 ἐν
760 3772 805 3864 ᾧ
827 3780 920 3850 τὰς
942 3778 1215 3859 ἀμπέλους
1235 3778 1532 3855 δεσμοῦσιν,
1551 3774 1688 3836 ὥστε
1708 3775 1862 3836 ἵστα-

289 3876 410 3933 σθαι
440 3871 532 3929 καὶ
558 3869 634 3948 μὴ
663 3869 871 3975 πίρπτειν
902 3871 971 3937 εἰς
993 3867 1090 3940 τὴν
1115 3867 1256 3945 γῆν.)

371 3978 491 4018 1170.
533 3956 812 4043 παλίνορον
839 3954 1163 4027 ἐξεκόκκισεν
1190 3972 1205 4014 z
1241 3949 1558 4033 (Ἐκτραπέν
1576 3953 1669 4023 τῆς
1691 3950 1861 4034 ἅρμο-

289 4044 399 4112 νίας
421 4045 665 4125 ἤχησεν.)
682 4044 1094 4127 παλινόρμητον.
1114 4039 1478 4121 (ἐξεκόκκισεν)
1505 4038 1620 4097 ἀντὶ
1636 4045 1728 4099 τοῦ
1752 4037 1863 4108 ἐξέ-

289 4131 469 4205 6αλεν,
498 4131 788 4203 ἐξέκλασεν.
819 4137 854 4205 ἡ
885 4127 1158 4213 μεταφορὰ
1185 4125 1291 4188 ἀπὸ
1321 4130 1427 4187 τῶν
1462 4124 1682 4186 κόκκων.
1723 4125 1861 4186 θέλει

207 4243 259 4284 ⁴5
285 4218 339 4277 δὲ
369 4220 530 4279 εἰπεῖν
555 4219 775 4280 ἔκλασεν
801 4219 890 4279 τὸν
916 4218 1072 4279 πόδα.
1097 4227 1157 4277 Β.

372 4327 491 4368 1181.
535 4308 627 4367 καὶ
656 4306 867 4388 Γοργόν’
904 4304 1134 4387 ἐξήγειρε
1164 4322 1180 4365 t
1207 4302 1369 4383 (Παρ’
1403 4300 1667 4361 ὑπόνοιαν.
1698 4297 1861 4361 θέλων

286 4388 390 4472 γὰρ
413 4394 577 4454 εἰπεῖν
603 4394 684 4455 ὅτι
707 4393 813 4455 ἀπὸ
837 4398 932 4467 τῆς
956 4395 1164 4472 πληγῆς
1202 4388 1457 4462 κονδύλην
1483 4386 1729 4461 ἐποίησεν
1758 4387 1860 4446 αὐ-

286 4477 415 4545 τὸςὸ
436 4481 695 4563 Λάμαχος
714 4527 731 4556 ,
752 4480 851 4565 ἔφη
866 4528 884 4561 ,
905 4479 1138 4562 Γοργόνα
1163 4477 1475 4558 ἐξήγειρεν.)
1499 4474 1626 4534 ὡσεὶ
1653 4473 1859 4554 ἔλεγεν,

289 4566 482 4647 οἴδημα
510 4570 793 4642 ἀνέστησεν
819 4569 908 4630 ἐπὶ
933 4569 1028 4640 τῆς
1053 4568 1304 4649 κεφαλῆς.

210 4699 264 4740 50
374 4676 509 4720 1182..
538 4658 723 4720 πτίλον
765 4656 821 4717 δὲ
855 4655 917 4717 τὸ
953 4654 1091 4735 μέγα
1127 4674 1144 4715 t
1179 4650 1409 4720 Ἔπαιξε
1449 4649 1660 4735 πλάσας
1693 4648 1860 4728 ὄνομα

289 4749 504 4833 ὄρνιθος·
553 4744 662 4824 (διὰ
698 4745 759 4806 τὸ
787 4742 1062 4826 κομπηρὸν
1086 4746 1181 4802 τοῦ
1209 4738 1494 4819 Λαμάχου.
1518 4737 1776 4820 γράφεται
1803 4734 1860 4796 δὲ

186 4892 207 4904 ,
290 4835 468 4903 οὔτως·
495 4833 680 4893 πτίλου
711 4833 766 4893 δὲ
788 4837 879 4892 τοῦ
912 4829 1146 4909 μεγάλω
1175 4825 1423 4893 πεσόντος
1450 4829 1501 4894 ἐς
1534 4823 1629 4893 τὰς
1661 4823 1860 4905 πέτρας

293 4924 457 4984 δεινὸν
480 4921 634 5000 μέλος
657 4920 846 4995 ἐξηύδα
874 4922 903 4978 6
926 4917 1203 4998 Λάμαχος.
1229 4915 1265 4987 ἢ
1288 4912 1463 4975 πεσὼν
1480 4913 1609 4995 πρὸς
1628 4914 1744 4981 ταῖς
1771 4911 1861 4972 πί·

296 5032 444 5091 τραις
464 5008 665 5093 ἐθρήνει
682 5007 743 5068 τὸ
757 5005 897 5087 μέγα
907 5003 1108 5067 πτίλον.
1189 5001 1408 5070 Ἄλλως.
1428 5000 1611 5061 πτίλον
1625 4999 1761 5080 μέγα
1782 4998 1864 5059 λέ·
1895 5044 1905 5063 .

1281 234 1664 296 SCHOLIA
1716 235 1806 295 IN
1863 235 2539 299 ACHARNENSES.

1946 389 2027 446 γει
2051 365 2150 438 τὴν
2176 366 2589 448 περικεφαλαίαν
2614 369 2799 442 αὗτοῦ,
2819 367 2926 429 ἀπὸ
2944 373 3037 430 τοῦ
3063 371 3117 430 ἐν
3148 368 3282 448 αὐτῇ
3302 376 3513 454 πτεροῦ.

1948 456 2007 513 οὗ
2029 452 2132 535 γὰρ
2167 452 2228 512 τὸ
2262 454 2449 536 πτερὸν
2486 454 2645 515 πεσὸν
2676 457 2749 522 εἰς
2775 454 2972 537 πέτραν
3013 458 3246 536 ἤχησεν,
3277 457 3415 517 ἀλλὰ
3453 458 3516 521 τὸ

1948 539 2135 622 κράνος
2155 543 2216 599 ἐκ
2236 543 2437 620 χαλκοῦ
2460 544 2963 621 κατεσκευασμένον.
2985 542 3266 625 ὑδρορρόαν
3295 543 3351 604 δὲ
3372 544 3515 627 ὕφα-

1949 630 2040 687 λον
2072 628 2289 710 πέτραν,
2321 627 2356 701 ἢ
2384 629 2444 689 τὸ
2466 629 2619 711 μέρος
2647 636 2743 703 τῆς
2769 631 3099 712 στεφανίδος,
3130 634 3195 692 δι’
3220 624 3282 691 οὗ
3318 633 3380 693 τὸ
3406 632 3516 693 ἀπὸ

1952 721 2046 775 τοῦ
2073 714 2274 796 ὄμὸρου
2297 718 2437 799 ὕδωρ
2475 717 2823 796 συναγόμενον
2858 719 3191 800 κατέρχεται.
3220 719 3256 791 ἢ
3284 723 3314 779 6
3341 721 3516 790 στενὸς
3536 736 3564 776 ο

1948 802 2120 870 τόπος.
2152 803 2361 884 λέγεται
2384 802 2439 863 δὲ
2466 805 2558 864 καὶ
2585 803 2892 885 ὓδρόρροιαξ
2925 809 2995 874 ὡς
3022 806 3083 866 τὸ
3111 834 3134 859 α
3169 809 3217 866 οἱ
3241 805 3296 866 δὲ
3323 810 3395 876 εἰς
3419 805 3515 876 τὰς

1950 916 1974 943 α
2006 890 2285 972 ὑδρορρόας
2307 897 2650 960 συνωθοῦντες
2672 891 2887 968 αὐτοὺς,
2915 891 3002 952 διὰ
3033 893 3230 953 τούτων
3254 893 3514 964 ἐσώζοντο

1915 973 2191 1078 Ηζιηεὶςὲιτίις
2216 984 2357 1046 ναῦς.
2387 981 2441 1058 ν)

2032 1083 2155 1124 1188.
2185 1065 2568 1146 κατασπέρχων
2597 1088 2613 1128 :
2655 1064 2935 1147 Σπέρχειν,
2964 1066 3223 1141 σπεύδειν,
3255 1068 3516 1148 χαλεπαί·
3567 1088 3574 1094 ·

1947 1173 2071 1224 νειν,
2101 1157 2418 1231 θυμοῦσθαι,
2447 1154 2703 1232 ἀπειλεῖν,
2732 1154 3107 1236 ταράσσεσθαι.
3149 1165 3292 1214 Vites
3544 1167 3597 1208 ¹0

2031 1260 2150 1300 11⁹0.
2180 1241 2493 1299 ἅτταπαττᾶ
2525 1262 2539 1300 :
2563 1243 2787 1322 Θρηνῶν
2806 1243 3229 1323 παρατραγῳδεῖ.
3257 1243 3518 1323 κατεγχά-

1948 1349 2026 1385 νοι
2054 1327 2110 1385 δὲ
2135 1326 2509 1405 καταγελάσοι.
2538 1328 2964 1410 (ζπαρατηρητέον
2993 1328 3050 1388 δὲ
3082 1328 3162 1389 ὅτι
3198 1329 3514 1402 ἅντιτίθησιν

1949 1404 2136 1481 αὖθιςὸ
2155 1413 2250 1493 μὲν
2277 1414 2344 1472 τὰ
2372 1416 2432 1473 ἐκ
2451 1419 2543 1473 τοῦ
2566 1413 2800 1494 πολέμου
2820 1413 2989 1490 δεινὰ,
3009 1416 3145 1498 ἅπερ
3169 1415 3383 1496 ἔπαθεν,
3409 1422 3437 1476 6
3459 1414 3516 1477 δέ

1950 1500 2084 1582 ἅπερ
2108 1501 2219 1582 ἔχει
2243 1504 2298 1561 ἐν
2329 1499 2506 1582 εἰρήνῃ
2534 1502 2894 1585 χαρμόσυνα.)

1937 1565 2151 1652 vnn&-
2216 1589 2443 1650 κυδώνια
2492 1611 2508 1652 t
2552 1590 2679 1650 ὡσεὶ
2721 1590 2869 1671 ἔλεγε
2914 1594 3088 1670 μῆλα,
3119 1591 3199 1652 ὅτι
3245 1590 3395 1674 παρὰ
3442 1590 3512 1654 τὰ
3543 1612 3594 1654 ιο

1949 1678 2087 1738 ἄλλα
2115 1677 2439 1759 σκληρότερά
2466 1679 2624 1737 ἐστιν.
2654 1691 2714 1738 R.
2738 1688 2928 1738 Victor.

2030 1785 2150 1825 1200.
2191 1755 2237 1824 ὦ
2264 1763 2467 1848 χρυσίω
2499 1786 2515 1826 :
2548 1765 2695 1847 Πρὸς
2721 1764 2814 1833 τὰς
2840 1766 2931 1826 δύο
2952 1765 3146 1849 πόρνας
3169 1765 3331 1847 λέγει.

2029 1872 2151 1913 1201.
2206 1852 2267 1913 τὸ
2321 1852 2705 1935 περιπεταστὸν
2765 1854 3236 1933 κάπιμανδαλωτόν
3298 1874 3315 1915 t
3377 1853 3513 1927 Εἴδη

1947 1940 2257 2022 φιλημάτων
2281 1941 2563 2022 ἐρωτικῶν,
2583 1943 2638 2001 ἐν
2658 1930 2703 2022 ᾧ
2718 1941 2804 2024 δεῖ
2816 1940 2912 2013 τὴν
2943 1943 3182 2019 γλῶτταν
3210 1945 3315 2001 τῶν
3338 1965 3509 2002 κατα-

1945 2027 2231 2109 φιλούντων
2277 2028 2490 2108 λείχειν.
2570 2026 2787 2096 Ἄλλως.
2843 2028 3205 2106 μανδαλωτὸν,
3248 2023 3379 2096 εἶδος
3411 2052 3502 2111 φι-
3539 2046 3597 2088 2⁰

1945 2116 2181 2194 λήματος
2200 2115 2435 2177 ποικίλον
2449 2115 2541 2176 καὶ
2553 2115 2653 2188 ἡδὺ
2666 2161 2683 2192 ,
2706 2117 3049 2199 θηλυδριῶδες
3063 2161 3081 2191 ,
3095 2117 3189 2177 καὶ
3202 2119 3507 2198 κατεγλωτ-

1945 2202 2242 2282 τισμένον.)

2028 2311 2149 2353 120⁶.
2191 2288 2378 2351 ἱππικέ
2408 2289 2654 2372 Λάμαχε.
2680 2302 2740 2351 R.

2030 2399 2150 2441 12⁰8.
2176 2379 2232 2439 τί
2258 2403 2326 2459 με
2367 2379 2430 2439 σὺ
2468 2382 2636 2448 κυνεῖς
2674 2399 2689 2441 :
2728 2377 2903 2441 Ἔνιοι
2938 2379 2993 2439 ἐν
3039 2379 3315 2460 βούλονται
3352 2370 3513 2455 εἶναι,

1945 2464 2031 2527 ἵνα
2052 2460 2089 2549 ᾖ
2110 2471 2139 2527 6
2166 2466 2607 2548 Λάμαχοςλέγων
2633 2467 2761 2548 πρὸς
2781 2469 2870 2527 τὸν
2896 2467 3237 2529 Δικαιόπολιν
3260 2467 3322 2527 τὸ
3336 2513 3352 2542 ,
3374 2468 3428 2527 τί
3448 2492 3515 2547 με
3538 2491 3594 2533 ²⁸

1947 2557 2011 2616 σὺ
2036 2564 2235 2630 κυνεῖς,
2262 2555 2312 2615 τί
2347 2579 2414 2634 με
2439 2556 2503 2614 σὺ
2545 2553 2765 2623 δάκνεις·
2795 2555 2882 2616 ἵνα
2907 2548 2944 2636 ᾖ
2987 2556 3048 2615 τὸ
3079 2560 3238 2616 κινεῖν
3271 2555 3389 2615 ἀντὶ
3419 2562 3514 2616 τοῦ

1947 2645 2160 2705 σαίνειν.
2184 2643 2312 2704 ὡσεὶ
2330 2642 2496 2723 ἔλεγε,
2517 2641 2570 2702 τί
2593 2666 2693 2722 μου
2716 2644 3056 2724 καταπαίζεις
3081 2643 3173 2703 καὶ
3198 2645 3384 2712 λυπεῖς
3403 2667 3471 2723 με
3492 2688 3512 2722 ,

1946 2723 1992 2793 ὦ
2014 2731 2347 2794 Δικαιόπολι.

2030 2841 2154 2883 1210.
2200 2819 2381 2899 (τάλας
2402 2817 2506 2899 ἐγώ
2523 2838 2538 2881 :
2557 2821 2733 2893 Διπλῆ
2762 2817 3000 2903 περίοδος
3020 2818 3344 2895 δεκάκωλος,
3370 2811 3434 2893 ἧς
3453 2818 3516 2881 τὸ

1945 2913 2153 2994 πρῶτον
2183 2907 2359 2987 ὅμοιον
2387 2911 2463 2989 τῷ
2492 2908 2594 2989 πρὸ
2634 2910 2825 2981 αὐτοῦ,
2855 2907 3096 2989 δίμετρον
3123 2909 3511 2980 ἀκατάληκτον.
3537 2929 3594 2971 ao

1946 2998 2007 3057 τὸ
2028 2997 2199 3080 τρίτον
2229 2994 2479 3074 ἰαμὸικὸν
2504 2998 2558 3054 ἐν
2582 2994 2820 3055 εἰσθέσει.
2849 2995 2910 3055 τὸ
2938 2994 3189 3076 τέταρτον
3211 2997 3265 3054 ἐν
3295 2993 3515 3053 εἰσθέσει

1947 3083 2193 3163 ἰαμ6ικὸν
2222 3081 2480 3160 ἡμιόλιον.
2503 3082 2565 3141 τὸ
2591 3081 2834 3159 πέμπτον
2863 3080 3110 3160 ἰαμὸικὸς
3133 3081 3350 3161 στίχος.)

2028 3191 2152 3232 1211.
2200 3174 2305 3236 τοῖς
2333 3169 2505 3231 Χουσὶ
2539 3169 2641 3251 γάρ
2675 3188 2791 3237 τιςε
2829 3169 2986 3229 Ἐπεὶ
3013 3174 3043 3228 6
3079 3168 3339 3248 Λάμαχος
3369 3158 3514 3248 εἰπε,

1946 3258 2209 3336 ξυμὸολῆς
2227 3255 2466 3338 βαρείας,
2495 3256 2779 3334 ἐπήνεγκεν
2802 3259 2831 3315 6
2857 3255 3196 3322 Δικαιόπολις
3218 3254 3514 3335 συμὸολὰς,

1945 3345 2147 3416 παίζων
2174 3345 2302 3425 πρὸς
2324 3343 2420 3416 τὴν
2431 3343 2737 3422 ὁμωνυμίαν
2765 3343 2843 3420 (τὸ
2864 3343 2951 3403 ἐπὶ
2973 3343 3033 3402 τὸ
3061 3345 3267 3403 δεῖπνον
3287 3342 3515 3422 λεγόμε-
3539 3363 3594 3407 ⁸5

1946 3457 2051 3494 νον.
2081 3431 2290 3511 λέγεται
2308 3429 2411 3512 γὰρ
2440 3429 2680 3509 συμὸολὴ
2704 3430 2797 3490 καὶ
2830 3428 2920 3489 ἐπὶ
2963 3429 3169 3491 δείπνου
3197 3436 3287 3490 τοῦ
3316 3433 3379 3491 ἐκ
3405 3454 3517 3491 κοι-

1945 3526 2033 3581 νοῦ
2080 3518 2493 3598 ἐπιτελουμένου·
2546 3519 2631 3587 οῢς
2673 3519 2884 3601 ἐράνους
2920 3518 3164 3602 Ὅμηρος
3202 3527 3316 3593 [od.
3335 3532 3394 3591 A.
3412 3526 3513 3594 κω]

2021 3607 2131 3681 σὶν,

1945 3632 2017 3691 φη
2132 3737 2347 3798 εἰλαπίνη
2368 3738 2424 3798 ἠὲ
2445 3737 2623 3801 γάμος,
2645 3736 2746 3787 ἐπεὶ
2769 3737 3031 3801 οὐκέρανος
3051 3737 3221 3801 τάδεγ*
3245 3737 3409 3801 ἐστίν.)

2028 3878 2149 3920 1213.
2181 3857 2298 3917 ἀλλ’
2339 3857 2460 3938 οὐχὶ
2501 3856 2612 3916 νυνὶ
2654 3855 2882 3939 τήμερον
2934 3878 2949 3919 :
2995 3857 3191 3941 Ἑορτὴ
3247 3858 3512 3933 Ἀθήνησι.
3537 3884 3598 3929 ω

1945 3946 2066 4006 ἐπεὶ
2096 3947 2287 4013 ἐκεῖνος
2315 3946 2541 4007 Παιῶνα
2567 3946 2741 4019 καλεῖ,
2770 3944 2979 4014 ἔπαιξεν
3002 3949 3031 4004 6
3061 3946 3398 4015 Δικαιόπολις
3424 3945 3519 4007 καὶ

1945 4034 2104 4117 φησὶν
2130 4033 2209 4092 ὅτι
2235 4035 2331 4093 οὖκ
2354 4032 2466 4092 ἔστι
2489 4031 2720 4115 σήμερον
2752 4032 2821 4091 τὰ
2857 4031 3121 4095 Παιώνια.
3169 4046 3230 4093 R.
3249 4036 3367 4116 (οὐκ
3404 4033 3518 4094 ἔστι

1930 4145 2029 4182 -σοι
2053 4121 2283 4203 σήμερον
2305 4118 2483 4201 ἡμέρα
2505 4119 2734 4179 παιωνία
2766 4121 2858 4180 καὶ
2886 4121 3101 4200 ὕγιεινή.
3124 4121 3341 4182 ἕκαστον
3366 4120 3422 4182 δέ
3444 4113 3518 4182 ὧν

1945 4214 1975 4269 6
2001 4209 2260 4287 Λάμαχος
2285 4206 2454 4286 λέγει,
2487 4206 2667 4289 τρέπει
2707 4200 2856 4276 οὗτος
2888 4210 2960 4276 εἰς
3003 4208 3238 4270 παιδιάν.
3269 4212 3516 4283 Παιᾶνα,

1944 4294 2122 4377 φησὶν,
2150 4295 2407 4374 ἐπικαλῇ,
2435 4292 2614 4377 ὥσπερ
2641 4295 2738 4355 οὐκ
2765 4293 2913 4363 εἰδὼς
2934 4293 3016 4354 ὅτι
3035 4294 3262 4373 σήμερον
3289 4297 3385 4356 οὔκ
3408 4295 3519 4356 ἔστι
3540 4319 3597 4362 ⁴5

1945 4381 2207 4444 Παιώνια.
2234 4381 2344 4441 ἔστι
2368 4380 2424 4442 δέ
2442 4381 2596 4465 ἑορτὴ
2621 4382 2912 4458 Ἀθήνησιν,
2940 4382 3228 4444 Ἀπόλλωνι
3256 4381 3381 4451 ἴσως
3395 4386 3520 4443 ἀνα·

1943 4469 2180 4549 κειμένη.
2202 4470 2293 4530 καὶ
2310 4468 2562 4531 παιώνιον
2584 4472 2808 4553 ἰατρεῖον
2820 4515 2838 4544 ,
2857 4470 3279 4552 θεραπευτήρων,
3295 4470 3331 4544 ἢ
3351 4469 3519 4542 σωτή·

1946 4583 2054 4642 ριον
2082 4560 2379 4642 φάρμακον.
2417 4560 2510 4619 καὶ
2542 4559 2811 4626 παιωνίοις
2840 4559 2948 4619 τισὶ
2983 4559 3304 4641 φαρμάκοις,
3340 4581 3519 4632 σωτη-

1946 4648 2097 4729 ρίοις,
2116 4651 2456 4730 ἰατρευτικοῗς
2467 4691 2484 4721 ,
2504 4651 2892 4729 θεραπευτικοῖς
2909 4646 3001 4706 καὶ
3022 4644 3365 4728 παρακατιὼν
3381 4649 3520 4728 ἐρεῖ,

1947 4736 2093 4816 (1223)
2110 4780 2126 4809 ,
2156 4764 2183 4789 ι
2203 4734 2509 4795 παιωνίαισι
2534 4733 2708 4818 χερσί.
2747 4735 2791 4813 υ)
3545 4753 3602 4796 ω

2032 4841 2153 4883 121⁴.
2193 4821 2420 4883 λάὸεσθέ
2444 4845 2544 4901 μου
2561 4821 2786 4882 λάὸεσθε
2815 4841 2831 4883 ε
2859 4819 3000 4902 Πρὸς
3015 4819 3117 4889 τὰς
3140 4819 3334 4900 πόρνας
3368 4817 3517 4902 φησί.

1946 4921 2007 4970 11.
2051 4910 2242 4988 (διπλῆ
2293 4908 2384 4968 καὶ
2428 4909 2610 4977 δυάδες
2648 4916 2816 4990 τρεῖς,
2867 4907 3117 4975 δικώλους
3165 4906 3380 4989 ἔχουσαι
3424 4905 3521 4975 τὰς

1946 4995 2215 5080 περιόδους
2231 5041 2248 5070 ,
2270 4995 2326 5067 ἐξ
2350 4996 2545 5076 ἰάμὸου
2569 4996 2848 5080 τριμέτρου
2880 4995 3248 5069 ἀκαταλήκτου
3275 4993 3521 5074 ἐκκειμέ-
