3859 5725
1626 229 1956 293 NUBIUM.

204 364 600 425 definitionem
645 368 975 425 Graecorum
1024 365 1324 443 expressit.
1381 362 1525 422 Vide
1570 362 1743 420 etiam

203 456 365 512 Sext.
409 453 615 530 Empir
658 452 808 511 Adv,
847 451 1121 510 Mathem.
1166 473 1221 530 p.
1260 452 1369 523 66,
1408 449 1511 508 ubi
1542 449 1741 507 eadem

211 544 368 597 Artis
394 539 654 598 definitio
677 539 939 598 traditur.
967 544 1146 598 Kos-r.

292 629 442 703 319,
480 631 555 687 3ο
583 626 821 686 λείπεται
861 627 1061 685 codex.
1093 671 1156 684 ...
1181 627 1252 684 32
1278 623 1340 683 τὸ
1368 621 1424 682 δὲ
1447 621 1743 694 πεπότηται

202 712 433 774 ‹ivri-ro&
443 714 633 787 ἀνέστη
653 714 743 774 καὶ
763 721 830 774 V.
854 735 969 774 om.
990 720 1061 773 R.
1080 761 1143 773 .-
1160 715 1230 771 33
1251 712 1353 785 ἤδη
1374 733 1487 771 om.
1504 717 1574 770 R.
1591 711 1682 788 [V.
1697 710 1744 788 Ρ]

291 802 431 874 3120,
461 805 531 875 37
569 822 687 879 seq.
715 799 863 883 παρὰ
890 800 953 860 τὸ
978 802 1435 883 μεταρσιολεσχεῖν
1461 796 1515 857 δὲ
1533 798 1593 857 τὸ
1616 821 1742 857 στε-

200 890 481 969 νολεσχεῖν
526 888 775 961 εἴληπται
792 934 809 967 ,
844 890 933 948 καὶ
970 888 1031 948 τὸ
1067 888 1230 969 μηδὲν
1256 888 1387 947 ΑΙά.
1410 893 1743 948 Correctum

202 978 700 1056 praeeunteSuida
722 997 765 1035 s.
794 979 1184 1055 Στενολεσχεῖν.
1206 1022 1267 1033 -
1289 978 1362 1034 38
1383 975 1442 1034 τὸ
1466 996 1744 1054 μεταρσιο-

201 1065 418 1144 λεσχεῖν
446 1110 511 1123 ..
536 1063 959 1142 ἀπολογήσονται
986 1085 1100 1122 om.
1116 1064 1349 1136 Suidas.,
1372 1064 1474 1142 qui
1497 1082 1743 1140 sequen-

206 1153 289 1210 tia
313 1152 601 1229 excerpsit
632 1172 676 1210 s.
696 1153 1067 1227 Λεπτολογεῖν.

260 1242 333 1298 32
348 1240 491 1298 ιάντὶ
506 1246 595 1298 τοῦ
611 1260 726 1299 om.
742 1253 801 1298 et
814 1239 1044 1321 συνάψας
1062 1239 1480 1317 ροεῑᾶντιθεῖναι
1496 1239 1660 1316 ponit
1672 1243 1739 1296 R.

260 1330 376 1386 323
394 1372 411 1402 ,
440 1329 515 1386 50
535 1326 695 1405 βλέπε
711 1333 801 1387 νῦν
824 1325 1036 1405 ἡσύχως
1058 1326 1199 1406 δευρὶ
1217 1326 1348 1408 πρὸς
1368 1325 1461 1398 τὴν
1485 1324 1742 1405 Πάρνηθα

200 1421 273 1474 V.
288 1419 428 1476 ..51
461 1417 677 1497 Πάρνης
701 1415 756 1474 δὲ
773 1415 889 1498 ὄρος
905 1419 998 1487 τῆς
1017 1415 1273 1485 Ἀττικῆς.
1289 1420 1445 1474 τοῦτο
1473 1414 1562 1474 καὶ
1592 1417 1742 1496 ἀρσε·

202 1508 364 1572 νικῶς
385 1502 615 1582 λέγεται,
639 1506 710 1571 ὥς
727 1503 817 1578 τὸ,
845 1506 897 1570 ἐς
921 1503 1149 1585 κόρακας
1176 1501 1286 1574 ἥξω
1312 1501 1482 1582 φέρων
1509 1526 1568 1561 τε
1592 1503 1744 1582 δεῦρο

202 1592 296 1651 τὸν
323 1592 583 1673 Πάρνηθα
604 1588 744 1650 ὅλον·
765 1589 857 1651 καὶ
877 1593 1114 1662 θηλυκῶς
1132 1591 1202 1655 ὡς
1221 1592 1444 1649 ἐνταῦθα
1461 1591 1581 1649 Ald.
1604 1596 1745 1665 Quae

204 1684 479 1738 Musurus
494 1679 870 1757 interpolavit
891 1698 958 1737 ex
979 1677 1271 1755 Stephano
1291 1681 1422 1754 Byz.
1445 1697 1489 1734 S.
1515 1676 1742 1758 ΙΙάρνης.

290 1768 427 1839 324,
460 1787 490 1838 7
511 1765 649 1824 πάνυ
677 1765 870 1825 πολλαί
894 1785 1010 1823 om.
1031 1770 1118 1839 V.,
1143 1765 1245 1843 qui
1266 1764 1476 1823 deinde
1498 1763 1588 1823 καὶ
1614 1765 1744 1823 loco

202 1853 336 1935 πρὸς
361 1854 804 1933 praepositionis,
822 1898 887 1911 ...
910 1874 948 1930 9
965 1850 1033 1912 τὰ
1062 1851 1193 1935 ὑπὲρ
1212 1855 1316 1912 τῶν
1332 1852 1651 1933 κρινομένων
1674 1857 1744 1910 V.

292 1944 429 2015 327,
462 1962 479 1997 1
497 1943 553 1999 5-
572 1944 644 1999 23
665 1961 778 2000 om.
802 1946 869 2001 V.
895 1943 1015 2023 ὁρᾷς
1046 1938 1203 2008 αὐτὰς
1236 1937 1477 2013 δηλονότι
1496 1945 1566 1998 R.
1586 1981 1651 1994 -
1675 1940 1744 1998 16

205 2027 520 2095 κολοκύνθας
541 2034 610 2088 R.

291 2118 428 2191 328,
457 2118 532 2174 26
560 2117 845 2197 κατέχουσι
867 2119 939 2176 G.
962 2116 1222 2175 Verbum
1254 2137 1370 2175 om.
1394 2122 1466 2176 R.

292 2205 397 2262 331
414 2249 432 2281 ,
464 2205 540 2260 28
564 2201 814 2285 σοφιστὰς
836 2203 1040 2270 πάντας
1063 2203 1183 2269 τοὺς
1209 2200 1650 2280 πεπαιδευμένους
1673 2208 1743 2262 V.

212 2292 282 2348 31
312 2288 574 2371 ἀγορεύειν
598 2292 723 2349 Ald.
746 2296 1084 2351 correctum
1109 2312 1178 2349 ex
1200 2292 1378 2351 Suida
1396 2312 1441 2349 s.
1465 2290 1747 2372 Σοφιστής,

211 2378 311 2455 qui
342 2375 745 2460 προσαγορεύειν
774 2376 1007 2462 ὤκνησεν
1049 2377 1180 2459 (sic)
1211 2376 1365 2437 οὕτω.
1394 2421 1457 2437 ..-
1479 2381 1550 2448 34
1582 2401 1748 2436 κατα-

210 2469 512 2545 χρηστικῶς
529 2467 751 2526 Suidas.
777 2468 1106 2548 καταχωρῶν
1127 2467 1257 2525 Ald.
1276 2513 1339 2525 .-
1366 2468 1440 2525 35
1468 2465 1744 2525 ἐπὶΒὶηά.

209 2552 432 2611 addidit
455 2574 527 2613 ex
549 2553 729 2612 Suida
746 2596 763 2625 ,
803 2555 905 2630 qui
933 2553 1019 2612 ἐπὶ
1048 2577 1109 2612 π.
1137 2552 1328 2632 τέχνης
1354 2552 1529 2612 ἔλαὸε.

294 2642 439 2712 332,
466 2650 540 2709 4ο
566 2639 673 2699 ἀπὸ
698 2639 755 2699 δὲ
786 2647 878 2702 τοῦ
906 2648 1109 2720 γενικοῧ
1134 2644 1392 2722 προῆλθεν
1422 2643 1494 2708 εἰς
1514 2638 1580 2700 τὰ
1608 2641 1746 2700 ἰδικά

208 2733 280 2786 V.
307 2733 448 2788 Cum
480 2730 610 2788 Ald.
633 2732 918 2789 consentit
934 2732 1141 2790 Suidas
1168 2752 1212 2789 s.
1236 2730 1750 2812 Θουριομάντεις.-

211 2827 243 2886 4
259 2838 282 2875 1
306 2838 428 2897 sqq.
450 2823 521 2878 V.
553 2818 728 2878 habet
745 2816 866 2887 τοὺς
894 2820 966 2887 εἷς
985 2818 1209 2902 Θούριον
1242 2817 1570 2900 πεμφθέντας
1592 2817 1746 2881 πόλιν

209 2906 459 2974 Σικελίας
485 2906 634 2989 παρὰ
653 2907 935 2980 Ἀθηναίων
960 2907 1047 2966 ἐπὶ
1064 2912 1141 2989 τῷ
1167 2906 1346 2966 κτίσαι
1372 2906 1555 2979 αὗτήν.
1576 2952 1642 2966 ...
1671 2917 1744 2977 42

209 2992 303 3054 καὶ
329 2994 476 3060 τίνας
499 3016 614 3053 0111.
639 2996 863 3054 Suidas.
880 3040 944 3055 ..
965 3003 1042 3072 49
1063 3008 1196 3073 post
1215 2993 1444 3075 Θουρίας
1470 2996 1747 3075 Stephani

211 3084 475 3160 Byzantii
519 3083 699 3143 verba
759 3083 827 3163 (s.
869 3081 1105 3165 Θούριοι)
1159 3083 1404 3142 inseruit
1458 3087 1746 3155 Musurus,

208 3168 424 3250 ὕστερον
447 3168 503 3228 δὲ
532 3170 711 3230 Ἀπίαι
741 3169 980 3250 (Κωπίαι
1017 3191 1109 3249 ap.
1136 3170 1380 3248 steph).
1412 3168 1622 3251 λέγεται
1655 3171 1744 3230 καὶ

207 3257 414 3338 Θουρία
433 3257 523 3316 καὶ
542 3256 768 3340 Θούριον
786 3281 800 3295 ·
826 3261 897 3324 ὡς
918 3259 972 3316 ἐν
986 3261 1063 3338 τῷ
1081 3256 1365 3338 Ἡροδότου
1384 3258 1747 3340 ἐπιγράμματι

207 3373 234 3397 «ι
249 3343 537 3426 Ἡρόδοτον
564 3344 748 3415 Λύξεω
775 3344 994 3427 κρύπτει
1019 3345 1161 3415 κόνις
1185 3345 1280 3418 ἥδε
1304 3348 1556 3418 θανόντα,
1582 3346 1747 3414 Ἰάδος

205 3432 435 3514 ἀρχαίης
460 3436 726 3514 ἱστορικῆς
762 3438 1049 3514 πρῦτανιν,
1099 3432 1343 3516 Δωριέων
1383 3434 1587 3515 πάτρης
1618 3437 1748 3515 βλα-

206 3520 386 3580 στόντ’
412 3521 519 3580 ἄπο
534 3567 551 3595 ,
589 3523 669 3602 τῷ
702 3519 801 3603 γὰρ
825 3520 1056 3593 ἄπλητον
1093 3525 1278 3599 μῶμον
1312 3520 1744 3603 ὖπεκπροφυγὼν,

206 3607 435 3690 Θούριον
474 3599 602 3690 ἔσχε
640 3607 908 3692 πάτρην.»
950 3607 1012 3667 τὸ
1040 3608 1237 3667 ἔθνικὸν
1273 3609 1565 3687 ὁμωνύμως
1595 3608 1745 3671 Θού-

208 3717 334 3776 ριοι,
357 3696 447 3754 καὶ
467 3696 774 3776 Θουριακοί.
801 3696 891 3754 καὶ
912 3698 1163 3777 Θουρῖνος
1181 3685 1314 3762 οἶνος
1330 3740 1346 3770 ,
1370 3697 1440 3763 ὣς
1466 3697 1741 3777 Στράὸων.

208 3782 520 3848 Παυσανίας
549 3782 605 3840 δὲ
634 3780 872 3843 Ἄνθειαν
898 3781 1061 3854 αὐτὴν
1087 3783 1254 3842 καλεῖ.
1289 3830 1351 3842 ..
1388 3783 1462 3841 50
1505 3783 1744 3859 μάντεων

208 3870 524 3929 Ernestius.
584 3872 653 3935 εἰς
682 3869 912 3951 Θουρίαν
944 3870 1071 3930 Ald.
1095 3914 1160 3928 ...
1187 3872 1292 3928 1-3
1331 3869 1505 3929 habet
1537 3873 1744 3931 Suidas

203 3975 252 4013 s.
275 3953 494 4036 Ἰατρός,
523 3959 629 4034 qui
652 3969 784 4035 post
803 3954 970 4038 ἀέρων
994 3957 1157 4015 addit
1174 3956 1354 4037 ὀρέων.
1380 3963 1481 4016 Est
1502 3959 1744 4019 sortasse

205 4041 598 4121 dittographia
640 4043 1015 4123 praecedentis
1063 4044 1345 4103 vocabuli.
1394 4051 1572 4104 Dum.
1600 4091 1665 4105 ..
1706 4048 1740 4105 5

203 4130 633 4208 κεκοσμημένους
664 4137 730 4190 V.
765 4177 828 4191 ...
863 4153 893 4204 7
920 4130 1196 4211 ἐπιμελείᾳ
1219 4136 1290 4190 G.
1314 4176 1379 4189 .-
1403 4136 1438 4189 8
1469 4131 1655 4199 αὐτοὺς
1683 4135 1742 4193 ἐκ

201 4219 298 4275 τοῦ
351 4217 722 4294 έγκαλύπτίιν,
764 4239 802 4295 9
831 4216 978 4298 μόνοι
1010 4223 1078 4277 V.
1105 4218 1434 4277 «Tibicines
1473 4220 1741 4298 inteiligit

205 4303 541 4381 Lessingius
569 4306 632 4362 in
660 4308 936 4383 Epistolis
960 4307 1323 4383 antiquariis,
1350 4326 1443 4383 ep.
1469 4308 1561 4364 23.
1588 4309 1740 4367 Vide

203 4391 355 4450 Plin.
378 4395 452 4450 H.
480 4397 551 4452 N.
580 4394 676 4467 37,
709 4395 764 4453 3.
783 4420 809 4447 υ
845 4398 1044 4453 Eunu.

290 4481 427 4550 333,
444 4501 467 4537 1
484 4503 525 4539 1.
569 4486 660 4539 De
691 4482 1005 4541 Philoxeno
1030 4495 1271 4560 propter
1290 4495 1615 4561 temporum
1638 4506 1733 4544 ra-

3247 240 3362 292 ⁴²9

1833 360 2173 438 hujusmodi
2217 360 2578 420 locutionum
2625 362 2890 441 exempla
2942 380 3014 420 ex
3062 361 3365 421 Philoxeni

1832 448 2213 526 dithyrambis
2241 461 2612 526 cognossent,
2648 449 2719 508 ad
2764 450 2885 507 haec
2912 450 3196 529 respicere
3228 451 3364 509 Ari-

1830 538 2168 614 stophanem
2192 536 2590 613 conjecerunt,
2613 555 2783 615 quem
2804 539 3191 616 antiquiorum
3217 556 3363 615 poe-

1831 638 2020 682 tarum
2049 624 2202 682 dicta
2233 625 2292 682 in
2327 636 2515 682 mente
2544 624 2812 684 habuisse
2844 637 3169 702 temporum
3213 625 3363 683 ratio

1831 710 2020 770 docet.
2045 715 2200 769 Nam
2215 710 2559 769 Philoxenus
2587 731 2705 788 quo
2730 724 2990 790 tempore
3010 710 3204 770 Nubes
3227 723 3364 769 acta:

1830 811 1964 856 sunt
1989 798 2289 857 duodecim
2323 819 2608 856 annorum
2645 818 2791 876 puer
2832 801 2953 859 suit.
2994 804 3171 859 Dmn.
3199 846 3262 859 ...
3287 802 3359 858 13

1829 889 2095 946 κυκλικῶν
2121 894 2217 963 V.,
2242 889 2343 966 qui
2372 887 2826 967 ᾀσματοκάμπτας
2847 886 2921 960 δὲ,
2949 887 3030 947 ὅτι
3057 909 3172 947 om.
3199 935 3261 946 -.
3290 899 3357 959 14

1831 975 1918 1036 διὰ
1943 975 2000 1035 δὲ
2021 984 2090 1037 V.
2116 1024 2181 1036 .-
2202 998 2222 1034 1
2240 998 2269 1050 7
2299 975 2378 1035 διὸ
2408 974 2499 1033 καὶ
2519 976 2648 1034 Ald.
2680 988 2736 1033 et
2773 978 2996 1035 Suidas.
3025 999 3066 1034 s.
3094 976 3359 1037 Κυκλίων.

1906 1087 1981 1143 19
2001 1063 2298 1146 προσελθὼν
2323 1065 2523 1141 μᾶλλον
2550 1067 2663 1122 αὐτ.
2694 1069 2764 1122 V.
2787 1111 2849 1121 ..
2871 1084 2943 1121 22
2959 1062 3050 1129 τὰς
3070 1064 3204 1124 κατὰ
3222 1067 3367 1145 Φρῦ-

1830 1176 1908 1211 νιν
1929 1174 2044 1212 om.
2070 1159 2134 1212 V.
2165 1199 2228 1212 ...
2262 1161 2332 1221 24
2357 1151 2446 1210 καὶ
2469 1152 2639 1210 Καλλ.
2673 1156 2744 1209 V.
2773 1197 2836 1210 ...
2866 1156 2938 1210 26
2971 1151 3117 1211 νόθαι
3138 1154 3364 1212 Suidas.

1831 1243 2168 1301 Callimachi
2215 1240 2390 1299 verba
2429 1259 2544 1297 om.
2578 1244 2647 1296 V.
2687 1285 2752 1297 .-
2793 1261 2864 1310 27
2900 1240 3367 1322 διθυραμὸοποιοὺς

1830 1335 2209 1390 Hei-mannus.
2245 1325 2703 1410 ᾀσματοκάμπτας
2742 1328 2900 1407 φησὶν
2938 1331 3098 1388 addit
3125 1338 3194 1390 V.
3227 1355 3364 1411 καμ-

1829 1415 1964 1484 maz<
1985 1421 2055 1478 G.
2075 1423 2143 1476 R.
2165 1460 2223 1472 .-
2256 1417 2330 1475 35
2355 1437 2466 1497 φεν.
2486 1412 2586 1495 γάρ
2607 1416 2720 1473 ἐστι
2742 1415 2803 1474 τὸ
2830 1419 3036 1476 ἀπατᾶν
3063 1425 3130 1477 V.
3156 1420 3227 1498 [Ρ]

1912 1507 2049 1579 335,
2065 1508 2138 1564 38
2153 1504 2390 1565 λείπεται
2406 1509 2475 1561 G.
2489 1548 2549 1559 ...
2569 1504 2643 1579 39
2663 1501 2718 1561 δὲ
2735 1504 2790 1560 ἐν
2810 1504 3143 1585 διθυράμὸοις
3161 1513 3228 1566 V.
3248 1531 3365 1591 στρ.

1831 1589 1887 1650 δὲ
1909 1591 2006 1663 τὴν
2033 1613 2148 1651 om.
2174 1598 2243 1651 R.
2264 1638 2329 1649 ..
2355 1600 2429 1660 4ο
2456 1588 2643 1668 αἴγλην
2677 1596 2746 1649 V.
2776 1604 2835 1649 et
2860 1593 3087 1651 SuidaS.
3124 1615 3166 1653 s.
3201 1597 3368 1677 Στρε-

1830 1677 2111 1756 πταίγλαν.
2132 1669 2273 1736 εἶπεν
2300 1698 2415 1736 non
2439 1678 2591 1736 clare
2613 1678 2910 1755 scriptum.
2928 1724 2994 1738 ...
3012 1681 3085 1750 45
3107 1701 3191 1759 sq.
3215 1690 3368 1743 τοῦτο

1832 1765 1887 1823 δὲ
1898 1764 2664 1847 Φιλόξενοςὸδιθυραμὸοποιὸς
2680 1756 2823 1826 εἶπεν
2857 1769 2911 1826 ἐν
2937 1767 3244 1852 διθυράμὸῳ
3265 1772 3369 1831 τινί

1831 1860 1903 1915 V.
1927 1867 2006 1928 et,
2026 1855 2253 1912 omissis
2268 1855 2322 1911 ἐν
2343 1850 2647 1934 διθυράμὸῳ
2664 1853 2787 1927 τινὶ,
2808 1855 3030 1914 suidas·
3046 1903 3108 1915 ...
3131 1861 3204 1926 46
3220 1851 3368 1925 οὗτος

1834 1944 2213 2002 Hermannus.
2251 1941 2406 2008 αὐτὸς
2447 1943 2578 2000 Ald.
2610 1987 2672 2001 ..
2695 1942 2772 2000 48
2817 1942 3061 2016 τοιαύτης
3089 1951 3160 2004 V.
3195 1994 3258 2007 -.
3291 1958 3367 2024 49

1833 2029 1920 2089 διὰ
1981 2030 2042 2088 τὸ
2082 2027 2499 2111 ἐξεστραμμένον
2546 2030 2774 2089 Suidas.
2830 2034 2909 2112 τῷ
2962 2029 3367 2116 ἑξεστραμμένῳ

1832 2119 1962 2178 Ald.
1998 2115 2390 2199 ἕξεστραμμένη
2426 2114 2514 2175 διὰ
2542 2114 2639 2188 τὴν
2668 2123 2739 2176 V.
2762 2164 2828 2176 ..
2854 2121 2930 2176 50
2954 2119 3152 2180 τούτων
3180 2127 3286 2182 τῶν
3310 2128 3366 2184 ἐν

1833 2206 2062 2268 Suidas.
2103 2204 2314 2264 ἐκείνων
2350 2206 2405 2263 ἐν
2432 2210 2501 2263 V.
2532 2202 2735 2276 ἐκείνην
2759 2207 2812 2263 ἐν
2841 2210 2910 2264 G.
2931 2211 3194 2268 Correxit
3218 2213 3368 2272 Din-

1833 2293 1984 2352 dorf.
2013 2314 2087 2353 ex
2107 2293 2329 2351 scholio
2355 2297 2703 2351 Ravennate.
2726 2292 2781 2350 ἐν
2811 2300 2917 2360 τοῖς
2969 2296 3230 2366 συνθέτοις
3250 2322 3364 2360 om.

1832 2385 1929 2453 V.,
1960 2380 2133 2439 habet
2153 2379 2363 2439 Suidas
2389 2398 2519 2437 cum
2546 2378 2725 2437 schol.
2749 2384 2892 2438 nav.
2914 2425 2979 2438 -.
3008 2404 3031 2440 1
3056 2384 3223 2445 ἑνικὸν
3242 2392 3367 2447 Do-

1833 2467 2042 2527 braeus.
2064 2463 2173 2531 ἑνὸς
2199 2465 2327 2524 Ald.

1915 2558 2052 2629 336,
2077 2556 2112 2613 5
2131 2559 2202 2613 V.
2228 2552 2405 2612 habet
2448 2550 2712 2634 συστροφὴ
2732 2552 2924 2629 ἀνέμου
2964 2559 2999 2627 ἡ
3037 2554 3228 2618 θύελλα
3252 2608 3313 2621 -
3332 2564 3366 2620 6

1834 2644 1950 2702 ἀντὶ
1986 2648 2078 2702 τοῦ
2114 2662 2229 2701 0111.
2258 2648 2327 2702 R.
2356 2646 2423 2699 V.
2454 2686 2515 2699 ...
2553 2660 2584 2713 7
2616 2636 2822 2722 λαύρως
2862 2645 2961 2715 V.,
2993 2645 3092 2721 qui
3131 2646 3168 2703 8
3207 2650 3366 2727 μέσον

1832 2730 2000 2790 ἱστίον
2025 2752 2138 2789 om.

1918 2822 2055 2893 337,
2078 2840 2150 2879 ιο
2182 2844 2234 2902 γ.
2259 2817 2316 2878 δὲ
2343 2816 2462 2886 τοὺς
2482 2818 2755 2898 πλαγίους.
2781 2816 2923 2897 λέγει
2952 2817 3006 2880 δὲ
3035 2820 3126 2891 τὰς
3154 2824 3370 2908 νεφέλας

1833 2914 1904 2969 V.
1928 2930 2036 2966 —1
2052 2911 2084 2967 3
2102 2909 2261 2967 addit
2281 2909 2404 2967 Ald.
2428 2906 2702 2986 Ὅμηρος,
2724 2908 3026 2969 οἰωνοῖσίτε
3048 2921 3201 2972 πᾶσι.
3218 2936 3316 2973 ..1
3333 2927 3368 2986 4

1834 3001 2137 3078 ἀερονηχεῖς
2163 2996 2220 3056 δὲ
2241 2994 2337 3066 τὰς
2361 3002 2432 3054 V.

1917 3088 2052 3161 339,
2075 3087 2148 3143 23
2171 3084 2289 3143 ἀλλ’
2307 3086 2355 3142 οἱ
2380 3081 2478 3161 μὲν
2495 3082 2590 3150 τὰς
2612 3082 2838 3142 suidas,
2860 3104 2905 3142 5.
2930 3086 3190 3166 Κεστρᾶν.
3208 3136 3273 3150 ...
3290 3101 3362 3161 24

1832 3175 1881 3231 οἱ
1919 3171 1977 3231 δὲ
2011 3174 2071 3230 οὐ
2099 3170 2320 3245 ταύτας,
2357 3168 2492 3229 ἀλλά
2510 3194 2564 3229 τι
2586 3170 2829 3252 διάφορον
2851 3169 2980 3230 ἄλλο
2995 3172 3143 3250 γένος
3171 3178 3365 3258 ἰχθύων

1833 3259 2056 3319 SuidaS.
2084 3304 2147 3317 ...
2168 3262 2241 3318 25
2269 3258 2487 3338 κεστρὰς
2518 3256 2576 3316 δέ
2601 3259 2845 3317 καλοῦσιν
2880 3260 3024 3338 ἰχθῦς
3057 3285 3106 3320 τ.
3137 3285 3190 3323 κ.
3211 3272 3280 3325 V.
3304 3310 3367 3321 .-

1836 3368 1910 3424 29
1933 3345 1987 3405 δὲ
2005 3354 2074 3407 V.
2099 3350 2280 3428 πυρῶν
2311 3347 2534 3405 Suidas.
2565 3367 2608 3404 s.
2639 3348 2912 3426 Κεστρᾶν,
2956 3352 3126 3409 πισῶν
3159 3374 3204 3411 s.
3255 3358 3367 3416 Tg.

1834 3435 2007 3516 μάχη.
2023 3441 2233 3493 Parum
2254 3448 2519 3494 accurate
2538 3433 2634 3493 hic
2653 3437 3055 3511 grammaticus
3073 3444 3365 3522 praecipit:

1832 3539 1988 3583 recte
2020 3524 2378 3600 Phrynichus
2411 3544 2466 3601 p.
2496 3544 2562 3580 21
2595 3546 2609 3580 z
2647 3522 2897 3603 Τέμαχος
2942 3525 3106 3604 κρέως
3153 3527 3188 3600 ἢ
3229 3534 3367 3591 uxa-

1831 3617 2044 3678 κοῧντος
2062 3609 2097 3682 ἢ
2118 3610 2275 3692 ἄρτου
2301 3613 2396 3671 οὐκ
2414 3613 2577 3692 ὀρθῶς
2604 3613 2711 3690 ἐρεῖ
2733 3634 2838 3685 τις,
2869 3612 3006 3673 ἀλλὰ
3022 3615 3181 3695 τόμος
3200 3619 3367 3700 κρέως

1830 3698 1865 3770 ἢ
1893 3701 2215 3765 πλακοῦντος
2229 3721 2241 3735 ·
2276 3696 2411 3758 τὸδὲ
2434 3697 2664 3778 τέμαχος
2695 3696 2851 3775 μόνον
2883 3700 2969 3759 ἐπὶ
3004 3704 3180 3783 ἰχθύος
3215 3706 3366 3781 λέγι-

1831 3809 1937 3844 ται.
1963 3836 2026 3846 -
2052 3789 2237 3864 30-39
2261 3786 2344 3844 sic
2383 3786 2443 3843 in
2471 3792 2541 3844 V.
2567 3787 2796 3865 κιχηλᾶν
2822 3784 2878 3844 δὲ
2902 3787 3019 3848 ἀντὶ
3046 3797 3139 3851 τοῦ
3163 3796 3363 3873 κιχλῶν

1833 3873 2089 3951 δηλονότι.
2127 3876 2569 3953 καταχρηστικῶς
2608 3871 2700 3932 καὶ
2729 3872 2812 3931 ἐπ’
2836 3875 3051 3954 ὀρνίθων
3076 3877 3203 3958 κρέα
3231 3871 3363 3949 εἶπε.

1833 3960 2037 4041 βέλτιον
2058 3951 2147 4021 οὖν
2172 3963 2618 4042 καταχρηστικῶς
2640 3960 2795 4020 αὐτὸν
2819 3962 2972 4041 (αὐτὸ
2999 3965 3090 4043 G.)
3109 3971 3200 4024 νῦν
3220 3967 3362 4027 ἐκδέ-

1828 4054 2017 4130 χεσθαι
2037 4048 2128 4108 καὶ
2159 4052 2245 4131 ὑφ’
2267 4048 2322 4108 ἓν
2343 4048 2717 4127 ἀναγινώσκειν
2735 4051 3140 4131 κρεατορνίθεια,
3159 4051 3245 4112 ἵνα
3267 4056 3365 4133 μό-

1828 4161 1912 4204 νος
1935 4135 2279 4215 μνημονεύειν
2302 4137 2431 4215 δοκῇ
2460 4144 2574 4203 ταῖς
2607 4135 2845 4218 νεφέλαις
2875 4140 3362 4219 προσοικειωμένων

1827 4271 1888 4283 ..
1905 4227 2140 4293 πτηνῶν.
2173 4229 2325 4281 τοῦτο
2359 4222 2411 4282 δὲ
2441 4225 2513 4290 εἰς
2529 4222 2647 4290 τοὺς
2675 4224 3062 4302 εὐωχουμένους
3091 4229 3144 4286 ἐν
3167 4251 3364 4309 πρυτα-

1826 4311 1947 4390 νείῳ
1975 4308 2445 4391 διθυραμὸοποιοὺς
2474 4310 2630 4369 τείνει
2673 4310 2764 4370 καὶ
2801 4311 2929 4392 πρὸς
2953 4310 3072 4379 τοὺς
3107 4316 3362 4394 ἑστιωμέ-

1825 4420 1944 4465 νους
1964 4396 2112 4481 παρὰ
2145 4405 2255 4463 τοῖς
2284 4398 2532 4479 χορηγοῖς
2557 4397 2770 4476 μάντεις
2812 4399 2904 4457 καὶ
2942 4399 3357 4480 χρησμολόγους.

1906 4490 2051 4559 344,
2091 4508 2112 4544 1
2141 4477 2230 4546 οὖν
2272 4484 2370 4545 ὅσα
2424 4488 2501 4559 έν,
2554 4488 2587 4545 3
2628 4488 2848 4551 έστῶτες
2874 4486 2964 4545 καὶ
2990 4487 3359 4569 κρυπτόμενοι,

207 4567 425 4626 tionem
447 4569 688 4645 cogitari
708 4590 826 4627 non
851 4590 1021 4648 posse
1041 4570 1292 4629 ostendit
1313 4572 1563 4629 Meinek.
1589 4573 1735 4631 nist.
1828 4584 1861 4644 4
1882 4573 2102 4647 ἠκούετο
2121 4581 2214 4648 V.,
2236 4610 2301 4623 -
2322 4575 2356 4631 5
2382 4582 2714 4633 καταστᾶσαι
2734 4580 2804 4632 G.
2835 4572 3000 4651 μήπω
3022 4579 3089 4634 V.

205 4658 371 4714 Com
398 4677 454 4733 p.
487 4657 595 4733 89,
644 4658 746 4735 qui
791 4658 865 4716 de
899 4658 1121 4718 Cinesia
1161 4677 1396 4735 quoque
1423 4657 1651 4717 dubitat
1676 4680 1732 4737 p.

1906 4665 2038 4734 346,
2064 4666 2098 4722 8
2120 4661 2353 4741 γίνεσθαι
2368 4667 2679 4739 om.V.-9
2693 4658 2983 4737 διηγήσατο
2999 4667 3093 4734 V.,
3112 4665 3212 4742 qui
3229 4686 3359 4745 per-

203 4742 343 4800 228.
370 4748 572 4821 ltaque
598 4745 743 4804 illud
762 4766 997 4824 quoque
1022 4746 1223 4803 falsum
1253 4758 1341 4804 est
1370 4745 1529 4822 quod
1555 4747 1732 4805 schol.
1820 4752 1906 4830 git
1934 4773 1994 4809 π.
2026 4749 2127 4831 γὰρ
2154 4752 2281 4809 ἰδεῖν
2311 4749 2472 4830 φησὶν
2499 4748 2955 4833 παρωμοιωμένας
2983 4748 3133 4818 ζώοις
3157 4753 3294 4813 τισὶν
3320 4754 3355 4828 ἢ

201 4830 279 4889 ad
294 4850 347 4889 v.
368 4833 480 4890 335
497 4832 845 4892 vocabulum
860 4833 1241 4917 στρεπταίγλαν
1260 4833 1335 4892 ab
1348 4835 1733 4911 Aristophane
1820 4846 1998 4920 φυτοῖς
2019 4835 2055 4910 ἢ
2078 4838 2474 4916 ἀθθρωποειδεῖς
2494 4833 2825 4917 γινομέναςῆ
2847 4836 3015 4909 ἄλλην
3039 4839 3154 4899 τινὰ
3172 4841 3353 4900 τοιαύ-

202 4938 277 4977 ex
304 4919 623 4979 Philoxeno
666 4922 861 4980 afferri
906 4922 1112 4983 credit.
1156 4926 1398 4981 Errores
1441 4935 1633 4982 autem
1672 4925 1731 4984 hi
1817 4949 1911 4998 της
1935 4924 2107 5007 ὄψεως
2129 4922 2304 4984 εἰκόνα
2331 4925 2636 5006 φαινούσας·
2660 4923 2818 5007 φησὶν
2841 4915 2949 4985 οὖν.
2973 4964 3038 4978 -
3064 4934 3133 4996 14
3156 4928 3354 4990 τούτων

201 5007 636 5067 scholiastarum
664 5011 902 5069 sortasse
922 5030 995 5069 eo
1030 5022 1161 5069 sunt
1191 5012 1305 5069 orti
1338 5010 1522 5088 quod,
1551 5032 1729 5089 quum
1818 5012 1875 5072 δὲ
1904 5012 2076 5090 μόνων
2107 5011 2460 5090 ἱμνημόνευσε
2487 5012 2557 5073 δι’
2582 5003 2677 5089 ὃν,
2713 5015 2782 5073 16
2810 5013 3019 5092 λέγεται
3046 5021 3117 5081 V.
3173 5038 3183 5047 ·
