3859 5725
377 214 494 287 276
1529 238 1906 302 SCHOLIA
1964 245 2055 306 IN
2098 247 2404 313 RANAS.

373 358 466 417 καὶ
492 358 769 441 τρυφηλός.
813 407 886 417 -
921 364 1284 445 Κενταυρικῶς
1311 385 1327 427 :
1366 366 1501 427 Δίαν
1532 369 1751 452 ἀγρίως,
1784 372 1936 446 δίκην
2024 376 2204 440 ὕπνου.
2225 383 2296 442 Θ.
2322 394 2431 449 Br„
2472 394 2596 443 Vict-
2621 386 2674 457 ἐξ
2704 388 2890 453 ὕπνου.
2918 406 2984 453 Ε.
3014 396 3079 457 τὸ
3110 398 3407 485 ἐξηγρόμην
3431 407 3580 490 λέγει

373 446 708 528 Κενταύρων.
737 451 807 511 Θ.
833 450 1088 521 ἀτάκτως.
1130 464 1257 513 Vict.
2025 464 2223 535 δεικνὺς
2251 469 2425 543 αὐτὸν,
2453 472 2532 531 ὅτι
2556 475 2796 557 ὀνείρατα
2822 481 3127 562 φθέγγεται.
3157 506 3216 553 Ε.

449 554 523 596 ³9.
568 535 706 604 ὅστις
733 558 746 597 :
771 529 899 599 ’Ἦν.
943 551 1069 599 Vict.
1098 542 1227 623 πρός
1247 568 1365 603 τινα
1387 547 1491 604 τῶν
1521 549 1706 607 ἑαυτοῦ
1733 548 1936 609 παίδων
2101 575 2171 613 53.
2214 555 2309 629 τὴν
2347 559 2690 640 Ἀνδρομέδαν
2724 587 2740 627 :
2781 570 2930 647 (Τῶν
2964 574 3262 637 καλλίστων
3308 582 3602 663 Εὐριπίδου

367 622 522 682 τοῦτό
547 647 725 705 φησιν,
749 624 897 686 οὔπω
923 632 1015 701 τῆς
1042 630 1200 712 θύρας
1222 633 1531 712 ἀνοιγείσης.
1560 654 1688 703 Vict.
2023 640 2200 721 δρᾶμα
2226 649 2259 715 ἡ
2292 645 2645 729 Ἀνδρομέδα.)
2677 652 2764 711 διὰ
2802 655 2853 713 τί
2886 657 2940 717 δὲ
2975 659 3051 736 μὴ
3084 662 3215 723 ἄλλο
3258 691 3310 725 τι
3345 673 3449 729 τῶν
3491 670 3600 752 πρὸ

313 738 341 775 5
446 740 514 781 ⁴0.
558 724 588 779 6
604 723 764 799 παῖςτ
791 723 861 785 Ὁ
885 725 1129 794 Διόνυσος
1149 727 1286 788 νεύει
1306 729 1434 812 πρὸς
1451 730 1538 791 τὸν
1564 732 1816 805 Ξανθίαν,
1840 734 1935 795 καὶ
2021 727 2196 809 ὀλίγον
2212 732 2559 813 &Saleium
2586 739 2677 799 καὶ
2701 746 2898 819 καλῶν,
2930 746 3250 830 Ὑψιπύλης,
3268 758 3595 833 Φοινισσῶν,
3624 783 3651 821 5

367 806 512 886 λέγει
551 812 1015 893 μειρακευόμενος,
1051 819 1120 882 ὣς
1157 816 1417 887 δείσαντος
1446 819 1600 878 αὐτὸν
1627 825 1720 880 τοῦ
1758 821 1932 903 Ἡρα·
2020 813 2318 893 Ἀντιόπης
2357 828 2391 894 ἦ
2442 823 2496 882 δὲ
2525 825 2641 886 Ἀνδ
2676 829 2842 907 ομέδα
2880 835 3048 919 ὀγδόῳ
3086 837 3193 898 ἔτει
3226 849 3594 923 προεισῆλθεν.

367 894 564 965 κλέους.
594 899 816 959 καθόλου
844 899 946 981 γὰρ
981 908 1210 965 τοιοῦτον
1248 905 1515 984 εἰσάγουσι
1546 907 1634 966 τὸν
1663 907 1929 984 Διόνυσον,
2019 905 2140 961 ἀλλ’
2162 908 2221 965 οὔ
2252 913 2623 985 συκοφαντητὰ
2686 941 2714 974 ν
2741 917 2809 976 τὰ
2833 929 3069 983 τοιαῦτα.

364 989 435 1054 ὡς
463 985 590 1045 ὄντα
617 987 805 1062 δειλὸν,
848 990 1025 1068 (μόνον
1055 988 1111 1050 δὲ
1150 994 1567 1073 καυχηματίαν).
1606 1027 1672 1036 --
1702 998 1731 1054 6
1757 998 1881 1064 παῖς
1912 1018 1926 1059 :

363 1063 438 1133 Ὦ
458 1079 577 1135 παῖ.
608 1088 672 1136 E.

289 1195 337 1234 ιο
443 1192 515 1232 ⁴1.
561 1171 636 1250 μὴ
661 1172 871 1251 μαίνοιό
897 1198 957 1253 γε
983 1196 997 1236 :
1024 1175 1252 1256 Δίδυμος
1275 1178 1390 1238 ἀντὶ
1418 1185 1508 1239 τοῦ
1526 1225 1543 1256 ,
1578 1179 1652 1257 μὴ
1689 1180 1923 1257 μανείης.

360 1259 712 1342 πιθανώτερον
734 1260 788 1321 δὲ
808 1244 922 1323 ἀντὶ
940 1270 1029 1323 τοῦ
1043 1310 1059 1337 ,
1081 1264 1315 1324 ὑπέλαὸέ
1333 1290 1392 1325 σε
1413 1267 1690 1345 μαίνεσθαι
1708 1272 1736 1327 6
1756 1268 1923 1350 Ἥρα-

360 1349 507 1420 κλῆς.
631 1348 849 1417 Ἄλλως.
889 1352 964 1430 μὴ
996 1351 1133 1412 οὕτω
1162 1354 1407 1433 μανείης,
1442 1358 1514 1422 ὡς
1546 1356 1832 1415 ᾗπολαὸεἵν
1866 1381 1925 1416 σε

358 1434 447 1494 τὸν
475 1436 746 1519 Ἡρακλέα
776 1439 1086 1520 φοὸηθῆναι.
1354 1516 1368 1525 ί

436 1554 508 1597 ιο.
552 1536 642 1597 ἐπὶ
663 1543 914 1620 κροκωτῷ
941 1560 956 1600 :
986 1540 1328 1600 Διονυσιακὸν
1352 1539 1557 1622 φόρεμα
1586 1545 1615 1601 6
1641 1541 1920 1622 κροκωτός.

286 1643 334 1682 15
363 1623 535 1705 ἐφόρει
564 1625 619 1684 δὲ
646 1627 879 1698 λεοντῆν,
907 1624 994 1685 ἵνα
1021 1619 1059 1706 ἦ
1086 1627 1302 1709 φοὸερὸς
1327 1632 1399 1696 ὥς
1433 1628 1720 1712 Ἡρακλῆς.
1753 1630 1923 1711 Ἡρα-

355 1712 537 1780 κλέους
559 1710 662 1795 γὰρ
686 1712 889 1795 φόρεμα
908 1719 942 1786 ἡ
967 1717 1170 1788 λεοντῆ.
1305 1715 1612 1799 [κροκωτῷ,
1640 1718 1920 1800 γυναικείῳ

355 1803 416 1859 ἔκ
442 1800 614 1874 πήνης
640 1800 938 1883 ἐνδύματα]
961 1836 1041 1850 —-
1066 1804 1348 1887 γυναικείῳ
1376 1804 1629 1883 ἐνδύματι
1667 1809 1727 1865 ἐκ
1755 1806 1920 1884 μετά-

356 1886 462 1961 ξης.
488 1890 560 1950 Θ.
589 1900 655 1948 Ε.

430 1997 502 2038 47.
542 1976 621 2046 τίς
642 1981 671 2037 6
692 1981 809 2046 νοῦς
828 1978 945 2038 ἀντὶ
968 1986 1058 2040 τοῦ
1083 1980 1137 2041 τί
1158 1986 1187 2042 6
1210 1987 1326 2050 νοῦς
1354 1981 1490 2042 θέλει
1517 1973 1669 2044 εἶναι.
1696 1996 1761 2043 V.
1787 1984 1917 2044 ποία

273 2091 326 2130 20
353 2063 573 2126 διάνοια.
600 2065 664 2126 G}

431 2161 671 2242 κόθορνος
700 2181 715 2222 :
745 2160 899 2229 Τινὲς
926 2161 1006 2222 ὅτι
1035 2167 1064 2223 6
1086 2164 1326 2249 κόθορνος
1354 2170 1425 2234 εἰς
1458 2166 1781 2249 ἀμφοτέρους
1796 2173 1916 2239 τοὺς

350 2249 515 2318 πόδας
542 2248 786 2330 ἁρμόζει,
812 2253 860 2309 οῖ
890 2249 945 2310 δὲ
971 2250 1051 2311 ὅτι
1087 2254 1307 2335 ἀνδράσι
1339 2254 1431 2314 καὶ
1458 2255 1686 2334 γυναιξὶν
1715 2257 1915 2338 ἁρμότ-

348 2363 444 2398 τει.
475 2338 636 2417 (ἔνθεν
662 2339 754 2398 καὶ
794 2341 1116 2420 Θηραμένης
1148 2341 1388 2423 κόθορνος
1415 2343 1649 2420 ἐλέγετο,
1685 2342 1767 2403 ὅτι
1807 2354 1915 2414 τοῖς

350 2429 548 2509 καιροῖς
573 2429 875 2506 καθομιλεῖν
913 2427 1146 2489 δύναται.
1177 2434 1206 2490 6
1234 2429 1288 2489 δὲ
1315 2432 1565 2513 Ξενοφῶν
1589 2434 1644 2492 ἐν
1668 2432 1913 2507 Ἑλληνι-

270 2539 321 2578 25
354 2521 461 2585 κοῖς
496 2517 575 2595 [2,
602 2536 656 2589 a,
693 2518 769 2596 31]
796 2515 1108 2598 ἀμφοτέροις
1138 2519 1244 2585 τοῖς
1276 2517 1431 2578 ποσὶν
1471 2520 1719 2601 ἁρμόζειν
1755 2522 1911 2582 αὐτόν

347 2626 528 2685 φησιν.
573 2603 923 2676 ἐκπλήττεται
963 2604 1018 2663 δὲ
1060 2607 1089 2663 6
1128 2603 1405 2686 Ἡρακλῆς
1432 2611 1565 2686 δρῶν
1591 2608 1687 2679 τὴν
1717 2609 1910 2670 ἄτοπον

345 2689 544 2763 ταύτην
572 2691 783 2764 σκευὴν,
814 2690 906 2751 καὶ
933 2689 1014 2750 ὅτι
1039 2690 1107 2751 τὰ
1149 2691 1350 2770 ἄμικτα
1393 2693 1585 2772 ἔμιξεν.
1623 2700 1652 2755 6
1681 2695 1775 2775 μὲν
1807 2696 1907 2778 γὰρ

345 2778 606 2858 κροκωτὸς
636 2780 726 2839 καὶ
750 2783 779 2838 6
806 2777 1045 2860 κόθορνος
1072 2781 1345 2859 γυναικεῖά
1363 2784 1539 2857 'ze-tw,
1565 2787 1600 2856 ἡ
1631 2784 1687 2843 δὲ
1721 2787 1906 2858 λεοντῆ

343 2868 434 2928 καὶ
460 2867 521 2927 τὸ
551 2867 776 2951 ῥόπαλον
803 2869 1048 2948 ἀνδρῷα.)

264 2996 317 3034 30
424 2985 499 3026 48.
545 2963 861 3024 ἑπεὸάτευον
903 2963 1203 3024 Κλεισθένει
1251 2985 1268 3026 τ
1312 2966 1518 3037 Παίζει.
1559 2967 1768 3048 λέγεται
1803 2970 1906 3051 γὰρ

342 3055 431 3114 καὶ
456 3053 544 3113 ἐπὶ
570 3051 696 3118 νεὼς
738 3051 799 3111 τὸ
832 3051 1161 3112 ἐπιὸατεύειν
1196 3054 1289 3114 καὶ
1324 3054 1413 3114 ἐπὶ
1450 3057 1726 3126 συνουσίας
1765 3059 1905 3119 κατὰ

343 3139 643 3224 μεταφορὰν
682 3144 787 3199 τῶν
827 3138 1031 3219 ἀλόγων
1068 3140 1234 3223 ζῴων,
1267 3141 1303 3200 ἃ
1340 3143 1677 3205 ἐπιὸαίνοντα
1718 3170 1905 3208 συνου-

341 3229 525 3301 σιάζει.
645 3226 866 3296 Ἄλλως.
888 3229 1205 3303 Κλεισθένης
1231 3232 1903 3318 ὁΣιὸυρτίουέτι-ἀῖσχρό-

337 3341 457 3389 τητι
496 3318 848 3397 κωμῳδεῖται.
878 3308 942 3388 ἦν
972 3316 1026 3375 δὲ
1054 3319 1191 3386 λεῖος
1217 3318 1279 3378 τὸ
1313 3319 1535 3400 γένειον·
1570 3322 1650 3382 διὸ
1685 3324 1776 3383 καὶ
1810 3327 1901 3384 εὐ-

258 3439 310 3478 35
339 3405 510 3486 νούχῳ
539 3404 733 3473 εἰκάζει
770 3402 941 3465 αὐτόν.
1070 3403 1307 3482 (Ἄλλως.
1340 3407 1430 3466 τὸν
1466 3409 1782 3483 Κλεισθένην
1809 3412 1901 3472 καὶ

337 3494 425 3553 ἐπὶ
460 3499 551 3553 τοῦ
579 3500 889 3572 πασχητιᾶν
918 3493 1277 3574 κωμῳδοῦσιν.
1319 3496 1562 3577 ἐμφαίνει
1598 3489 1688 3556 οὖν
1735 3499 1816 3559 ὅτι
1853 3505 1899 3561 εἰ

336 3580 474 3642 κατὰ
490 3579 768 3663 στρατείαν
783 3579 1109 3657 ἀπεδήμουν,
1126 3580 1263 3659 μετὰ
1278 3584 1618 3654 Κλεισθένους
1634 3584 1697 3646 ἂν
1718 3589 1900 3670 ἐστρα-

333 3668 621 3747 τευσάμην.
664 3665 756 3726 καὶ
801 3666 863 3726 τὸ
903 3667 1220 3729 ἐπεὸάτευον
1269 3669 1480 3745 ἐκείνω,
1528 3674 1896 3754 κακεμφάτως.

333 3755 694 3840 ἐστρατήγησε
723 3753 775 3813 δὲ
799 3755 986 3814 νεωστὶ
1012 3756 1105 3815 καὶ
1126 3756 1362 3830 ἐνίκησεν
1378 3783 1405 3818 ο
1439 3762 1569 3840 τος.)

253 3885 308 3921 ευ
415 3878 486 3918 ιο.
531 3852 893 3931 κατεδύσαμεν
930 3874 946 3915 :
985 3853 1342 3935 Ἐὅυθίσαμεν
1371 3862 1443 3927 εἰς
1474 3859 1569 3933 τὴν
1603 3859 1893 3924 θάλασσαν.

338 3956 554 4010 Victor.

405 4062 476 4102 51.
521 4040 637 4122 σφὼ
660 4037 723 4111 νὴ
754 4038 843 4099 τὸν
863 4039 1135 4103 Ἀπόλλωε
1161 4042 1469 4122 Θαυμάζων
1503 4046 1611 4124 (καὶ
1629 4049 1888 4126 ἀπιστῶν)

327 4128 470 4208 λέγει
498 4132 528 4187 6
543 4128 813 4209 Ἡρακλῆς
836 4126 897 4187 τὸ
925 4128 1061 4209 σφώ.
1086 4129 1218 4199 τινὲς
1242 4130 1298 4191 δὲ
1321 4136 1394 4201 εἰς
1417 4133 1507 4194 τὸν
1530 4134 1771 4196 Ἀπόλλω
1800 4138 1892 4197 δύο

325 4216 555 4286 στίζουσι
576 4213 668 4275 καὶ
694 4217 765 4283 εἷς
792 4214 851 4274 τὸ
866 4214 1179 4298 ἐξηγρόμην.

244 4339 295 4380 ⁴5
403 4303 521 4395 κᾷτ’
549 4310 701 4389 ἔγωγ’
732 4310 1026 4393 ἐξηγρόμην
1056 4334 1070 4373 :
1101 4313 1348 4374 Σκώπτει
1381 4315 1469 4375 τὸν
1498 4316 1767 4380 Διόνυσον.
1797 4322 1888 4379 καὶ

323 4400 457 4483 ἐγὼ,
481 4400 656 4484 φησὶν,
677 4399 897 4472 ἀνέστην
927 4400 981 4470 ἐξ
1005 4401 1201 4485 ὀνείρου
1220 4426 1234 4440 ·
1254 4405 1427 4476 δηλῶν
1453 4404 1533 4463 ὅτι
1561 4406 1689 4488 ὄναρ
1718 4414 1886 4468 ταῦτα

321 4487 564 4573 ἔπραξεν.
596 4491 644 4547 οἱ
668 4486 725 4547 δέ
762 4511 920 4570 φασιν
949 4493 1020 4557 ὣς
1044 4493 1071 4547 6
1095 4488 1341 4559 Διόνυσος
1369 4498 1537 4552 ταῦτα
1565 4493 1736 4574 λέγει,
1768 4487 1888 4579 κᾷτ’

321 4577 473 4655 ἔγωγ’
508 4574 822 4655 ἐξηγρόμην,
847 4580 918 4644 ὡς
948 4581 1052 4636 τῶν
1087 4577 1326 4652 ἐπίτηδες
1351 4581 1685 4662 ψευδομένων
1709 4587 1883 4646 ἐπιλε-

317 4665 513 4731 γόντων
536 4670 715 4737 τοῦτο,
739 4665 857 4722 καθ’
884 4663 912 4724 ὃ
940 4665 1189 4737 δηλοῦται
1213 4664 1294 4725 ὅτί
1320 4667 1546 4750 ἐνυπνίῳ
1569 4669 1705 4730 ἔοικε
1723 4672 1783 4732 τὸ
1797 4676 1881 4733 λε-

236 4777 291 4817 no
321 4752 553 4830 γόμενον.
612 4754 659 4811 οἱ
688 4749 744 4811 δὲ
766 4755 842 4832 τῷ
875 4752 1134 4834 Ἡρακλεῖ
1159 4755 1514 4836 προσνέμουσι
1541 4762 1799 4842 τοῦτο,ξοὶ
1826 4761 1879 4821 δὲ

316 4844 391 4919 τῷ
429 4838 652 4918 -ανθίφ
698 4839 790 4898 καὶ
836 4839 923 4911 τὸ,
947 4840 1011 4912 νὴ
1057 4840 1145 4902 τὸν
1185 4842 1463 4921 Ἀπόλλω,
1509 4847 1586 4926 τῷ
1623 4847 1877 4930 Διονύσῳ.

317 4926 473 5005 μόνον
503 4926 610 5008 ’γὰρ
645 4925 708 5010 τζ)
737 4926 853 5008 σφώ
888 4929 1059 5007 λέγειν
1093 4930 1181 4991 τὸν
1223 4931 1551 5014 Ἡρακλῆι]
1579 4969 1656 4979 -
1693 4934 1809 5016 σφώ
1860 4958 1874 4996 t

315 5016 498 5094 Ὑμεῖς
547 5018 595 5073 οἱ
638 5016 968 5094 θηλυμανεῖς.
1015 5015 1309 5098 ἐξηγρόμην
1353 5040 1368 5080 2
1404 5018 1790 5103 Ἐξηγειρόμην
1825 5023 1878 5093 ἐξ

2097 1012 2168 1052 54.
2212 995 2439 1067 ἐπάταξε
2472 1021 2487 1059 :
2521 998 2778 1074 Ἔπληξε.
2821 1023 2944 1089 [sict.

2095 1099 2167 1141 55.
2213 1083 2395 1165 μικρὸς
2417 1086 2597 1158 ἡλίκος
2624 1090 2820 1150 Μόλων
2846 1114 2860 1153 :
2893 1095 3121 1172 (Παίζει.
3148 1098 3260 1160 ἔστι
3285 1103 3389 1186 γὰρ
3418 1130 3595 1186 μεγα-

2014 1166 2256 1246 λόσωμος
2278 1176 2307 1230 6
2336 1174 2550 1238 Μόλων.
2674 1178 2915 1260 Ἄλλως.)
2945 1184 3174 1265 Δίδυμός
3201 1213 3357 1270 φησιν
3386 1193 3469 1254 ὅτι
3492 1197 3589 1257 δύο
3622 1217 3673 1256 ιο

2014 1254 2263 1326 Μόλωνές
2299 1264 2447 1335 εἰσιν,
2468 1268 2495 1323 6
2519 1267 2799 1349 ὑποκριτὴς
2822 1271 2913 1329 καὶ
2932 1276 2960 1332 6
2989 1275 3318 1351 λωποδύτης·
3333 1282 3427 1341 καὶ
3444 1290 3592 1361 μᾶλ-

2012 1345 2101 1403 λον
2125 1345 2214 1405 τὸν
2239 1350 2547 1427 λωποδύτην
2574 1354 2743 1434 λέγει,
2772 1358 2827 1426 ὅς
2849 1362 2959 1419 ἐστι
2985 1364 3169 1444 μικρὸς
3196 1367 3254 1426 τὸ
3277 1374 3454 1449 σῶμα.
3486 1377 3588 1435 Τι-

2013 1433 2249 1512 μαχίδας
2276 1436 2331 1497 δὲ
2357 1439 2447 1498 τὸν
2474 1445 2761 1524 ὑποκριτὴν
2785 1447 3030 1525 λέγεσθαι
3053 1453 3166 1511 νυνὶ
3196 1456 3445 1519 Μολωνα.

2089 1541 2158 1580 5ο.
2202 1528 2444 1601 γυναικὸς
2474 1531 2533 1588 οὐ
2582 1533 2714 1603 δῆτα
2771 1554 2787 1594 t
2836 1535 2992 1605 Τινὲς
3041 1539 3149 1600 ἀπὸ
3198 1549 3293 1602 τοῦ
3336 1536 3587 1624 γυναικὸς

2010 1608 2267 1685 ἀμοιὸαἶα
2292 1622 2526 1690 ποιοῦσι,
2547 1619 2683 1688 τινὲς
2704 1619 2758 1680 δὲ
2783 1621 2904 1683 ὅλον
2927 1627 3057 1706 φασὶ
3077 1627 3168 1687 τὸν
3193 1630 3463 1714 Ἡρακλέα
3486 1638 3584 1698 λέ-
3618 1659 3668 1698 15

2006 1719 2135 1774 γειν,
2168 1700 2502 1781 λογιζόμενον
2533 1706 2671 1776 τίνος
2702 1710 2908 1790 ἠράσθη
2940 1713 3207 1785 Διόνυσος.
3238 1726 3333 1780 τοῦ
3362 1722 3417 1781 δὲ
3447 1729 3584 1785 Διο-

2007 1780 2161 1843 νύσου
2190 1787 2425 1858 εἰπόντος
2450 1791 2510 1849 τὸ
2539 1795 2794 1870 ἀτταταῖ,
2828 1801 2857 1855 6
2881 1798 3154 1880 Ἡρακλῆς
3178 1807 3462 1871 ὑποπτεύει
3486 1815 3584 1871 ἀν-

2006 1870 2122 1951 δρὸς
2148 1875 2433 1955 ἐρασθῆναι
2462 1881 2800 1951 Κλεισθένους
2827 1884 2915 1944 τὸν
2942 1888 3214 1953 Διόνυσον.

2083 1981 2152 2021 57.
2199 1962 2448 2042 (ἀτταταί
2472 1989 2487 2028 :
2516 1970 2782 2051 Γράφεται
2811 1976 3081 2037 ἀππαπαί.
3110 1978 3196 2038 διὰ
3235 1981 3421 2044 τούτου
3452 2010 3580 2066 συγ-

2004 2051 2359 2128 καταθεμένου
2395 2060 2488 2114 τοῦ
2517 2057 2768 2119 Διονύσου
2809 2061 2903 2121 καὶ
2941 2067 2970 2121 6
2999 2063 3276 2147 εῙιΙρακλῆς
3301 2071 3575 2151 ἐπήνεγκε,
3608 2090 3665 2131 20

2004 2134 2080 2212 μὴ
2115 2144 2208 2198 τοῦ
2241 2142 2613 2217 Κλεισθένους,
2644 2148 2732 2205 διὰ
2761 2149 2849 2223 τὸ,
2877 2151 3196 2235 ἐπεὸάτευον
3223 2158 3572 2241 Κλεισθένει.)

2004 2258 2081 2268 -
2108 2224 2375 2306 ξυνεγένου
2408 2251 2422 2291 :
2456 2234 2705 2313 Αἷσχρῶς
2734 2236 2956 2310 ἡνώθης.
3004 2252 3129 2301 Vict.

2080 2333 2152 2375 58.
2202 2317 2279 2391 (οὐ
2312 2316 2416 2400 γὰρ
2445 2320 2563 2379 ἀλλ’
2602 2320 2711 2401 ἔχω
2752 2329 2930 2394 κακῶς
2968 2347 2983 2388 :
3030 2327 3168 2388 Ἇντὶ
3209 2337 3303 2391 τοῦ
3349 2336 3573 2420 καὶγὰρ

1998 2400 2155 2460 ἀλλά.
2184 2401 2245 2461 τὸ
2273 2403 2411 2463 ἀλλὰ
2438 2407 2692 2489 παρέλκει
2716 2410 2979 2481 Ἀττικῶς.
3018 2415 3136 2475 ἀντὶ
3163 2423 3283 2492 τοῦ,
3319 2420 3430 2501 ἔχω
3464 2424 3567 2507 γὰρ

1997 2490 2211 2566 κακῶς.)
2250 2529 2319 2539 -
2347 2489 2567 2562 Ἄλλως.
2616 2499 2677 2556 οὐ
2723 2497 2824 2581 γὰρ
2859 2501 2997 2560 ἀλλά
3039 2502 3156 2563 ἀντὶ
3192 2512 3284 2566 τοῦ
3331 2510 3424 2569 καὶ
3459 2511 3562 2594 γὰρ
3592 2534 3658 2574 25

1997 2573 2154 2634 ἀλλά.
2183 2577 2536 2661 Καλλίμαχος
2562 2610 2588 2635 α
2636 2585 2694 2643 οὐ
2722 2584 2825 2666 γὰρ
2854 2589 2971 2646 ἀλλ’
3004 2588 3140 2660 ἥκω.
3181 2618 3205 2645 υ
3241 2606 3309 2653 V.
3355 2599 3415 2657 οὐ
3465 2597 3566 2677 γὰρ

1995 2662 2148 2721 τοῦτό
2168 2666 2296 2726 ἐστι.
2333 2682 2386 2729 G.
2417 2670 2478 2728 οὐ
2505 2667 2610 2751 γὰρ
2638 2669 2824 2733 τούτου
2853 2676 3120 2755 ἐπιθυμῶ,
3145 2678 3175 2739 δ
3197 2680 3396 2761 λέγεις·
3427 2686 3566 2746 ἀλλὰ

1994 2755 2170 2819 κακῶς
2193 2750 2317 2833 ἔχω.
2348 2776 2410 2821 D,
2674 2836 2684 2843 .

2073 2859 2142 2899 ιο.
2186 2842 2438 2920 ἐπιθυμία
2465 2842 2500 2917 ἢ
2531 2844 2734 2926 ἀγάπη.
2782 2858 2845 2906 V.

2071 2946 2142 2988 ει.
2185 2930 2250 2985 δι’
2280 2932 2535 3011 αἰνιγμῶν
2562 2954 2578 2995 :
2611 2934 2747 2994 Ἀντὶ
2773 2942 2863 2995 τοῦ
2901 2938 2969 2998 δι’
2993 2941 3265 3022 ἀσαφείας.
3300 2955 3359 3003 R.
3383 2957 3452 3005 V.
3478 2951 3561 3009 αἶ·
3586 2965 3653 3010 ⁸⁰

1993 3012 2278 3091 νιγμάτων.
2294 3019 2364 3078 Θ.

2072 3121 2143 3160 03.
2190 3102 2364 3173 ἔτνους
2390 3126 2404 3166 :
2435 3108 2696 3188 Ὀσπρίου
2720 3109 2946 3173 πισίνου.
2984 3118 3053 3182 ὥς
3082 3117 3352 3199 ἀδηφάγον
3386 3119 3446 3181 δὲ
3472 3123 3560 3183 τὸν

1990 3184 2260 3268 Ἡρακλέα
2281 3195 2614 3275 κωμῳδοῦσι.
2635 3197 2713 3274 (τὸ
2750 3197 2806 3256 δὲ
2833 3198 2975 3268 ἔτνος
2998 3193 3130 3271 εἶδος
3153 3205 3394 3287 ἀθάρας.)
3482 3209 3559 3292 [οἱ

1989 3272 2045 3333 δὲ
2070 3278 2293 3358 ἀνδρεῖοι
2313 3279 2405 3338 καὶ
2428 3281 2558 3363 πρὸς
2578 3281 2670 3351 τὰς
2688 3283 2868 3363 μάχας
2882 3291 3176 3367 θαυμαστοὶ
3200 3292 3345 3361 ἔτνος
3364 3297 3562 3357 ἐσθίου-

1989 3385 2068 3421 σιν
2091 3366 2161 3431 ὡς
2179 3369 2456 3427 συντελοῦν
2485 3370 2659 3437 αὐτοῖς
2684 3373 2910 3432 πλεῖστα
2924 3420 2940 3449 ,
2963 3380 3034 3444 ὡς
3052 3381 3099 3437 οἱ
3122 3379 3243 3461 περὶ
3261 3388 3434 3442 ταῦτα
3455 3387 3555 3444 δει-
3582 3408 3643 3450 ³5

1987 3449 2065 3509 νοὶ
2092 3451 2401 3536 λέγουσιν.]

2065 3558 2138 3599 οι.
2188 3539 2342 3622 ἑτέρα
2371 3543 2556 3624 φράσω
2599 3565 2614 3606 :
2653 3547 2903 3608 Διδάσκω
2945 3549 3065 3619 οἵως
3096 3553 3228 3633 ἐρῶ,
3271 3558 3554 3619 ὐποὸαλών

1985 3648 2069 3683 σοι
2096 3627 2185 3686 τὸν
2215 3628 2384 3710 ἔρωτα
2417 3638 2509 3690 τοῦ
2541 3632 2733 3701 ἔτνους.
2857 3636 2977 3697 ἀντὶ
3000 3644 3092 3699 τοῦ
3123 3639 3273 3724 ἄλλῳ
3295 3644 3397 3703 τινὶ
3430 3649 3557 3706 ὑπο-

1984 3711 2254 3792 δείγματι,
2289 3707 2395 3776 οἷον
2420 3717 2566 3801 ἄλλῳ
2598 3721 2793 3805 τρόπῳ.
2827 3722 2940 3784 ἔστι
2976 3723 3033 3785 δὲ
3065 3725 3127 3786 τὸ
3155 3733 3459 3811 ἡμιστίχιον
3497 3734 3552 3804 ἐξ

1984 3800 2285 3882 Ὑψιπύλης
2313 3805 2619 3886 Εὐριπίδου.
3576 3849 3637 3889 ιο

2060 3908 2130 3949 67.
2174 3891 2282 3967 (καὶ
2303 3897 2473 3952 ταῦτα
2493 3899 2586 3953 τοῦ
2612 3896 2920 3969 τεθνηκότος
2950 3919 2966 3959 τ
2996 3903 3150 3970 Τινὲς
3181 3903 3461 3983 βούλονται
3494 3905 3553 3966 ἓν

1978 3974 2258 4057 πρόσωπον
2272 3977 2441 4057 λέγειν
2460 3979 2599 4041 ὅλον.
2627 3982 2760 4052 τινὲς
2784 3985 2836 4044 δὲ
2867 3987 3146 4068 διορίζουσι
3159 3990 3221 4050 τὸ
3243 3997 3336 4051 τοῦ
3359 3998 3551 4067 τεθνη-

1979 4064 2152 4131 κότος·
2171 4069 2242 4133 ὡς
2270 4072 2361 4125 τοῦ
2389 4065 2713 4149 Ἡρακλέους
2738 4073 2978 4151 λέγοντος
2994 4076 3141 4139 αὐτό.
3169 4077 3308 4139 οὕτω
3324 4078 3426 4162 γὰρ
3454 4081 3549 4142 καὶ

1981 4154 2035 4209 αἱ
2064 4153 2398 4213 διδασκαλίαι
2426 4154 2667 4237 φέρουσι,
2697 4161 3108 4233 τελευτήσαντος
3142 4167 3431 4246 Εὐριπίδου
3455 4168 3545 4229 τὸν

1978 4238 2087 4297 υἱὸν
2117 4242 2274 4299 αὐτοῦ
2300 4243 2631 4324 δεδιδαχέναι
2658 4246 2938 4325 ὁμώνυμον
2969 4251 3023 4309 ἐν
3053 4252 3203 4311 ἄστει
3232 4254 3541 4335 Ἰφιγένειαν
3571 4283 3627 4324 ⁴5

1975 4326 2070 4397 τὴν
2095 4329 2147 4386 ἐν
2178 4329 2398 4407 Αὐλίδι,
2430 4331 2792 4410 Ἀλκμαίωνα,
2817 4336 3077 4416 Βάκχας.)

2053 4436 2125 4476 71.
2171 4420 2329 4477 αὐτοῦ
2357 4418 2460 4500 γὰρ
2484 4426 2576 4481 τοῦ
2603 4422 2854 4483 Διονύσου
2883 4425 3023 4484 ἐστὶν
3049 4430 3079 4485 6
3102 4426 3268 4507 ἀγών.

2052 4524 2122 4565 72.
2167 4506 2234 4582 (οῖ
2267 4504 2361 4585 μὲν
2378 4505 2482 4589 γὰρ
2510 4511 2604 4568 οὐκ
2628 4508 2701 4569 ἔτ’
2725 4511 2855 4572 εἰσὶν
2881 4532 2894 4573 :
2920 4513 3209 4594 Εὐριπίδου
3234 4515 3288 4586 ἕξ
3315 4511 3541 4587 Οἰνέως

2157 4609 2216 4658 σὺ
2235 4610 2275 4658 δ’
2295 4611 2377 4660 ὧδ’
2399 4612 2567 4676 ἔρημος
2589 4616 2843 4680 ξυμμάχων
2862 4617 3122 4668 ἀπόλλυσαι
3137 4636 3149 4648 ·

2156 4681 2202 4729 οἱ
2223 4681 2305 4743 μὲν
2319 4682 2411 4745 γὰρ
2430 4684 2519 4733 οὐκ
2533 4685 2596 4733 ἔτ’
2616 4687 2753 4747 εἰσὶν,
2777 4688 2874 4735 οἷδ’
2900 4687 3025 4744 ὄντες
3044 4690 3226 4753 κακοὶ.)
3567 4719 3628 4758 „0

2050 4783 2124 4824 73.
2172 4765 2248 4844 (τί
2278 4766 2324 4826 δ’
2350 4769 2444 4826 οὐκ
2478 4768 2661 4850 Ἰοφῶν
2695 4791 2709 4831 :
2746 4773 2871 4840 Υἱὸς
2894 4775 3223 4856 Σοφοκλέους
3260 4783 3289 4838 6
3325 4779 3530 4861 Ἰοφῶν.

1971 4850 2272 4928 ἠγωνίσατο
2317 4851 2374 4912 δὲ
2411 4855 2504 4914 καὶ
2552 4856 2759 4929 ἐνίκησε
2789 4862 3049 4942 λαμπρῶς
3094 4862 3172 4922 ἔτι
3214 4868 3403 4934 ζῶντος
3438 4872 3536 4926 τοῦ

1969 4938 2168 5019 πατρὸς
2196 4940 2378 5001 αὐτοῦ.
2411 4940 2492 5000 διὸ
2517 4944 2839 5023 ἀμφιὸάλλει
2863 4946 3070 5023 μήποτε
3095 4955 3186 5009 τοῦ
3212 4950 3537 5031 Σοφοκλέους

1967 5024 2049 5097 εἴη
2078 5024 2300 5106 εἰρηκὼς
2321 5029 2665 5110 τραγῳδίαν.)
