3859 5725
1697 270 1952 332 PLUTI.

3265 284 3378 333 577

251 417 325 478 Ol
352 423 458 483 τοῖς
490 411 617 472 Ald.
644 409 746 492 γὰρ
780 407 1040 468 additum
1067 425 1139 464 ex
1165 411 1237 464 R.
1273 417 1332 463 et
1359 403 1550 462 Suida.
1581 435 1660 445 -
1695 422 1757 457 11
1854 419 1967 476 pro
1989 401 2268 475 ἀγαπῶσα.
2304 400 2624 478 Explicatio
2661 417 2834 472 vei-0,
2876 402 2922 458 si
2965 421 3127 458 usum
3168 407 3381 462 Graecae

253 500 368 568 τοὺς
394 499 595 579 ζωμοὺς
630 519 743 558 om.
771 499 844 559 Θ.
891 490 1221 573 ἐκορέννυντο
1252 491 1455 550 Suidas
1476 533 1493 562 ‚
1538 489 1640 566 qui
1696 506 1766 546 12
1852 485 2058 564 linguae
2080 488 2416 564 castigatum
2434 487 2723 561 attendas,
2753 509 2870 547 non
2895 491 3031 549 satis
3051 493 3375 550 commoda.

252 610 340 668 sq.
360 586 766 669 ὀγδόῃ-ἥρωος
791 583 1025 643 omittit.
1074 582 1248 658 διῆγον
1277 581 1348 640 8.
1374 617 1432 628 -
1470 579 1537 635 13
1565 572 1769 655 ἡμέραν

251 676 494 759 ἐχόρευον
521 682 588 736 R.
611 713 672 724 —
700 683 766 742 14
791 670 1054 750 μάσσησιν
1075 672 1145 729 G.
1174 672 1306 726 Post
1335 665 1564 744 μάσησιν
1588 669 1654 722 V.
1674 662 1772 721 ad-

253 764 342 822 dit
370 756 479 822 οἷον
504 761 589 822 ἐπ’
610 758 756 822 οὐδὲν
795 756 1207 837 εὐτυχήσαντες,
1238 759 1326 812 νῦν
1357 751 1411 812 δὲ
1451 751 1771 829 ἑστιώμενοι.

251 887 318 903 --
340 852 410 909 15
439 848 594 931 ἄρτον
625 847 804 920 ἤσθιον
833 845 1066 914 SuidaS‚
1095 844 1198 921 qui
1236 844 1304 899 16
1331 840 1421 899 καὶ
1446 861 1562 899 0111.
1584 852 1642 897 et
1676 860 1774 897 κο-

252 935 521 1019 ρὶννυνται
544 934 762 995 scribit.

334 1026 473 1098 631,
500 1044 573 1083 22
596 1016 1182 1097 Ἆντὶ-δμομαστίγων
1202 1016 1351 1075 infra
1368 1027 1501 1074 ante
1515 1015 1775 1074 scholion

250 1131 311 1170 v.
343 1113 457 1184 637
485 1110 662 1170 habet
687 1114 759 1167 R.
786 1111 1008 1167 σεαυτοῦ
1031 1107 1104 1164 Θ.
1134 1106 1529 1183 ὁμομαστιγιῶν
1565 1105 1775 1163 Kuste·

248 1218 374 1260 rus.
399 1236 465 1250 -
493 1200 564 1257 23
603 1198 698 1255 οὐκ
739 1194 915 1254 ἄλλων
958 1195 1116 1252 τινῶν
1164 1191 1401 1271 βέλτιστε
1438 1193 1544 1250 τῢν
1590 1193 1776 1251 ἑαυτοῦ

252 1285 439 1367 φίλων,
467 1274 574 1343 οἷον
602 1279 1027 1363 ὁμοιομαστίγων
1057 1300 1152 1337 σου
1181 1278 1252 1355 (εἰ
1277 1276 1353 1355 μὴ
1380 1281 1487 1336 τῶν
1515 1282 1778 1355 ὃμοιομα·

253 1370 451 1451 στίγων
472 1372 566 1450 G.)
589 1374 656 1429 V.
684 1367 996 1448 Sequentia
1020 1386 1132 1424 om.
1158 1367 1332 1424 etiam
1355 1366 1450 1439 9.,
1481 1363 1651 1423 habet
1690 1384 1776 1443 γρ.

390 1482 437 1518 νο

251 1457 472 1619 φίλ6ω35,
504 1546 579 1602 32
609 1540 712 1603 Ἐκ
738 1539 1200 1620 Φινέως-στίχος
1221 1539 1371 1598 infra
1389 1550 1521 1616 post
1545 1534 1778 1680 ἅφῃὲέθη

250 1632 317 1693 τὸ
345 1630 604 1709 κάλυμμα
635 1628 811 1687 habet
844 1628 937 1701 8.,
964 1628 1026 1687 in
1052 1647 1170 1705 quo
1205 1639 1293 1685 est
1334 1629 1363 1685 ὁ
1396 1624 1573 1704 στίχος
1617 1648 1643 1682 ο
1677 1646 1780 1690 τος.

251 1726 323 1781 111
347 1724 412 1778 V.
441 1737 584 1776 vero
603 1736 788 1795 quum
802 1714 882 1773 ad
905 1734 1138 1775 versum
1166 1715 1498 1793 proximum
1518 1756 1537 1785 ‚
1560 1711 1780 1784 Ἀσκλη·

253 1813 377 1869 πιοῦ
399 1808 626 1872 παιῶνος
664 1806 909 1881 εὐμενοῦς
947 1800 1156 1883 τυχών,
1199 1814 1534 1863 annotatum
1558 1801 1632 1859 sit
1660 1801 1782 1858 haec

255 1917 330 1957 ex
358 1896 579 1957 Phineo
596 1891 904 1971 Sophoclis
927 1910 1051 1949 esse
1090 1891 1302 1967 petita,
1344 1891 1626 1949 incertum
1656 1908 1777 1947 ma-

255 1998 358 2043 net
381 2003 560 2041 unum
586 2001 658 2040 an
686 1980 802 2038 duo
826 2000 1026 2039 versus
1049 1979 1126 2039 ab
1157 1979 1446 2057 Sophocle
1471 1979 1783 2057 sumpserit

254 2071 693 2150 Aristophanes.
728 2068 1044 2145 Utriusque
1086 2087 1288 2126 versus
1334 2067 1616 2144 tragicum
1659 2086 1782 2125 esse

254 2158 510 2217 colorem
539 2155 904 2215 manifestum
932 2168 1038 2213 est.
1071 2161 1254 2213 Dum.
1282 2190 1348 2205 -
1376 2156 1450 2213 33
1471 2150 1566 2234 ὅρα
1592 2151 1648 2210 δὲ
1670 2157 1782 2219 πῶς

254 2246 386 2305 Ald.
416 2245 471 2305 δὲ
490 2264 606 2303 om.
646 2245 718 2305 Θ.
746 2241 1102 2321 ἐγκαταμίξας
1133 2243 1454 2302 Hemsterh.
1483 2276 1563 2287 —-
1595 2243 1778 2313 35-37

256 2322 594 2409 ἀντὶ-λέγει
617 2351 729 2389 om.
741 2336 815 2390 V.
846 2328 1448 2410 ἐπιτεταμένως-λέγει
1467 2330 1642 2389 habet
1661 2332 1785 2391 Sui-

252 2421 360 2480 das
387 2440 431 2478 s.
463 2416 1016 2497 Ἐξωμμᾶτωμαι.11).
1035 2415 1226 2499 φιλέων
1248 2424 1319 2478 R.
1350 2430 1410 2476 et
1434 2418 1658 2481 Suidas.
1690 2418 1759 2505 ‹pl-

252 2509 370 2567 λιον
413 2506 563 2577 Ald„
586 2506 749 2584 ‚quod
796 2506 1008 2582 legitur
1048 2504 1128 2564 ib.
1166 2526 1222 2564 ν.
1264 2508 1397 2573 343,
1437 2538 1517 2550 —
1560 2507 1633 2565 38
1679 2503 1783 2589 γὰρ

249 2592 643 2672 ,ἕξωμματιῗισαι
670 2593 1011 2664 codem-44
1034 2590 1267 2662 ἕξικόπει
1298 2593 1514 2671 (voluit
1541 2592 1779 2668 ἐξεκόπη.

254 2680 491 2759 Hemst.)
526 2686 705 2739 Dorv.
725 2717 790 2733 --
819 2681 892 2750 45
931 2682 992 2738 ἐκ
1022 2700 1142 2739 em.
1172 2686 1375 2754 Dei-V.,
1413 2680 1514 2758 qui
1561 2691 1633 2753 47
1660 2682 1784 2740 λευ-

248 2767 499 2845 κώματα.
542 2806 606 2818 -
657 2767 729 2825 51
780 2764 1112 2846 Ὠμματῶθη
1158 2788 1273 2828 om.
1315 2768 1410 2840 8.,
1450 2767 1512 2828 in
1552 2788 1672 2846 quo
1707 2769 1778 2828 53

250 2859 459 2938 πρῶται
485 2876 608 2915 esse
640 2855 872 2915 videtur
894 2876 1002 2935 pro
1024 2853 1446 2937 λελάμπρυνται,
1476 2856 1643 2933 quod
1672 2879 1782 2937 po-

252 2946 370 3005 suit
395 2943 762 3013 Dindorfius;
785 2944 961 3002 literae
982 2944 1082 3001 vix
1110 2943 1221 3021 legi
1250 2955 1508 3021 possunt.
1530 2982 1598 2996 --
1622 2966 1646 3002 1
1682 2967 1784 3002 κα-

252 3034 423 3113 θαρῶς
444 3031 626 3089 codex
654 3031 841 3089 literis
874 3050 1060 3109 prope
1087 3030 1365 3090 evanidis.
1389 3032 1588 3089 Malim
1618 3036 1783 3090 καθα-

257 3118 375 3200 ροὺς
403 3116 532 3197 ἔσχε
558 3115 678 3183 τοὺς
700 3115 996 3197 ὀφθαλμοὺς
1016 3160 1034 3195 ,
1070 3130 1135 3176 ut
1176 3118 1237 3175 in
1277 3117 1496 3175 scholio
1523 3120 1782 3179 Juntino.

252 3210 440 3266 Dum.

334 3294 474 3364 637,
511 3290 580 3349 15
607 3289 1089 3378 Τινὰ-τραγικῶν
1111 3312 1223 3350 0111.
1253 3293 1427 3351 etiam
1449 3295 1519 3355 8.
1546 3307 1610 3351 et
1646 3295 1783 3353 Sui-

254 3379 356 3438 das
378 3399 424 3437 s.
449 3376 649 3455 Δέγεις.
667 3414 735 3429 --
765 3379 832 3435 16
859 3376 1191 3457 ἀναγγέλλιις
1212 3379 1437 3439 suidas.
1464 3420 1524 3433 -
1547 3401 1621 3441 2ο
1647 3373 1783 3459 ἡμίέ

253 3489 369 3532 mo<
395 3470 534 3542 Reg.
555 3496 634 3508 --
657 3466 731 3526 23
758 3461 1005 3528 παιώνων
1034 3464 1125 3525 δύο
1144 3471 1362 3526 Hemst.
1384 3471 1557 3528 παιῶν
1576 3513 1594 3543 ,
1625 3467 1669 3527 δ’
1694 3466 1785 3527 δύο

253 3557 288 3612 J
292 3566 411 3612 unt.
439 3551 658 3629 Regius
686 3565 841 3612 recte
861 3549 1111 3612 παιώνιον
1138 3553 1401 3635 τετάρτων
1431 3554 1539 3614 δύο.

284 3689 291 3696 -
333 3648 471 3724 639.
502 3651 569 3707 In
605 3647 899 3726 principio
923 3650 1141 3709 -scholii
1165 3650 1497 3729 :addebatur
1533 3651 1586 3721 ἐξ
1631 3652 1783 3713 Ἠλέ-

253 3756 414 3816 κτρας
432 3732 741 3812 Εὐριπίδου,
758 3755 888 3812 quae
911 3737 1081 3796 omisi
1100 3758 1232 3796 cum
1253 3738 1439 3798 tibris.
1473 3741 1780 3816 Electram,

252 3823 491 3883 nomine
524 3841 559 3879 a
593 3823 836 3899 prologo
878 3823 1083 3883 sabulae
1128 3825 1337 3899 ducto,
1375 3830 1783 3904 grammaticus

254 3909 514 3968 nominat
539 3928 649 3986 pro
665 3912 891 3984 Oreste,
909 3924 975 3968 ut
994 3912 1175 3971 schol.
1198 3914 1527 3993 cantabrig.
1545 3917 1616 3974 ad
1638 3923 1782 3980 Ran.

256 3997 390 4057 305.
422 4000 689 4054 Dntn.-—
716 3997 791 4053 28
825 4017 909 4074 sq.
945 3997 1625 4084 ’Δνυμνήσω-ἀνθρώποις
1666 4025 1780 4064 om.

253 4090 325 4149 R.
355 4089 427 4142 V.
455 4089 609 4143 Ante
643 4083 832 4143 πολλοὶ
869 4083 973 4166 γὰρ
1007 4086 1066 4146 in
1099 4091 1171 4147 R.
1221 4088 1432 4168 legitur
1467 4089 1530 4150 τὸ
1563 4101 1781 4170 σημεῖον

510 4171 706 4220 θττ

305 4187 335 4220 ο

254 4256 337 4302 εις
359 4253 529 4320 εμπρο
557 4231 720 4292 καὸα.
745 4270 809 4286 --
832 4252 909 4310 29
945 4233 1130 4294 πολλοὶ
1155 4232 1213 4293 δὲ
1234 4279 1251 4308 ,
1280 4238 1346 4294 31
1378 4237 1527 4316 ὑγεία
1548 4242 1619 4301 8.
1649 4242 1780 4302 AJd.

254 4358 316 4372 ...
344 4322 419 4379 32
442 4318 644 4387 πάντας
668 4323 740 4379 R.
766 4320 837 4380 8.
867 4320 958 4382 καὶ
983 4330 1143 4381 πᾶσιν
1177 4321 1376 4400 ὑγίειαν
1409 4330 1481 4383 V.
1509 4325 1684 4404 ὑγείαν
1712 4334 1782 4389 R.

253 4410 326 4470 Θ.
359 4407 493 4470 AJd.
525 4442 591 4457 —-
622 4407 695 4467 33
726 4403 763 4476 ,ἢ
787 4406 876 4466 τὸν
896 4409 961 4465 V.
991 4409 1062 4469 8.
1082 4406 1202 4467 ἀντὶ
1230 4415 1300 4468 R.
1340 4402 1448 4469 οἶον
1481 4413 1608 4472 Ald.
1646 4425 1781 4473 παῖ-

257 4497 350 4562 δας
367 4492 560 4575 ἔχοντα
583 4498 654 4555 V.
681 4527 745 4545 ’-
771 4493 845 4564 34
875 4493 911 4567 ἢ
939 4494 1028 4555 τὸν
1057 4496 1217 4556 καλὸν
1247 4500 1319 4560 Θ.
1354 4500 1483 4562 Ald.
1507 4540 1572 4551 —
1595 4505 1779 4565 36-38

253 4587 283 4643 δ
302 4580 357 4642 δὲ
382 4580 843 4664 νοῦς-Ταντάλῳ
866 4583 1041 4643 habet
1067 4590 1161 4659 V.,
1200 4587 1301 4664 qui
1338 4589 1409 4663 37
1457 4592 1747 4672 τραγῳδίας
1763 4637 1782 4667 ,

257 4671 332 4729 38
361 4668 619 4750 ταλάντῳ.
643 4707 707 4719 -
726 4678 800 4737 42
843 4668 1125 4752 Μαχάωνα
1167 4674 1341 4732 Paris».
1387 4681 1527 4756 Reg-
1581 4680 1782 4748 Ποσει·-

255 4752 413 4818 δάονα
430 4759 613 4816 DorV.
632 4792 696 4806 —
725 4756 797 4827 43
827 4754 990 4816 Ἰασώ
1019 4780 1080 4816 τε
1116 4759 1420 4828 Πανάκειαν
1454 4763 1545 4823 καὶ
1567 4762 1780 4843 Ὑγείαν

326 4938 443 5006 Δ641
472 4957 592 4998 om.
614 4940 786 4998 etiam
815 4941 888 5000 8.
907 4978 973 4990 -
1000 4961 1035 4999 2
1060 4941 1283 5020 μηνύσει
1300 4949 1519 5007 Hemst.

334 5036 470 5111 642,
502 5044 536 5103 4
565 5036 844 5114 ἀγαποῦσα
866 5036 1110 5098 sormam
1145 5060 1262 5099 non
1291 5045 1469 5103 semei
1512 5045 1780 5108 adhibuit

435 5153 609 5200 smum..
643 5157 895 5201 Anus-rora.

1861 578 2078 636 nnus-r.

1940 666 2076 734 644,
2106 683 2143 738 9
2171 660 2448 740 εὐαγγελία
2467 666 2686 723 Hemst.
2706 702 2767 714 —
2796 684 2864 723 ιο
2894 659 3381 725 διαὸάλλει--οἷνον

1859 771 1933 810 ex
1951 755 2016 809 V.
2047 751 2260 809 addita.
2288 786 2352 798 —
2388 752 2455 808 13
2488 748 2710 828 μέθυσιν
2731 752 2908 811 Paris.

1942 839 2097 910 646,
2147 839 2216 895 16
2249 834 2529 896 συλλαὸὼν
2566 849 2624 894 et
2678 838 2748 895 18
2798 839 2917 908 δηλ.
2963 859 3082 898 om.
3135 842 3386 900 9.-20

1861 925 2130 1004 γνωρίσεις
2151 922 2404 983 scribere
2432 923 2743 983 debuisset.
2771 929 2996 984 Ηειιετ.
3028 935 3148 987 Aut
3178 928 3386 1005 γνώσει.

1864 1016 2050 1071 Dum.
2576 1020 2580 1024 ’

1946 1099 2062 1174 649
2094 1118 2206 1157 0111.
2233 1099 2408 1157 etiam
2430 1099 2503 1158 8.
2531 1139 2594 1151 -
2618 1099 2693 1156 26
2723 1097 2849 1180 ἄχρι
2878 1105 3019 1177 Reg.
3044 1099 3192 1168 τέλος
3213 1104 3389 1161 Paris,

1863 1223 1927 1237 --
1950 1188 2025 1245 3ο
2055 1184 2286 1268 κεφαλὴν
2313 1187 2445 1266 ἐρεῖς
2478 1191 2619 1265 Reg.

1949 1274 2085 1348 651,
2126 1276 2200 1333 36
2224 1274 2463 1346 ὦηθῆναι
2490 1279 2557 1335 V.

1948 1361 2085 1433 652,
2108 1371 2183 1429 4ο
2211 1381 2299 1439 sq.
2331 1360 2894 1441 Σαφῶς-δεδήλωκεν
2920 1362 3252 1423 Dindorfius
3283 1364 3391 1422 ad·-

1868 1449 2020 1513 didit
2041 1469 2115 1507 ex
2136 1456 2207 1509 R.
2235 1455 2303 1509 V.
2330 1451 2424 1522 8.,
2451 1450 2512 1507 in
2541 1450 2756 1528 quibus
2785 1451 2896 1509 hoc
2934 1450 3196 1508 scholion
3235 1451 3308 1509 ad
3337 1472 3390 1510 v.

1869 1540 1986 1614 649
2014 1551 2102 1597 est
2132 1537 2506 1614 adscriptum.
2536 1574 2599 1591 --
2624 1547 2694 1607 41
2740 1535 2809 1597 τὰ
2834 1534 3047 1617 χαλεπὰ
3083 1539 3158 1597 Θ.
3190 1537 3248 1597 δὲ
3271 1560 3389 1599 0111.

1868 1631 1938 1685 R.
1962 1664 2026 1680 --
2063 1634 2137 1694 42
2168 1624 2344 1704 ἔλεγον
2373 1628 2422 1687 οἱ
2448 1624 2709 1696 Ἀθηναῖοι
2736 1623 2803 1687 τὰ
2833 1648 2924 1706 πρ.
2965 1626 3038 1685 Θ.
3077 1627 3229 1700 AJd„
3266 1649 3396 1707 quae

1869 1712 2034 1771 addit
2073 1712 2186 1772 ἰδοὺ
2232 1712 2563 1793 διεσάφησεν.
2613 1714 2920 1772 Menandri
2979 1713 3171 1772 locum
3228 1716 3397 1774 affert

1868 1800 2077 1860 Suidas
2098 1802 2148 1859 s.
2179 1799 2515 1880 Πρᾶγματα,
2542 1801 2755 1861 omisso
2801 1800 3008 1863 fabulae
3044 1803 3293 1861 nomine.
3320 1836 3399 1855 -ψ-

1873 1890 1946 1955 43
1977 1907 2064 1965 sq.
2103 1890 2156 1947 ἐν
2180 1887 2297 1959 ἤθει
2327 1886 2383 1946 δὲ
2407 1889 2590 1965 ἀναγν.
2616 1907 2733 1946 om.
2769 1889 2940 1948 etiam
2968 1889 3039 1948 Θ.

1951 1976 2067 2043 654
2097 1975 2275 2036 habet
2310 1980 2382 2040 R.
2416 1974 2576 2035 πάλιν
2612 1979 2704 2033 νῦν
2727 1973 2815 2037 τὸν
2858 1975 3020 2056 ἄνδρα
3057 1967 3206 2039 ,εἶπεν
3243 1980 3313 2044 ὡς
3345 1981 3410 2054 ἐγ,

1871 2083 2032 2140 ³91⁷.»

1952 2150 2086 2222 656,
2108 2147 2141 2204 5
2170 2147 2351 2221 ἤθιστο
2373 2154 2442 2211 R.
2472 2161 2530 2208 et
2564 2154 2597 2207 J
2603 2161 2723 2211 unt.
2753 2188 2817 2205 -
2845 2152 2881 2207 6
2919 2148 3040 2216 τοὺς
3079 2150 3402 2230 ἀφοσιουμέ-

1870 2259 1986 2304 νους
2014 2240 2155 2313 Reg.
2179 2238 2250 2301 ὥς
2271 2234 2360 2294 καὶ
2386 2237 2647 2297 additum
2670 2256 2745 2296 ex
2761 2243 2831 2297 V.
2854 2244 2990 2315 Reg.
3019 2274 3082 2289 -
3104 2259 3135 2310 7
3160 2236 3404 2318 Ὅμηρος

1872 2345 1989 2387 om.
2012 2329 2081 2382 R.
2109 2321 2300 2401 θύματ’
2326 2328 2467 2401 Reg.

1951 2413 2098 2486 657,
2141 2432 2212 2471 ιο
2242 2431 2329 2490 sq.
2370 2410 2846 2489 Ἆπὸ-συγκοπήν
2881 2413 2977 2473 hic
3010 2433 3128 2476 om.
3164 2419 3263 2485 R.,
3301 2414 3401 2472 sed

1870 2501 2022 2559 infra
2052 2512 2186 2577 post
2219 2520 2274 2557 v.
2306 2501 2422 2561 663
2459 2499 2668 2573 habet,
2698 2498 2805 2559 ἀπὸ
2832 2504 2925 2560 τοῦ
2969 2501 3109 2565 λούω
3134 2501 3225 2560 καὶ
3265 2500 3403 2561 κατὰ

1870 2585 2142 2665 συγκοπὴν
2166 2586 2273 2646 ἀπὸ
2307 2591 2400 2645 τοῦ
2445 2585 2711 2664 ἐλούομεν.
2736 2588 2798 2637 -'-
2835 2607 2903 2645 1o
2929 2586 3037 2646 λόω
3074 2594 3402 2649 Buttmann.

1871 2664 2126 2734 Gratum.
2148 2674 2266 2733 vol.
2299 2693 2355 2747 2,
2387 2693 2442 2751 p.
2485 2676 2619 2735 182.
2648 2673 2759 2734 λύω
2782 2676 2855 2736 8.
2897 2676 3027 2737 Ald.
3068 2675 3210 2740 λούω
3245 2683 3316 2737 R.
3346 2693 3406 2736 et

1871 2762 1959 2823 ed.
1983 2763 2154 2825 Basil.
2187 2768 2257 2821 In
2283 2766 2351 2820 V.
2383 2763 2497 2821 hoc
2537 2762 2798 2825 scholion
2845 2784 2978 2823 cum
3015 2766 3288 2843 proximo
3320 2779 3404 2824 est

1872 2850 2276 2928 conjunctum,
2304 2848 2366 2908 τὸ
2393 2841 2452 2909 εῧ
2478 2848 2593 2911 ἀντὶ
2626 2857 2717 2911 τοῦ
2734 2852 2829 2918 su<
2855 2852 2911 2911 ἐν
2935 2851 3191 2935 εἰρωνεία,
3216 2852 3405 2913 δυστυ-

1869 2938 1984 3019 χές.
2007 2939 2258 3018 λούμενος
2282 2938 2337 2999 δὲ
2357 2940 2463 2999 ἀπὸ
2482 2946 2577 3000 τοῦ
2603 2940 2761 3014 λούω,
2780 2940 2817 3013 ἢ
2841 2940 2981 3001 κατὰ
3007 2941 3277 3021 συγκοπὴν
3299 2942 3405 3001 ἀπὸ

1869 3031 1964 3086 τοῦ
1986 3025 2233 3104 ἐλούομεν
2257 3025 2341 3084 διὰ
2368 3027 2432 3086 τὸ
2457 3032 2550 3098 τῆς
2574 3028 2755 3095 οὐσίας
2776 3029 2977 3111 ψυχρὸν
3002 3032 3108 3087 τῶν
3127 3029 3404 3112 γερόντων.

1870 3112 1987 3171 ἀντὶ
2005 3118 2097 3172 τοῦ
2124 3114 2669 3195 ἐπορευόμεθα-εἴω.
2693 3148 2774 3166 -—
2814 3136 2884 3174 12
2922 3117 3084 3176 addit
3128 3123 3269 3197 Reg.
3315 3118 3404 3177 καὶ

1872 3199 1939 3259 τὰ
1964 3202 2101 3259 ἄλλα
2133 3200 2190 3260 δὲ
2224 3200 2408 3260 τούτου
2440 3202 2532 3261 καὶ
2560 3202 2828 3276 παθητικὰ
2865 3207 2939 3269 ὣς
2985 3206 3230 3264 πλεῖστον
3267 3208 3406 3266 κατὰ

1873 3285 2143 3366 συγκοπὴν
2180 3288 2486 3370 γράφονται.
2511 3327 2576 3341 -
2610 3292 2678 3347 13
2724 3293 2863 3350 Κατ’
2899 3291 3164 3371 εἰρωνείαν
3219 3299 3402 3352 DorV.

1870 3376 2128 3454 Regius:
2167 3379 2342 3438 Τοῦτο
2381 3377 2500 3436 κατ’
2539 3375 2808 3459 εἰρώνειαν
2856 3369 2999 3438 εἶπεν
3022 3403 3036 3417 ·
3081 3379 3267 3459 ἄλογον
3306 3380 3406 3465 γὰρ

1871 3467 2061 3546 ψυχρῷ
2085 3463 2237 3524 ὕδατι
2259 3463 2377 3533 τοὺς
2398 3464 2646 3548 γέροντας
2685 3466 2932 3527 λούεσθαι
2975 3468 3206 3550 ψυχροὺς
3252 3469 3406 3537 ὄντας

1871 3550 2110 3633 φύσεμ-
2139 3564 2206 3622 14
2237 3552 2369 3636 ἀνὴρ
2390 3554 2559 3635 γέρων
2586 3555 2719 3635 (pro
2741 3555 2804 3615 τὸ
2832 3554 2907 3634 δὲ)
2933 3560 3113 3638 ψυχρᾷ
3141 3560 3292 3636 (sine
3307 3563 3399 3619 θακ

1869 3637 2064 3720 λάε-σῃ)
2097 3642 2193 3718 8.,
2225 3642 2326 3719 qui
2353 3643 2422 3700 15
2464 3664 2589 3722 sqq.
2614 3642 2676 3703 τὸ
2702 3642 2931 3703 δὲ-είω
2958 3647 3192 3703 omittit.
3216 3686 3277 3696 --
3336 3653 3404 3704 16

1870 3725 1972 3807 γὰρ
2024 3729 2290 3787 additum
2325 3750 2397 3788 ex
2423 3734 2492 3789 R.

1953 3815 2087 3887 660,
2119 3838 2194 3875 2ο
2214 3818 2295 3877 Τὸ
2316 3816 2430 3889 ἑξῆς
2457 3816 2672 3878 πόπανα
2693 3818 2783 3878 καὶ
2799 3820 3112 3902 προθύματα
3131 3820 3221 3879 καὶ
3230 3820 3404 3881 πέλα-

1872 3925 1959 3971 νος
1975 3904 2290 3980 καθωσιώθη
2312 3905 2605 3988 Ἥφαίστου
2629 3908 2800 3989 φλογί.
2824 3908 2942 3967 ἀντὶ
2964 3915 3056 3969 τοῦ
3075 3916 3291 3969 V.-22
3312 3917 3403 3969 τοῦ

1870 3998 2032 4052 κανοῦ
2051 3992 2192 4065 ἢτοῦ
2204 3998 2386 4075 βωμοῦ
2399 4001 2488 4067 V.,
2507 4015 2624 4054 non
2641 4002 2712 4056 G.
2743 3996 3072 4079 φθέγγονται,
3093 4001 3168 4056 23
3194 3998 3404 4079 χρήσα-

1871 4081 1993 4136 σθαι
2011 4084 2106 4152 V.,
2119 4100 2362 4159 pergens
2375 4080 2562 4148 ἄλλως.
2584 4081 2646 4141 τὸ
2669 4082 2807 4159 ἑξῆς,
2832 4085 2945 4143 ἐπεὶ
2971 4085 3027 4143 δὲ
3054 4087 3130 4166 τῷ
3157 4088 3399 4167 βωμῷ-

1874 4163 2197 4242 λιὸανοπόν,
2221 4181 2281 4226 et
2313 4170 2387 4226 25
2415 4171 2514 4249 Γρ.
2538 4167 2630 4228 καὶ
2657 4174 2768 4230 θυλ.
2796 4175 3084 4231 omittens.
3112 4173 3276 4233 Idem
3304 4195 3400 4234 se-

1871 4254 2108 4329 quentia
2138 4254 2796 4331 σημαίνει-πλακούντια
2825 4259 2975 4319 infra
3007 4274 3139 4340 post
3166 4260 3399 4321 λιὸανω-

1869 4339 1959 4399 τόν
1984 4341 2022 4401 l.
2049 4342 2123 4399 35
2149 4342 2325 4402 habet
2357 4344 2597 4422 praefixo
2622 4343 2814 4412 ἄλλως.
2838 4385 2896 4396 -
2919 4351 2993 4406 26
3025 4349 3176 4406 idem
3198 4370 3403 4431 προκα-

1869 4427 2133 4510 θάρματα.
2159 4430 2414 4510 γενόμενα
2435 4433 2565 4492 Ald.

1951 4518 2089 4592 661,
2111 4519 2180 4577 31
2212 4520 2385 4588 ἄλλως
2409 4524 2714 4600 praefixum
2741 4525 2800 4581 in
2825 4527 2911 4598 V.,
2935 4525 3038 4600 qui
3057 4527 3130 4583 32
3152 4526 3398 4598 (ἐπετέθη.

1868 4608 2183 4683 Sequentia
2206 4608 2289 4668 sic
2313 4609 2375 4667 in
2404 4614 2477 4668 R.
2508 4632 2524 4668 z
2557 4654 2571 4668 .
2598 4654 2612 4668 .
2635 4654 2649 4668 .
2677 4655 2691 4669 .
2706 4634 2851 4689 ματα
2874 4610 3188 4682 καθωσιώθη
3208 4611 3400 4695 Ἡφαί-

1868 4717 1994 4757 στου
2018 4699 2174 4779 φλογὶ
2190 4698 2408 4760 πόπανα
2433 4700 2526 4760 καὶ
2549 4699 2790 4769 πέλανος.
2821 4702 2999 4775 lmus),
3033 4702 3401 4764 δὲ-λιὸανω-

1867 4785 1976 4847 τόν.
2005 4791 2075 4845 111
2102 4791 2174 4847 V.
2210 4787 2405 4853 ἄλλως.
2430 4787 2491 4847 τὸ
2523 4788 2902 4862 &heda-3183
2934 4795 3009 4872 τῷ
3049 4794 3214 4871 βωμῷ
3257 4815 3396 4873 προ-

1866 4872 2076 4952 θύματα
2134 4876 2450 4949 καθωσιώθη
2504 4876 2799 4959 Ἡφαίστου
2830 4879 2983 4960 φλογὶ
3041 4879 3252 4939 πόπανα
3304 4883 3395 4940 καὶ

1868 4960 2108 5030 πέλανος.
2140 4964 2231 5023 καὶ
2257 4964 2573 5047 προθύματα
2603 4967 2659 5026 δὲ
2697 4967 2815 5040 ἤτοι
2837 4968 2928 5035 τὰς
2970 4968 3394 5051 ὀλύρας-λιὸα-

1990 5049 2004 5071 Ι

1868 5073 2049 5110 νωτον.
2069 5089 2134 5102 -
2163 5056 2234 5123 34
2258 5055 2501 5114 alterum
2520 5056 2832 5137 προθύματα
2861 5056 3076 5115 addidit
3095 5064 3389 5124 Kusterus,

3152 5172 3206 5228 ³7
