3859 5725
1676 217 2005 279 NUBIUM.
3295 229 3409 283 ⁴2³

365 374 476 429 ¹09
518 352 697 410 codex
736 349 969 410 Taurin.
994 372 1006 408 :
1036 347 1569 416 Quamobcxmeouc
1614 346 1798 430 φησὶν,

278 441 398 500 ἀλλ’
425 442 520 499 οὐκ
541 438 696 520 ὅρνις.
724 436 964 517 έλέγοντο
991 435 1047 494 δὲ
1070 439 1118 495 οἱ
1136 435 1290 497 ἵπποι
1316 435 1557 519 φασιανοὶ
1581 435 1686 494 ἀπὸ
1705 438 1798 493 τοῦ

276 527 365 587 τὸν
395 529 574 588 Φᾶσιν
602 522 874 601 ποταμὸν,
903 523 993 605 ἀφ’
1016 514 1076 582 οὗ
1099 525 1147 582 οἱ
1177 521 1333 583 ἵπποι
1373 521 1798 602 έπωνομάζοντο,

274 611 590 696 παραρρέειν
621 610 717 683 τὴν
743 609 1001 692 Κολχίδα.
1029 647 1092 660 -
1114 611 1182 669 51
1231 610 1568 692 Ἀρίσταρχον
1593 609 1799 670 Rubri·-

273 702 477 760 kenius
524 700 745 781 praefat.
782 699 857 758 ad
896 699 1142 776 Hesych.
1173 700 1286 759 vol.
1315 720 1374 774 a,
1408 720 1464 778 p.
1494 720 1599 758 vn.
1623 697 1799 780 Ἀρχί-

274 790 434 868 λοχον
459 789 589 848 Ald.
610 799 669 846 et
686 786 890 845 Suidas
915 807 959 848 s.
991 785 1341 848 Φασιανοί.-
1368 808 1393 846 1
1428 784 1644 866 Μόρυχε
1671 783 1801 851 τέως

277 876 499 934 Suidas.
542 871 763 956 Μόρυχέ
800 896 859 933 τε
884 879 975 934 νῦν
1013 875 1222 935 Ald.-
1264 896 1297 933 a
1339 878 1375 946 ἡ
1418 879 1720 934 Kusterus.
1764 871 1799 944 ἢ

273 963 500 1022 Suidas.
531 953 568 1040 ᾗ
600 961 721 1021 Ald.
747 998 811 1013 ·—
836 963 868 1021 3
899 965 1132 1044 τερπνῶς
1165 962 1386 1023 suidas.
1426 960 1643 1043 τερπνὸν
1670 960 1799 1020 Ald.

273 1049 527 1109 Meinek.
556 1053 717 1107 Com.
751 1053 799 1122 1,
832 1068 887 1123 a,
911 1069 970 1127 p.
1018 1049 1154 1107 652.
1182 1058 1294 1118 -4
1342 1049 1389 1129 β’
1422 1069 1534 1123 om.
1575 1047 1796 1110 Suidas.

274 1138 391 1196 -5
424 1134 669 1219 φασιανοὶ
699 1133 754 1195 &l
782 1138 831 1194 οἱ
857 1134 1067 1216 ἔχοντες
1094 1136 1263 1196 idem.
1289 1137 1616 1216 Legebatm·
1654 1137 1702 1194 οἱ
1744 1134 1800 1193 δὲ

274 1223 516 1305 ἔχοντας.
538 1263 600 1275 -
628 1227 667 1283 6
698 1225 753 1284 έν
786 1226 863 1304 (ἐν
902 1245 1016 1285 om.
1052 1226 1172 1286 duo
1199 1225 1392 1306 codd.)
1417 1228 1494 1307 τῷ
1521 1228 1675 1307 μηρῷ
1702 1247 1801 1307 φα-

274 1312 453 1373 σιανὸν
478 1311 650 1372 ἵπποι.
680 1316 744 1373 Α.
775 1314 936 1374 Suid.
956 1352 1020 1365 —
1042 1335 1073 1388 7
1100 1313 1519 1392 πολιτευομένων
1538 1316 1716 1372 idem.
1738 1351 1801 1364 -
1852 1389 1853 1392 Ἴ

280 1422 354 1460 10
381 1415 515 1481 post
542 1401 873 1483 ἱπποτρόφου
906 1402 1068 1462 addit
1096 1409 1258 1463 Junt.
1308 1400 1575 1474 Ἀθήναιος
1609 1401 1691 1482 (9,
1739 1423 1796 1481 p.

276 1491 413 1566 387,
445 1489 518 1567 A)
573 1516 597 1542 α
620 1490 709 1549 καὶ
737 1488 799 1548 τὸ
840 1490 895 1549 ἐν
938 1489 1196 1571 Νεφέλαις
1234 1487 1290 1550 δὲ
1331 1489 1419 1548 ἐπὶ
1451 1493 1556 1548 τῶν
1584 1488 1798 1571 ὀρνίθων

272 1574 441 1656 ἔγωγε
467 1574 663 1653 ἀκούω,
682 1576 773 1636 καὶ
796 1580 892 1636 οὐκ
919 1577 1007 1638 ἐπὶ
1032 1576 1246 1654 ἵππων,
1272 1580 1343 1644 ὣς
1368 1580 1416 1636 οἱ
1438 1576 1658 1654 πολλοὶ,

550 1671 656 1728 τοὺς
673 1672 939 1735 φασιανοὺς,
966 1672 1044 1729 οὓς
1063 1672 1211 1737 τρέφει
1231 1671 1495 1736 Λεωγόρας.

274 1746 495 1808 δύναται
516 1746 619 1830 γὰρ
643 1752 672 1807 ὅ
690 1748 969 1830 Λεωγόρας
988 1749 1079 1808 καὶ
1097 1747 1287 1816 ἵππους
1304 1748 1508 1830 τρέφειν
1527 1747 1617 1807 καὶ
1638 1747 1798 1830 ὄρνεις

274 1834 575 1916 φασιανούς.
603 1836 941 1916 κωμῳδεῖται
963 1835 1068 1916 γὰρ
1110 1839 1139 1895 ὁ
1180 1834 1457 1916 Λεωγόρας
1491 1838 1562 1901 ὣς
1586 1833 1800 1916 γαστρί-

273 1944 476 2003 μαργος
511 1921 614 1981 ὕπὸ
634 1923 921 1990 Πλάτωνος
947 1924 1001 1981 ἐν
1030 1924 1335 2003 Περιαλγεῖ.
1367 1926 1500 1982 Non
1535 1920 1797 1980 animad-

277 2012 453 2069 vertit
482 2010 799 2070 Francinus
842 2009 1020 2070 verba
1049 2010 1148 2069 illa
1173 2010 1452 2069 Athenaeo
1484 2008 1559 2067 ab
1586 2009 1802 2068 lectore

277 2098 553 2176 quopiam
588 2116 713 2157 esse
753 2099 911 2156 illata
936 2116 1011 2156 ex
1043 2097 1348 2156 scholiasta
1380 2096 1797 2175 Aristophanis.

270 2190 364 2244 De
386 2206 505 2264 quo
524 2186 645 2246 dixi
671 2187 733 2247 in
759 2186 1128 2248 annotatione
1158 2186 1228 2245 ad
1247 2185 1439 2244 locum
1461 2185 1798 2264 Aristopha-

269 2278 386 2337 nis.
425 2281 685 2338 Dum.—
725 2298 749 2336 1
768 2297 791 2335 1
840 2278 962 2337 imo
996 2275 1459 2359 έγκεχαραγμένοι.
1477 2312 1543 2325 -
1563 2277 1633 2334 13
1662 2298 1798 2357 προ-

269 2362 731 2443 πολιτευσαμένων
758 2369 832 2423 V.
848 2401 913 2415 -
939 2363 1011 2422 18
1033 2360 1154 2445 περὶ
1182 2361 1486 2445 Ἀρχίλοχον
1518 2362 1718 2423 codex.

362 2472 495 2525 110,
528 2470 600 2510 αα
625 2450 920 2532 παρακαλῶ
954 2455 1104 2509 σεῩ.

362 2557 492 2613 ιιι,
527 2541 600 2598 23
641 2536 830 2617 ἔμελλε
862 2540 935 2600 Θ.
965 2536 1120 2616 ἔμελε
1159 2536 1471 2608 Alth-21·
1516 2534 1796 2615 θίλημοςῆ

268 2622 617 2789 ὤφῇοζ,9α9
639 2710 957 2792 Αὗδηρήτης
989 2712 1194 2771 codex.
1220 2748 1281 2761 -
1304 2714 1376 2771 32
1406 2700 1541 2771 εἶναι
1581 2732 1696 2771 om.
1725 2717 1796 2771 V.

360 2819 494 2873 120,
525 2799 596 2874 37
626 2800 684 2857 οὗ
706 2797 809 2881 γὰρ
831 2796 896 2856 ἂν
934 2803 1005 2857 V.
1043 2788 1149 2858 οἷον
1195 2800 1296 2879 οὐχ
1326 2798 1455 2856 ΔΜ.
1480 2834 1545 2847 —-
1569 2800 1646 2876 39
1688 2800 1797 2882 φιλ.

265 2885 637 2968 ἀποκείρονται
664 2892 965 2945 Kusterus.
989 2922 1050 2937 —
1073 2895 1148 2955 40
1178 2885 1577 2967 ἠμαυρωμένος.
1618 2886 1797 2947 Addit

268 2975 406 3034 Ald.
454 2973 669 3055 αἰσχρὸς
712 2973 802 3034 καὶ
842 2972 1216 3055 διεφθαρμένος
1264 2972 1558 3052 γενόμενος.
1602 2975 1651 3033 οἱ
1695 2971 1796 3056 γὰρ

264 3064 452 3127 ἱππεῖς
483 3063 539 3121 έν
571 3059 883 3140 γυμνασίοις
913 3057 1005 3119 καὶ
1035 3059 1386 3143 παλαίστραις
1423 3059 1696 3142 διέτριὸον.
1739 3064 1797 3121 οὗ

264 3172 383 3228 γεν.
420 3153 488 3209 V.
531 3151 579 3208 εἰ
596 3173 724 3228 γ.-
744 3158 811 3218 41
849 3148 1007 3231 φησὶν
1027 3168 1142 3207 0111.
1165 3154 1235 3208 V.
1257 3185 1322 3199 -
1339 3157 1413 3217 4²
1446 3139 1624 3229 εὔχροι
1668 3151 1794 3210 Ald.

262 3250 333 3297 et
362 3237 566 3296 Suidas
592 3257 638 3295 s.
670 3234 1146 3315 Διακεκναισμένη.
1168 3274 1231 3288 -
1254 3237 1328 3305 45
1356 3240 1618 3319 φθονεῖτε,
1648 3238 1724 3306 48
1752 3240 1796 3298 εἰ

260 3323 546 3384 ἀπολιπὼν
583 3323 646 3383 τὸ
678 3327 837 3402 σῶμα
871 3332 1090 3404 κοσμεῖν
1116 3325 1261 3384 V.-
1282 3324 1358 3384 50
1384 3325 1548 3383 uncis
1579 3325 1798 3385 inclusa

264 3413 568 3490 pertinent
593 3412 668 3470 ad
691 3432 748 3471 v.
779 3421 909 3481 ¹²4·

359 3519 491 3572 ηε,
517 3501 550 3558 3
578 3498 743 3579 φάγη,
772 3497 939 3581 θρέψῃ
964 3504 1035 3559 V.
1063 3497 1240 3581 θρέψει
1259 3517 1374 3557 om.
1405 3502 1477 3558 R.

359 3606 491 3661 122,
520 3588 554 3645 5
589 3584 771 3663 Ζύγιοι
805 3583 861 3645 δὲ
897 3589 1180 3646 καλοῦνται
1213 3582 1369 3645 ἵπποι
1395 3589 1466 3644 V.
1495 3588 1532 3645 6
1554 3584 1795 3665 λέγονται

256 3680 361 3749 R,
391 3674 490 3750 qui
525 3674 776 3755 οῖ-ζυγῷ
804 3686 935 3752 post
963 3671 1230 3757 ἀριστερός
1256 3673 1548 3753 ponit—7
1575 3677 1606 3733 ὁ
1625 3696 1795 3752 μεσα-

258 3760 505 3845 ριστερὸς
522 3759 611 3821 καὶ
639 3765 668 3819 ὁ
691 3759 983 3839 μεσοδεξιός
1008 3765 1078 3820 V.

356 3849 488 3921 123,
520 3849 589 3906 13
620 3846 814 3906 πείθειν
836 3848 905 3907 V.

358 3953 490 4008 127,
522 3937 597 3992 28
622 3933 789 4006 δηλοῖ.
836 3934 959 4008 εἷπη
987 3935 1115 4013 (scr.
1150 3932 1341 4005 εἴποις)
1375 3931 1477 4014 γὰρ
1502 3930 1565 3993 ἂν
1596 3934 1794 4005 διδάξο-

252 4043 373 4100 μαι
394 4020 483 4079 τὸν
510 4026 581 4080 V.
603 4058 666 4071 —
688 4024 757 4081 31
790 4026 882 4081 νῦν
912 4021 1006 4101 μὲν
1039 4011 1170 4081 εἶναι
1195 4027 1346 4081 V.-
1367 4024 1440 4081 33
1465 4041 1593 4100 sqq.
1631 4024 1788 4100 ἐμαυ-

249 4107 360 4169 τὸν
395 4105 672 4186 διδάξομαι
697 4106 819 4191 ἔφη,
843 4109 935 4169 ἅτε
956 4109 1179 4188 βαδίζων
1199 4111 1271 4176 εἰς
1294 4107 1356 4167 τὸ
1381 4108 1791 4191 φροντιστήριον.

250 4194 332 4255 τὸ
360 4193 419 4254 δὲ
442 4194 666 4273 ἰμαυτὸν
693 4195 864 4256 λείπει
888 4201 982 4256 τοῦ
1016 4208 1074 4275 μ.
1102 4199 1196 4255 οὐκ
1228 4197 1314 4255 ἐπ.
1347 4196 1480 4257 Ald.
1518 4200 1679 4256 εἰπεῖν
1711 4197 1795 4255 δι-

246 4281 412 4351 δάξω
438 4287 510 4341 G.
550 4281 756 4352 διδάξας
785 4289 853 4344 V.
871 4321 935 4334 -
959 4286 1033 4343 36
1072 4281 1202 4364 πρὸς
1245 4281 1404 4364 ἄμφω
1425 4281 1519 4349 τὰς
1545 4281 1795 4350 διαθέσεις

242 4373 460 4431 dicere
487 4369 754 4431 debebat.
782 4373 1017 4431 Monuit
1036 4372 1290 4431 Reizius.

356 4479 488 4534 129,
528 4463 605 4536 39
628 4479 753 4537 sqq.
781 4462 872 4520 νῦν
910 4463 1006 4519 οὐκ
1048 4458 1137 4518 ἐπὶ
1169 4461 1264 4530 τῆς
1302 4461 1607 4536 σωματικῆς
1644 4457 1793 4530 κινή-

240 4569 400 4612 σεως
428 4544 609 4627 εἴληφε
630 4546 692 4607 τὸ
722 4546 929 4626 βραδὺς,
960 4545 1096 4607 ἀλλὰ
1138 4550 1229 4621 V.‚
1258 4566 1331 4605 ex
1360 4564 1479 4622 quo
1498 4551 1587 4606 νῦν
1622 4545 1791 4604 addi-

240 4649 410 4694 tum.
445 4671 509 4683 -
536 4633 778 4713 ἀγχίνους
812 4626 960 4693 εἶναι.
995 4633 1191 4693 ἄνωθεν
1228 4631 1285 4691 δὲ
1322 4629 1390 4690 τὰ
1425 4634 1520 4702 τῆς
1569 4631 1794 4698 διανοίας

236 4721 458 4793 δηλοῦν
481 4716 622 4779 θέλει
637 4719 766 4781 Ald.
785 4726 997 4781 Veram
1014 4722 1361 4801 scripturam
1392 4716 1594 4777 habuit
1621 4719 1790 4776 etiam

232 4809 477 4873 suidas
505 4828 550 4868 s.
572 4805 790 4889 Βραδύς.

354 4898 468 4955 130
493 4897 740 4974 glossam
766 4894 1109 4974 λεπτολογίας
1137 4893 1314 4954 habet
1339 4897 1406 4952 V.
1424 4926 1481 4943 -
1501 4895 1573 4965 43
1598 4894 1791 4972 ἰσχνῶν

230 4995 273 5053 J
283 4999 429 5049 unt.
469 4986 699 5064 ἰσχυρῶν
728 4984 858 5043 Ald.
882 5008 934 5017 -
961 4985 1037 5053 46
1066 4981 1347 5053 ἐξάσκησις
1382 4979 1627 5058 conjecit
1667 4988 1791 5041 Ku-

1885 357 2248 420 πονοι-47
2273 345 2442 425 λόγων
2473 346 2699 405 addidit
2726 347 3012 405 Dukerus.
3038 385 3099 399 --
3129 351 3202 418 48
3228 347 3295 407 τὰ
3322 352 3409 409 λε-

1885 429 1995 491 πτὰ
2019 440 2082 494 R.
2107 431 2198 491 καὶ
2221 434 2324 492 τῶν
2363 435 2485 493 καλ.
2511 439 2575 491 Β.
2603 438 2671 491 V.
2688 472 2752 484 -
2773 443 2847 510 49
2875 431 3188 501 ὀξυτονεῖται
3216 442 3279 494 R.
3301 441 3406 498 τῶν

1887 518 2059 577 ἄλλων
2104 517 2342 596 πλαγίων
2391 520 2516 579 cod.
2551 520 2789 578 Tauria.
2806 532 2863 578 et
2882 524 3021 600 Reg.
3057 525 3302 580 2821.-
3333 527 3408 583 50

1885 604 2328 688 προπαροξύνεται
2352 611 2422 665 V.

1974 696 2107 768 131,
2147 715 2171 751 1
2208 692 2539 772 σταλαγμὸς,
2566 692 2658 752 καὶ
2683 692 2916 753 κλίνεται
2943 696 3215 777 στραγγός.
3239 697 3329 780 ἀφ’
3351 692 3408 759 οὗ

1887 778 2027 840 κατὰ
2067 778 2304 863 στράγγα
2349 783 2516 863 οὐρεῖν
2559 779 2652 839 καὶ
2694 781 2997 862 στραγγεύω
3046 786 3192 863 ῥῆμα
3221 785 3282 845 τὸ
3313 788 3404 845 έκ-

1889 867 2243 946 θλίὸω,ἤγουν
2269 866 2330 928 τὸ
2355 870 2541 934 κοινῶς
2564 867 2868 950 στραγγεύω
2892 868 3226 949 (στραγγίζω.
3243 875 3410 951 Reg.)

1888 958 2195 1015 Taurin.—
2220 959 2329 1016 132
2362 957 2584 1016 scholio
2609 955 2682 1014 ad
2709 977 2764 1015 v.
2788 958 2895 1016 133
2923 960 3229 1036 postponit
3255 965 3324 1019 V.
3353 976 3412 1020 et

1886 1044 2017 1102 ΑΜ.
2036 1082 2099 1095 -
2125 1066 2193 1103 10
2216 1042 2351 1119 ἔσω,
2380 1043 2499 1104 ἀλλ’
2521 1043 2703 1126 ἐψόφει
2729 1044 2821 1104 καί
2850 1068 2928 1112 τις
2953 1043 3051 1117 τὴν
3087 1046 3244 1128 θύραν
3273 1052 3402 1108 Sui-

1888 1130 2010 1190 daS.
2045 1133 2162 1192 ἀλλ’
2194 1133 2427 1216 ἕψόφηκε
2454 1130 2550 1204 τὴν
2574 1131 2732 1213 θύραν
2755 1156 2834 1199 τις
2852 1139 3150 1194 Kusterus.

1974 1241 1996 1278 1
2011 1222 2107 1294 33,
2143 1232 2212 1292 11.
2236 1224 2479 1281 Βοιωτῶν
2517 1218 2620 1301 γὰρ
2645 1218 3306 1301 ἀναστάτων-γενομένων
3343 1231 3407 1286 V.

1886 1308 2130 1368 Dativos
2153 1310 2322 1388 ponit
2341 1315 2413 1372 V.
2446 1311 2507 1368 in
2531 1309 2757 1368 scholio
2790 1309 2865 1367 ad
2895 1309 3051 1368 Pluti
3076 1331 3132 1369 v.
3174 1313 3308 1380 601..
3344 1315 3409 1373 ln

1886 1396 2070 1473 Regio
2101 1416 2171 1470 27
2187 1419 2205 1455 ι
2219 1415 2254 1454 α
2285 1408 2371 1455 est
2397 1399 2645 1461 Βοιωτοῖς
2674 1394 3135 1463 ἀναστάτοις-καί
3159 1397 3289 1480 ὑπὲρ
3314 1403 3406 1459 ἀπ.

1887 1484 2459 1561 μαντευομένοις-ἐκεῖ
2475 1482 2939 1555 κατοικῆσαι-η-τὸν
2955 1484 3410 1564 παγαιτικὸν-πε-

1890 1567 2260 1648 ριιπταμένους
2293 1569 2414 1637 τοὺς
2434 1568 2771 1656 ἱεροὺς-ἀπὸ
2803 1569 3073 1654 μέθης-οἶ
3105 1572 3160 1633 δὲ
3187 1575 3292 1635 ἀπὸ
3314 1582 3408 1638 τοῦ

1887 1653 2020 1723 ζώου
2047 1655 2175 1739 φησὶ
2206 1654 2687 1734 λέγεσθαι-τόποις
2708 1658 2794 1717 ἐπὶ
2820 1659 2979 1719 πλέον
3004 1659 3254 1741 διατρίὸει
3275 1668 3409 1721 ταῦ-

1886 1763 2044 1801 τα.-
2066 1743 2136 1801 15
2187 1742 2587 1822 μαντευομένων
2634 1749 2705 1805 V.
2727 1783 2789 1795 —
2809 1748 2881 1803 16
2931 1744 3148 1828 λευκοὺς
3182 1747 3408 1830 κόρακας

1883 1828 2085 1888 Ald.-
2111 1850 2179 1904 ¹7
2214 1829 2590 1909 Παγασητικὸν
2617 1834 3026 1912 Wesselingius
3056 1835 3129 1893 ad
3159 1836 3403 1894 Diodor.

1893 1935 1985 1992 19,
2018 1917 2112 1976 53.
2156 1914 2520 1995 Παγασιτικὸν
2549 1924 2618 1979 R.
2647 1923 2711 1978 V.
2743 1921 3105 2000 Παγαιατικὸν
3140 1924 3273 1983 Ald.
3301 1923 3406 1983 ἴδον

1884 2007 2034 2062 R...
2060 2006 2130 2064 18
2175 2005 2295 2075 τοὺς
2323 2009 2424 2084 τοῦ,
2450 2004 2602 2079 ἡλίου
2626 2009 2904 2068 Ald.-aa
2938 2009 3098 2070 addit
3127 2013 3257 2071 Ald.
3291 2015 3407 2086 Ζη-

1884 2091 2091 2162 νόδοτος
2116 2093 2315 2173 (scrib.
2344 2092 2623 2175 Ζηνόόιος)
2647 2093 2700 2154 δὲ
2725 2100 2754 2155 ὅ
2775 2093 2867 2163 τὰς
2894 2098 2946 2157 Τ
2947 2097 3163 2178 αρῤαίου
3193 2098 3284 2159 καὶ
3312 2105 3408 2160 Δι-

1886 2175 2052 2257 δύμου
2094 2178 2380 2262 παροιμίας
2418 2179 2710 2259 ἐπιτεμὼν,
2760 2206 2786 2234 α
2831 2185 3097 2259 Βοιωτοῖς,
3142 2214 3167 2240 υ
3217 2188 3408 2268 φησὶν,

1887 2291 1912 2318 α
1939 2265 2132 2348 Ἄρνην
2165 2266 2294 2328 ποτὲ
2322 2267 2575 2329 διοικοῦσι
2602 2269 2881 2353 προείρητο
2913 2271 3017 2332 ὕπὸ
3046 2279 3139 2333 τοῦ
3169 2278 3285 2334 θεοῦ
3314 2275 3409 2334 έκ-

1886 2359 2187 2430 πεσεῖσθαι,
2221 2358 2422 2416 λευκῶν
2453 2355 2693 2436 κοράκων
2728 2357 3016 2439 φανέντων.
3053 2363 3317 2426 νεανίσκοι
3352 2363 3411 2422 δέ

1884 2462 2013 2501 ποτε
2038 2442 2404 2520 μεθυσθέντες,
2432 2443 2525 2505 καὶ
2550 2444 2898 2515 συλλαὸόντες
2936 2448 3192 2530 κόρακας,
3231 2451 3411 2534 γυψώ-
3487 2450 3492 2454 ’

1886 2550 2072 2598 σαντες
2099 2533 2308 2612 ἀφῆκαν
2339 2531 2608 2596 πέτεσθαι.
2637 2531 2833 2602 ἰδόντες
2863 2534 2920 2595 δὲ
2943 2538 2992 2595 οἱ
3024 2539 3248 2599 Βοιωτοὶ
3286 2543 3413 2601 ἕτα-

1886 2618 2187 2700 ράχθησαν,
2219 2623 2292 2688 ὡς
2320 2624 2417 2694 τῆς
2456 2618 2704 2701 μαντείας
2738 2621 3001 2697 λαὸούσης
3027 2624 3089 2684 τὸ
3110 2626 3283 2702 τέλος,
3319 2651 3387 2688 κα

1885 2705 2199 2787 φοδηθέντες
2217 2710 2266 2765 οἱ
2290 2708 2585 2781 νεανίσκοι,
2607 2704 2697 2766 τὸν
2724 2705 2940 2789 θόρυὸον
2969 2710 3215 2793 φυγόντες
3230 2758 3247 2788 ,
3269 2711 3413 2793 ᾤκητ-

1885 2796 1983 2855 σάν
2007 2794 2228 2878 (ᾤκισαν
2260 2797 2524 2876 Wolfius)
2558 2818 2676 2854 τινα
2715 2795 2897 2874 τόπον,
2923 2796 2980 2858 ὃν
3022 2800 3277 2863 ἐκάλεσαν
3303 2805 3410 2865 Κό-

1886 2906 2065 2966 ρακας.
2098 2881 2233 2962 μετὰ
2265 2883 2322 2943 δὲ
2348 2890 2519 2945 ταῦτα
2559 2880 2871 2954 έκὸαλόντες
2905 2885 3026 2955 τοὺς
3060 2889 3320 2958 Βοιωτοὺς
3357 2895 3407 2953 οἱ

1887 2973 2121 3043 Αἰολεῖς,
2166 2970 2321 3050 ἔσχον
2349 2971 2446 3044 τὴν
2474 2967 2680 3055 Ἄρνην·
2702 2973 2899 3036 οἰκείαν
2939 2965 3099 3034 οὖσαν
3116 2999 3131 3013 ·
3158 2976 3247 3035 καὶ
3286 2977 3407 3047 τοὺς

1884 3057 2282 3140 ἁμαρτάνοντας
2316 3063 2621 3137 μεθιστᾶσιν
2656 3064 2730 3129 εἰς
2766 3060 2889 3129 τοὺς
2923 3061 3169 3143 Κόρακας
3203 3066 3407 3126 καλου-

1885 3143 2087 3225 μένους.
2112 3169 2137 3197 ν
2176 3150 2314 3215 Quae
2339 3151 2617 3207 Musarus
2646 3168 2718 3208 ex
2746 3143 2990 3209 zenobii
3037 3151 3307 3211 Proverb.
3344 3157 3408 3227 3,

1885 3236 1958 3311 87
1991 3232 2209 3292 intulit.

1969 3323 2109 3391 134,
2156 3320 2229 3377 23
2270 3321 2505 3396 Κικυνῆς
2544 3327 2613 3382 R.
2651 3322 2948 3383 κικυνισταί
2991 3322 3098 3383 'Am
3135 3327 3206 3385 V.
3236 3363 3300 3376 —·
3328 3339 3402 3400 ²4

1884 3406 2238 3468 Ἀπολλώνεια
2262 3408 2388 3468 Ald.

1971 3498 2078 3556 136
2112 3496 2291 3579 διόπερ
2320 3510 2380 3556 et
2405 3499 2703 3575 sequentia
2730 3504 2931 3556 om.V.

1970 3587 2075 3658 137
2101 3585 2285 3645 codex
2311 3587 2546 3646 Tauria.
2568 3585 2858 3665 εἈμὸλοῦν
2885 3584 3094 3663 λέγεται
3128 3587 3190 3647 τὸ
3227 3588 3288 3649 τὸ
3310 3589 3406 3669 ἔμ’

1882 3672 2039 3755 ὅρυον
2059 3673 2114 3731 ἐν
2138 3676 2206 3753 τῇ
2228 3673 2418 3755 γαστρὶ
2446 3672 2780 3755 φθειρόμενον
2822 3672 2953 3741 ἐξιὸν
2978 3674 3175 3752 (scrib.
3200 3674 3405 3744 ἐξωθεῖν

1882 3762 1974 3821 vel
1984 3759 2258 3819 ἐκὸάλλειν
2277 3758 2432 3840 ἐξιὸν)
2453 3765 2547 3833 τῆς
2563 3761 2766 3843 μήτρας
2786 3760 2950 3839 μήπω
2964 3762 3405 3845 τελεσιουργηθέν.

1881 3848 1988 3907 ἀπὸ
2004 3845 2189 3907 τούτου
2201 3846 2410 3927 λέγεται
2428 3849 2519 3910 καὶ
2534 3849 2596 3909 τὸ
2611 3848 2994 3930 ἀμφλοντρίδιον
3012 3849 3176 3928 (Reg.
3191 3851 3403 3929 ἀμὸλω·

1881 3934 2115 4014 θρίδιον).
2136 3937 2363 3995 ἐνταῦθα
2387 3928 2475 3996 οὖν
2506 3934 2591 3996 διὰ
2612 3941 2708 4009 τῆς
2735 3934 2920 4005 λέξεως
2944 3933 3139 4010 ταύτης
3162 3940 3405 4019 κωμῳδεῖ

1881 4022 2174 4103 Σωκράτην
2203 4021 2425 4101 λέγοντα
2445 4024 2641 4106 τέχνην
2684 4023 2794 4102 ἔχω
2826 4021 3134 4101 μαιευτικὴν
3146 4069 3164 4098 ,
3187 4023 3278 4082 καὶ
3317 4024 3404 4083 διὰ

1880 4109 2075 4183 ταύτης
2093 4114 2231 4170 ποιῶ
2247 4110 2366 4177 τοὺς
2392 4113 2518 4184 νέως
2541 4115 2751 4190 κύματα
2788 4110 3112 4189 (ἀποτίκτειν
3149 4112 3401 4190 κυήματα

1880 4198 2046 4276 neg.)
2064 4201 2158 4268 τῆς
2193 4199 2367 4278 ψυχῆς
2405 4200 2670 4275 εὐγενῆ-
2686 4198 2760 4255 35
2782 4195 2839 4256 δὲ
2858 4197 3000 4264 ἰδίως
3017 4198 3170 4269 Δ](1.,
3203 4200 3404 4258 Suidas

1880 4305 1925 4344 s.
1953 4282 2427 4362 Ἐξήμὸλωκας.-
2444 4285 2539 4341 38.
2568 4283 2859 4343 Usitatum
2888 4296 2975 4342 est
2997 4283 3406 4367 ἀμόλεεθρίδιον.

1882 4378 2065 4432 Dum.
2115 4369 2794 4450 ἰδίως-(44)1ξήμ6λωκας
2826 4390 2940 4430 om.
2985 4374 3053 4428 V.
3075 4369 3166 4430 καί
3194 4369 3398 4452 σκέψιν.

1881 4457 2025 4527 ἰδίως
2065 4457 2121 4518 δὲ
2157 4465 2251 4532 R„
2276 4459 2375 4536 qui
2417 4459 2531 4517 hoc
2567 4457 2824 4518 scholion
2858 4460 3155 4536 postponit
3182 4460 3403 4519 scholio

1881 4567 1938 4605 v.
1966 4547 2262 4614 138.-l.o
2305 4544 2621 4627 προείπομεν
2670 4546 2909 4613 R.--43
2953 4549 3108 4605 τοῦτο
3148 4546 3399 4605 Reizius.

1879 4638 2062 4694 τοῦτον
2086 4632 2212 4692 Ald.

1967 4723 2107 4793 138,
2140 4720 2213 4789 48
2235 4719 2373 4801 ,πρὸς
2399 4739 2510 4779 om.
2536 4724 2608 4779 R.
2648 4741 2736 4799 σχ.
2773 4715 2855 4776 ὅτι
2898 4717 2957 4776 οὗ
2978 4739 3069 4800 χρ.
3100 4717 3281 4800 πόρρω
3308 4722 3402 4793 τῆς

1880 4806 2102 4880 πόλεως,
2130 4805 2216 4865 ἐπὶ
2237 4809 2343 4865 τῶν
2370 4809 2541 4888 ἀγρῶν
2571 4806 2808 4887 ἄγροικος
2829 4802 2939 4883 εἶμί
2950 4809 3022 4864 V.
3037 4815 3185 4884 -49
3208 4806 3401 4879 ἄδηλον

1882 4894 1939 4954 δὲ
1964 4894 2094 4954 Ald.
2136 4896 2262 4953 sine
2307 4892 2601 4962 Ἄλλως.-
2621 4895 2696 4953 50
2731 4892 2912 4974 πόρρω
2951 4895 3207 4974 ἀγροίκων
3250 4894 3402 4962 αὐτὸς

1884 4983 2014 5047 ΑΙᾶ.
2035 5023 2098 5035 -
2118 4983 2184 5041 51
2234 4991 2450 5064 μακροῖς
2492 4989 2559 5041 V.
2576 5020 2634 5032 —
2659 4983 2731 5041 δα
2760 4983 2906 5065 παρὰ
2928 4985 3004 5064 τῷ
3049 4983 3309 5067 Εὐριπίδῃ
3328 4990 3403 5049 V.
