3859 5725
1739 284 2019 348 AVIUM.

377 417 524 497 510,
552 425 628 491 46
669 445 752 504 sq.
803 425 1070 505 proximo
1104 424 1326 484 scholio
1378 425 1685 504 postponit
1731 423 1825 496 V.,

3343 294 3455 345 ⁴85

2000 416 2149 491 539,
2176 413 2252 472 25
2273 411 2507 494 χαλέψαι
2531 414 2587 470 in
2616 401 2807 494 κλέψαι
2830 429 3170 494 corruptum
3205 436 3299 495 ap.
3321 420 3456 475 Sui-

308 508 536 583 ptaefixo
576 510 780 585 ἄλλως,
826 516 1045 573 omittit
1091 518 1159 572 R.
1183 550 1247 564 —
1283 521 1360 590 49
1393 511 1711 594 δωροδοκίας
1746 517 1819 573 V.
1919 502 2051 560 dam
2079 522 2124 561 8·
2154 499 2583 568 Χαλῑπϋπᾶτῡυς-
2608 544 2632 584 t

379 682 414 740 5
432 706 452 741 1
467 684 534 760 5,
569 708 608 763 9
644 678 789 748 εἶπεν
819 686 908 747 ἐπὶ
933 686 1018 765 (ἐκ
1043 685 1254 764 codex)
1279 690 1374 758 τῆς
1396 689 1629 770 κεφαλῆς
1658 688 1826 748 addi-

303 777 420 827 tum
447 791 516 830 ex
541 777 609 832 R.
637 777 667 833 6
690 794 802 833 om.
830 780 906 836 V.
931 810 995 822 —
1019 794 1090 832 10
1112 775 1158 832 δ’
1184 772 1540 857 ἀνασκάπτρῳ
1562 781 1630 836 V.
1654 775 1699 834 δ’
1725 774 1825 836 ἀνὰ

304 858 542 938 σκῆπτρα
560 867 630 921 G.
655 861 708 940 γ’
728 860 1019 943 ἀσκήπτρῳ
1042 862 1175 922 Ald.
1211 887 1237 915 α
1255 863 1634 923 Scribendum
1658 862 1706 924 δ’
1726 861 1826 923 ἀνὰ

305 943 536 1027 σκάπτῳ.
558 974 582 1000 n
610 951 878 1010 Dindorf.
903 987 968 1002 -
1000 969 1025 1007 1
1043 971 1068 1007 1
1098 950 1230 1011 init.
1259 949 1408 1018 ἀετός
1434 957 1505 1011 G.
1527 950 1829 1024 σκηπτοὸά-

302 1051 412 1108 μων
446 1045 603 1093 recte
648 1037 861 1096 Victor.
882 1073 949 1087 —
972 1056 1042 1096 12
1080 1035 1298 1097 εἰώθασι
1310 1082 1330 1114 ,
1374 1047 1442 1108 14
1488 1041 1724 1120 γλαῦκαν
1749 1046 1820 1101 R.

299 1153 360 1168 -
387 1120 456 1178 15
483 1123 556 1189 ὡς
578 1125 685 1205 θερ.
717 1122 775 1184 δὲ
800 1125 1046 1186 v.A1‹1.

376 1206 485 1265 521
501 1252 519 1283 ,
549 1229 619 1268 21
650 1212 1002 1296 Σωσικράτης
1023 1215 1328 1277 Kusterus.
1354 1215 1682 1295 Legebatur
1704 1219 1827 1279 Σω-

298 1292 493 1374 κράτης
522 1298 618 1357 hic
641 1312 704 1359 et
733 1300 891 1380 apud
931 1301 1151 1363 Zenob.
1181 1305 1461 1367 Proverb.
1492 1306 1526 1364 5
1547 1348 1565 1379 ‚
1604 1308 1699 1368 81.
1735 1312 1824 1367 De

300 1384 578 1445 Sosicrate
602 1387 819 1449 dictum
846 1389 920 1450 ab
954 1392 1393 1452 Hemsterhusio
1424 1395 1483 1452 in
1509 1395 1824 1455 Anecdotis

295 1470 408 1530 vol.
440 1492 466 1529 1
484 1515 502 1545 ,
528 1494 586 1552 p.
623 1495 732 1553 197
751 1522 771 1552 ,
803 1489 865 1537 et
889 1478 965 1537 ab
992 1480 1193 1537 Geelio
1221 1479 1281 1537 in
1318 1479 1593 1543 Biblioth.
1624 1484 1824 1542 critica

290 1576 445 1628 nova
472 1561 591 1620 vol.
627 1583 692 1638 1,
724 1583 783 1641 p.
823 1567 919 1625 62.
961 1565 1292 1644 Legebantur
1316 1570 1394 1649 τῷ
1439 1566 1529 1627 ιδ’.
1582 1572 1823 1630 Correxi

294 1660 364 1703 ex
381 1647 660 1707 Zenobio.
688 1655 875 1710 Dum.
896 1690 960 1704 —
985 1673 1059 1712 22
1086 1649 1383 1733 δεξάμενος,
1414 1666 1486 1726 24
1518 1656 1702 1717 οὐδένα
1728 1660 1823 1718 οὗκ

293 1731 380 1788 &av
410 1737 480 1794 V.
504 1771 570 1785 —
589 1739 664 1796 26
686 1736 743 1797 δὲ
768 1759 885 1798 om.
908 1745 1002 1814 R.,
1030 1741 1122 1801 καὶ
1151 1762 1265 1801 om.
1290 1748 1361 1802 V.
1379 1787 1444 1797 -
1469 1763 1541 1819 27
1568 1744 1820 1829 Σύὸαριν.

291 1819 435 1878 Vide
462 1823 695 1900 Taylor.
727 1827 801 1885 ad
852 1830 1081 1905 Lysiam
1110 1831 1223 1888 vol.
1261 1851 1295 1888 2
1316 1874 1334 1905 ,
1359 1852 1418 1908 p.
1455 1853 1562 1905 107
1601 1836 1816 1913 Reisk„

298 1908 630 1989 wesseling.
652 1912 725 1970 ad
749 1914 995 1975 Diodor.
1029 1938 1119 1991 12,
1155 1938 1245 1979 xo.
1279 1922 1464 1980 Dum.
1495 1918 1718 1982 σύὸασιν
1748 1928 1815 1983 V.

292 1988 553 2069 σῦμὸασιν
580 2001 651 2056 G.
670 2036 737 2052 -
763 2002 838 2061 30
863 2001 954 2063 καὶ
984 2023 1101 2063 om.
1129 2009 1200 2063 R.
1222 2042 1286 2054 —
1315 2006 1382 2063 31
1425 2007 1520 2072 Εἷς
1565 2006 1644 2084 (τὸ
1680 2008 1818 2067 add.

291 2080 391 2159 G.)
417 2081 562 2142 αὐτό.
598 2082 681 2145 ὅτι
708 2093 778 2147 V.
799 2126 866 2140 —
892 2093 965 2149 32
1006 2090 1061 2151 δὲ
1100 2092 1192 2151 καὶ
1219 2097 1289 2151 V.
1313 2131 1377 2143 —
1410 2094 1483 2154 33
1512 2096 1695 2174 πολλῷ
1719 2094 1822 2177 γὰρ

291 2164 503 2250 ὕστερον
526 2174 788 2253 Κρατῖνος
805 2177 860 2235 ἐν
880 2180 946 2259 τῇ
967 2178 1214 2257 Νεμέσει.
1233 2181 1472 2239 Fallitur
1485 2184 1822 2243 scholiastes

290 2256 391 2332 qui
416 2261 720 2321 Cratinum
750 2265 809 2322 in
834 2269 1064 2326 Nemesi
1098 2267 1292 2326 sabula
1320 2270 1498 2349 longo
1523 2285 1657 2350 post
1676 2281 1823 2330 Aves

289 2341 465 2444 editas
493 2358 772 2427 tempore,
797 2352 852 2410 h.
886 2373 936 2411 e.
971 2368 1105 2432 post
1128 2356 1364 2434 Olymp.
1399 2378 1470 2434 91
1495 2404 1512 2433 ,
1562 2380 1611 2433 1,
1648 2365 1822 2419 Lam-

287 2449 456 2507 poms
491 2446 554 2491 ut
600 2437 720 2496 vivi
762 2441 1128 2521 vigentisque
1169 2445 1521 2505 mentionem
1562 2447 1823 2525 injecisse

288 2518 516 2596 scribit3
541 2525 699 2601 quod
728 2527 1095 2589 falsissimum
1121 2551 1248 2591 esse
1275 2533 1370 2592 vel
1399 2554 1472 2592 ex
1507 2555 1576 2593 eo
1603 2536 1823 2595 intelli-

285 2605 470 2685 gitur,
493 2610 652 2687 quod
674 2616 932 2674 Nemesis
965 2616 1163 2677 fabula
1185 2632 1322 2698 post
1341 2621 1575 2681 Periclis
1597 2622 1820 2698 obitum

285 2694 480 2754 doceri
502 2699 598 2756 vix
630 2703 838 2777 potuit.
862 2708 934 2763 V.
956 2706 1249 2768 Plutarch.
1277 2710 1479 2768 Periel.
1504 2731 1557 2773 e.
1584 2712 1638 2770 3.
1666 2717 1824 2771 Mm-

286 2800 425 2841 πει.
450 2787 600 2847 Hist.
630 2792 790 2848 Com.
818 2810 877 2871 p.
907 2802 1000 2866 44.
1024 2800 1163 2854 Post
1191 2797 1362 2865 ζῶντα
1381 2797 1707 2859 addebatur
1727 2798 1821 2860 καὶ

282 2874 452 2930 ταῦτα
476 2876 658 2957 πολλῷ
684 2875 923 2962 ὕστερον.

368 2960 509 3030 523,
541 2964 612 3038 37
645 2963 827 3041 μάνεις
855 2972 952 3042 V.,
980 2988 1098 3032 om.
1135 2975 1206 3030 R.

368 3048 478 3121 527
498 3048 637 3109 ἔστιν
652 3040 749 3113 εἶδ.
779 3059 848 3115 R.
868 3051 981 3114 ἔστι
1007 3054 1064 3115 δὲ
1092 3077 1211 3118 om.
1239 3062 1309 3121 V.
1329 3059 1575 3138 παγίδας,
1592 3052 1725 3131 εἶδος
1742 3069 1816 3126 G.

368 3135 512 3210 530,
558 3140 744 3214 45-47
791 3139 1253 3213 Ὅτι-συντονίας
1292 3160 1426 3226 post
1467 3151 1822 3213 κατεσθίουσιν

284 3225 459 3301 ponit
489 3229 580 3301 V.,
610 3228 849 3305 praefixo
879 3227 1080 3307 ἄλλως,
1119 3233 1280 3310 quod
1315 3237 1652 3298 Dindorfius
1688 3253 1823 3299 ante

285 3310 558 3389 βλιμάζειν
589 3313 828 3376 addidit.
858 3354 920 3366 —
946 3318 1019 3386 46
1048 3320 1205 3378 καλλ.
1235 3321 1483 3404 ψηλαφᾶν
1508 3326 1666 3404 φησὶν
1688 3326 1822 3387 αὐτά

280 3403 355 3458 V.
381 3435 445 3447 -
464 3407 536 3473 47
565 3400 866 3478 legebatur
888 3406 1189 3485 συντομίας.
1219 3444 1282 3456 -
1312 3415 1387 3484 49
1409 3407 1525 3477 τοὺς
1544 3411 1654 3493 ὄρν.
1684 3414 1816 3472 Ald.

281 3490 431 3546 Cum
459 3487 548 3547 his
588 3490 793 3547 confer
823 3496 1013 3569 Etym.
1055 3499 1137 3553 M.
1170 3514 1227 3573 p.
1274 3515 1425 3569 200,
1469 3499 1578 3573 46,
1609 3502 1711 3578 qui
1749 3523 1823 3562 ex

279 3575 648 3722 plgnioribus
671 3578 746 3637 ad
770 3580 924 3639 hunc
950 3601 1182 3642 versum
1206 3583 1442 3644 scholiis
1459 3606 1563 3645 sua
1584 3589 1821 3668 petiisse

280 3682 343 3721 vi
386 3676 534 3723 etur.

368 3751 506 3825 531,
537 3752 610 3811 52
641 3751 722 3813 ὅτι
749 3755 810 3814 οὔ
841 3760 911 3815 R.

366 3838 505 3912 533,
535 3861 559 3897 1
590 3841 922 3925 συντρίὸουσι
950 3851 1097 3904 G.—
1118 3866 1151 3905 2
1176 3867 1261 3926 sq.
1284 3847 1565 3930 ἡδύοσμος.
1586 3853 1823 3937 προσάρ-

278 3948 448 4003 τυμα.
497 3926 699 4009 σίλφιον
729 3929 829 3988 ετὸ
859 3932 912 3989 ἐν
936 3932 1107 4013 Λιὸύῃ
1135 3934 1429 4013 γενόμενον.
1459 3940 1729 4021 θεραπεύει
1766 3941 1820 4001 δὲ

279 4010 336 4090 (ὃ
370 4012 644 4096 θεραπεύει
668 4016 763 4095 V.)
795 4016 967 4077 πολλὰ
986 4064 1005 4094 ,
1034 4017 1147 4079 ῖστι
1174 4020 1228 4079 δὲ
1256 4022 1346 4082 καὶ
1366 4026 1723 4103 πολυτίμητον
1742 4035 1816 4092 V.

279 4101 418 4161 Ald.
453 4101 545 4161 Ad
574 4123 702 4162 voc.
730 4105 1076 4188 προσάρτυμα
1092 4110 1207 4168 haec
1229 4115 1547 4172 Kusterus:
1578 4121 1681 4174 «In
1708 4119 1816 4179 Ms.

278 4194 417 4249 Vat.
437 4193 512 4249 U.
542 4194 756 4250 rectius
778 4191 907 4274 πρὸς
928 4193 989 4253 τὸ
1016 4194 1247 4278 ἄρτυμα.
1278 4199 1504 4259 Deinde
1545 4203 1781 4263 additur
1802 4249 1818 4278 ‚

276 4274 415 4359 ὅπερ
443 4279 498 4337 ἐν
526 4277 703 4360 Aea-9
738 4281 957 4359 γίνεται.
989 4284 1260 4363 θεραπεύει
1297 4285 1353 4346 δὲ
1384 4288 1578 4350 πολλά.
1622 4288 1734 4350 ἔστι
1767 4292 1820 4351 δὲ

277 4364 666 4445 πολυτίμητον.
692 4393 717 4420 »
737 4404 804 4417 —
827 4368 861 4426 5
890 4392 980 4446 μοι
1005 4390 1123 4432 om.
1155 4377 1221 4429 V.

367 4453 485 4512 535
508 4456 717 4514 lemma
734 4455 900 4534 γλυκὺ
915 4457 1005 4516 καὶ
1030 4459 1251 4541 λιπαρόν
1278 4462 1339 4520 in
1361 4464 1431 4524 R.
1456 4469 1601 4527 V.-
1616 4487 1648 4540 7
1674 4464 1820 4550 παρὰ

276 4540 344 4601 τὸ
373 4540 590 4621 χέεσθαι
616 4542 747 4602 Ald.
775 4543 1166 4624 παραχεύεσθαι
1192 4554 1265 4608 V.
1545 4562 1561 4623 θ

369 4630 508 4704 538,
545 4651 607 4687 11
643 4630 941 4714 Κενεὸρίων
975 4634 1113 4693 κατὰ
1139 4640 1211 4697 V.
1238 4636 1375 4697 κατὰ
1403 4638 1701 4723 μεταφορὰν
1729 4649 1822 4702 τοῦ

278 4715 549 4796 στοιχείου
575 4717 710 4779 ΔΜ.
734 4756 798 4770 -
826 4740 895 4777 12
936 4720 1223 4804 νεκριμέων
1256 4730 1323 4784 R.
1349 4765 1411 4778 -
1440 4738 1511 4800 14
1553 4731 1649 4789 οὐκ
1675 4728 1825 4790 ἔσται

2000 589 2115 657 540
2132 633 2149 661 ,
2174 607 2246 661 27
2279 586 2396 668 Ἐρ.
2421 586 2478 645 δὲ
2505 586 2610 647 ἀπὸ
2630 589 2736 646 τῶν
2759 590 3126 672 πρεσὸυτέρων
3152 597 3221 650 V.

2001 678 2137 749 547,
2161 678 2233 736 33
2256 695 2341 753 sq.
2359 674 2759 754 ταῦτα-λέγειν
2794 689 2924 736 ante
2945 680 3015 743 ὣς
3042 680 3087 736 εἶ
3109 670 3251 739 εἶπεν
3271 680 3455 739 collo-

1916 776 2010 822 cat
2032 768 2102 823 V.
2120 806 2137 834 ‚
2163 764 2377 822 omisso
2405 760 2481 821 δέ.

2001 851 2147 926 553,
2169 860 2236 920 41
2265 871 2351 930 sq.
2378 847 2591 929 Ὄνομα
2622 850 2820 930 ὀρνέου.
2844 850 3052 922 ἔπαιξεν
3078 855 3204 914 ὡσεὶ
3231 860 3320 930 R.,
3350 857 3453 935 qui

1918 948 1992 1009 44
2023 938 2114 999 καὶ
2141 937 2223 999 ὅτι
2242 937 2381 1020 ὄρνις
2401 937 2492 998 καὶ
2516 959 2629 998 om.
2648 939 2807 999 Idem
2831 939 3097 1023 Κεὸριόνι.

1998 1028 2146 1101 555,
2183 1031 2258 1097 48
2286 1048 2401 1088 om.
2428 1032 2529 1104 R.,
2551 1032 2588 1101 ἡ
2618 1027 2770 1110 μάχη
2799 1050 2915 1090 om.
2944 1034 3014 1088 V.

1998 1116 2136 1190 556,
2158 1115 2233 1174 50
2251 1112 2529 1184 Βοιωτούς.
2548 1119 2734 1178 Immo
2748 1114 2997 1198 Δελφούς.
3017 1122 3317 1177 Donamus.
3335 1121 3455 1193 Qui

1915 1202 2277 1286 βουλομένους.
2321 1203 2650 1282 Legebatur
2690 1205 3040 1285 βουλομένοις.
3081 1242 3146 1258 -
3195 1206 3268 1266 52
3308 1203 3454 1285 λέγει

1914 1314 2031 1354 om.
2054 1299 2119 1353 V.
2141 1329 2209 1344 -
2238 1315 2261 1352 1
2294 1283 2441 1359 οὗτος
2462 1293 2519 1350 δὲ
2543 1295 2616 1353 R.
2643 1297 2673 1354 ὁ
2693 1291 2811 1354 τότε
2835 1294 2926 1354 καὶ
2952 1295 3076 1354 Ald.
3099 1292 3191 1354 καὶ
3216 1314 3332 1355 om.
3357 1300 3452 1369 R„

1916 1382 2018 1459 qui
2042 1379 2233 1441 ἔθεντο.
2265 1416 2329 1431 -
2362 1401 2425 1439 11
2456 1379 2618 1462 τρίτῳ
2645 1380 2769 1443 ἔτει.
2799 1388 2999 1463 Longe
3025 1382 3264 1443 brevius
3299 1395 3452 1442 tem·-

1915 1490 2024 1547 pus
2060 1469 2481 1542 intercessisse,
2512 1468 2674 1527 illum
2704 1482 2897 1529 autem
2928 1491 3236 1536 numerum
3267 1473 3450 1550 negli-

1912 1570 2115 1636 genter
2141 1559 2406 1634 inspecto
2434 1557 2776 1634 Thucydide
2800 1561 3061 1638 posuisse
3088 1561 3452 1620 scholiastam

1913 1645 2171 1703 ostendit
2218 1646 2470 1704 Clinton.
2515 1650 2666 1706 Fast.
2715 1647 2859 1705 Hell.
2906 1647 3025 1706 vol.
3078 1666 3111 1705 2
3134 1692 3151 1722 ,
3202 1668 3260 1726 p.
3316 1649 3448 1709 258.

1913 1733 2139 1793 Deinde
2158 1731 2286 1813 πρὸς
2305 1731 2565 1801 Βοιωτοὺς
2586 1733 2774 1796 dicere
2788 1734 3052 1795 debebat.
3080 1737 3248 1795 Cous.
3274 1741 3458 1814 Hesy«

1912 1823 2108 1882 chium
2145 1823 2207 1882 in
2245 1819 2402 1902 Ἱερὸς
2428 1819 2656 1901 πόλεμος
2690 1843 2821 1883 cum
2861 1823 3334 1884 annotationibus
3361 1825 3450 1883 in-

1913 1923 2250 1989 terpretum.
2287 1914 2467 1969 Dum.

1995 2000 2140 2074 558,
2171 2000 2286 2075 559
2313 1996 2492 2060 habet
2510 2004 2582 2058 G.
2601 2041 2619 2072 ,
2649 1999 2751 2077 qui
2783 1999 2851 2058 18
2880 1998 2941 2058 τὸ
2962 1996 3313 2072 πληθυντικὸν
3332 1999 3450 2073 ηὔξ.

1995 2088 2143 2165 562,
2184 2106 2260 2146 22
2292 2086 2411 2166 Πρὸ
2435 2109 2487 2148 τ.
2519 2091 2569 2149 θ.
2607 2107 2722 2147 om.
2742 2091 2808 2146 V.
2837 2124 2897 2136 —
2929 2092 3002 2148 23
3033 2087 3452 2169 προσνείμασθαι

1913 2175 2087 2234 habet
2108 2180 2180 2236 R.

1996 2262 2139 2338 565,
2169 2283 2242 2339 29
2262 2261 2427 2342 φαλόν
2449 2265 2515 2321 V.
2538 2262 2756 2324 Eadem
2775 2262 3030 2328 Athenaei
3061 2263 3262 2341 opinio
3285 2277 3373 2322 est
3395 2283 3451 2338 7,

1913 2370 1969 2428 p.
2001 2351 2137 2426 325,
2165 2358 2228 2411 Β.
2251 2357 2431 2411 Dum.

1995 2439 2143 2514 566,
2176 2442 2251 2498 3ο
2282 2437 2338 2498 δὲ
2361 2461 2485 2498 ποσ.
2504 2445 2576 2498 V.
2598 2476 2663 2488 —
2685 2441 2754 2498 31
2784 2437 2841 2500 δὲ
2867 2452 2925 2498 et
2951 2442 3024 2499 32
3045 2437 3133 2499 καὶ
3157 2458 3272 2499 om.
3300 2443 3353 2498 R

1995 2526 2110 2601 557
2143 2532 2213 2588 R.
2252 2527 2429 2588 habet
2456 2525 2517 2586 τὸ
2547 2526 2614 2594 δὲ.
2644 2530 2976 2606 μελιποῢτα.
2997 2530 3282 2611 ἀρσενικῶς
3321 2526 3343 2608 (
3360 2528 3451 2586 vel

1913 2613 2227 2698 ἀρσενικόν).
2258 2615 2372 2677 ἔστι
2395 2614 2450 2676 δὲ
2473 2616 2708 2677 ἐπίθετον
2743 2620 2847 2677 τῶν
2877 2618 3101 2676 ναστῶν.

1996 2704 2139 2778 568,
2180 2714 2211 2774 4
2230 2728 2247 2763 ι
2286 2703 2502 2786 μοιχεὺς
2524 2711 2617 2781 V.,
2642 2725 2760 2766 non
2782 2706 3017 2775 G.-43
3049 2702 3130 2764 ὅτι
3153 2724 3267 2764 om.
3289 2709 3360 2762 V.
3390 2743 3452 2756 —

1914 2806 1990 2869 44
2019 2794 2340 2877 σπερμάτιον
2369 2799 2399 2853 ὁ
2417 2800 2489 2855 R.

1996 2886 2132 2960 570,
2193 2886 2267 2955 45
2318 2883 2417 2951 Ὡς
2450 2905 2566 2945 om.
2593 2890 2666 2944 R.
2695 2897 2798 2945 aut
2822 2889 2929 2960 V.,
2960 2885 3236 2944 alteruter
3267 2896 3450 2944 totum

1912 2975 2191 3033 scholion.

1995 3062 2132 3134 574.
2183 3061 2532 3141 Νεωτερικόν.
2578 3061 2722 3121 Vide
2759 3061 3095 3121 Valckenar.
3134 3058 3210 3119 ad
3248 3061 3451 3137 Eurip.

1913 3151 2151 3228 Hippol.
2193 3170 2251 3229 p.
2295 3151 2429 3208 301.
2467 3149 2750 3230 Ἀρχεννος
2785 3155 2853 3209 R.
2884 3153 2957 3209 V.
2985 3145 3286 3228 Ἀρχέννους
3319 3149 3452 3208 Ald.

1912 3237 2184 3316 Ejusdem
2209 3238 2460 3296 nominis
2492 3238 2838 3315 corruptelae
2863 3251 2998 3296 sunt
3020 3236 3177 3314 apud
3206 3236 3452 3295 Plinium

1912 3331 1984 3385 Η.
2017 3329 2089 3385 Ν.
2130 3326 2235 3399 36,
2274 3325 2342 3402 5,
2382 3326 2736 3394 Art-hermus,
2783 3326 3109 3394 Aclaermus,
3164 3324 3450 3394 Chermus,

1913 3406 2269 3463 Anthermus.
2306 3403 2571 3486 Ἀρχένεος
2608 3405 2869 3481 sculptor
2900 3403 3334 3482 antiquissimus
3369 3415 3458 3461 est

1911 3494 1973 3552 in
2003 3506 2375 3552 monumento
2415 3488 2572 3571 a'pud
2601 3492 2832 3552 Boeckh.
2856 3495 3027 3571 Corp.
3047 3491 3231 3553 lnscr.
3257 3490 3374 3553 vol.
3403 3511 3456 3565 1,

1914 3604 1969 3660 p.
2024 3584 2129 3656 38,
2190 3582 2348 3660 quod
2407 3600 2620 3640 nomen
2673 3581 3031 3659 comparavit
3086 3579 3341 3659 smigius
3394 3578 3458 3638 in

1913 3671 2188 3749 Catalogo
2233 3671 2518 3728 artificum
2557 3689 2620 3749 p.
2648 3668 2744 3736 51.
2784 3664 3013 3727 Deinde
3049 3665 3188 3727 libri
3214 3687 3343 3746 φησι
3365 3664 3457 3725 καὶ

1911 3758 1999 3818 τὸν
2023 3759 2190 3818 Βουπ.
2220 3761 2405 3815 Dum.

1997 3848 2142 3923 575,
2177 3847 2211 3906 5
2241 3847 2400 3908 αὐτοῦ
2419 3867 2535 3908 om.
2557 3845 2690 3908 Ald.
2714 3845 2870 3927 ὕμνοι
2891 3844 3212 3923 Berglerus.
3241 3842 3454 3922 κύμινοι

1997 4026 2146 4103 579,
2189 4027 2225 4084 6
2262 4022 2297 4085 ἃ
2329 4044 2445 4089 om.
2478 4029 2549 4089 R.
2576 4027 2642 4082 V.
2673 4060 2738 4081 ,-
2761 4044 2792 4096 7
2824 4019 3123 4107 ἐκλήθησαν
3151 4026 3218 4080 R.
3247 4019 3460 4103 ὦνομά·

1913 4119 2117 4187 σθησαν
2149 4113 2272 4172 Ald.
3365 4123 3374 4132 ·

1998 4204 2111 4262 580
2138 4198 2352 4285 εὑρετής
2379 4199 2581 4259 codex.
2705 4268 2718 4279 ·

1997 4291 2104 4350 581
2144 4288 2260 4347 ἀντὶ
2285 4291 2377 4347 τοῦ
2406 4288 2465 4346 οὐ
2496 4285 2775 4359 &av-effctui
2803 4299 2934 4365 post
2958 4281 3199 4366 προρέειν
3230 4293 3459 4361 ponunt

1913 4385 1982 4439 R.
2004 4384 2076 4438 V.
2101 4381 2309 4436 Totum
2338 4376 2599 4435 scholion
2626 4394 2741 4433 om.
2766 4378 2839 4431 G.

1997 4465 2109 4524 582
2127 4509 2144 4539 ,
2184 4466 2252 4523 13
2274 4460 2711 4525 Ἐπιὸουλεῦεται
2735 4465 2808 4521 V.
2843 4456 3204 4520 ἐπιδουλεῦετε
3233 4458 3364 4519 Ald.
3397 4497 3460 4511 .-

1920 4577 1942 4613 1
1956 4564 1990 4624 4
2018 4557 2162 4632 ἡμᾶς
2181 4557 2274 4626 V.,
2294 4571 2415 4610 non
2434 4558 2527 4627 G.‚
2552 4552 2656 4629 qui
2678 4549 2894 4608 omittit
2911 4546 3173 4609 scholion
3197 4547 3273 4607 ad
3306 4546 3444 4616 584.

1995 4643 2147 4718 588,
2177 4651 2251 4711 24
2282 4639 2498 4713 οἴνανθ’,
2533 4642 2608 4698 25
2640 4636 2820 4706 στάζει
2845 4635 2937 4695 καὶ
2965 4636 3099 4696 Ald.

1997 4731 2144 4808 598,
2179 4731 2253 4790 36
2291 4725 2573 4810 κυπρόθεος
2598 4727 2666 4787 V.
2704 4723 2956 4792 Σιδώνιος
2990 4723 3120 4784 Ald.
3160 4761 3224 4776 -
3258 4725 3330 4797 37
3365 4744 3454 4803 sq.

277 4825 400 4865 κεν.
433 4804 570 4865 ΔΙιΙ.
593 4843 657 4856 -
684 4807 755 4865 15
793 4808 1168 4870 scribebatur
1196 4813 1481 4897 κενέὸριον.
1518 4819 1825 4879 Erotianus
1915 4819 2095 4902 σκάφη
2125 4818 2264 4878 κατὰ
2287 4820 2392 4876 τῶν
2420 4818 2549 4875 θεῶν
2574 4819 2647 4873 V.

281 4911 350 4971 p.
394 4902 509 4964 204
559 4914 574 4950 t
620 4893 905 4977 Κενέὅρεια
930 4921 944 4956 :
970 4896 1040 4957 τὰ
1066 4909 1349 4982 νεκριμαῖα
1390 4902 1520 4986 κρέα
1560 4902 1696 4966 οὕτω
1732 4928 1829 4965 κα-

278 4980 532 5050 mittat,
558 4982 630 5047 ὣς
654 4981 745 5040 καὶ
769 4981 1139 5068 Ἀριστοφάνης
1163 5014 1187 5044 κ
1211 4991 1307 5050 οὔκ
1330 4988 1440 5060 ἔσθ’
1481 4991 1511 5054 ὃ
1536 4992 1827 5078 κενέὸρειον

280 5063 1048 5152 σᾶτανθύῃςτικαλεῑμε.»

1998 4908 2134 4980 601,
2167 4916 2240 4976 42
2265 4904 2629 4987 παροιμιακῶς
2653 4906 2725 4961 V.
2768 4901 2909 4980 (non
2931 4899 3028 4979 G.)
3056 4900 3188 4962 Ald.

1998 4994 2148 5071 609,
2173 5002 2248 5070 49
2269 4990 2445 5051 verba
2466 4989 2558 5049 καὶ
2582 4994 2736 5050 τοῦτο
2760 4989 3078 5069 respiciunt
3097 4986 3171 5047 ad
3193 4987 3468 5049 scholion.

1919 5103 1977 5144 v.
2010 5080 2229 5157 575.--
2250 5080 2318 5141 51
2346 5079 2524 5163 γενεὰς
2546 5077 2667 5150 ζώει
2687 5084 2760 5141 V.
