3859 5725
1695 245 2062 320 EQmTUM.

3328 255 3445 309 ⁴09

317 383 494 446 schol.
518 385 592 445 ad
614 406 670 443 v.
689 406 822 459 721,
836 384 940 444 ubi
965 381 1233 466 παρέλαὸε
1250 383 1312 441 in
1327 400 1392 442 re
1412 380 1631 440 eadem.
1658 384 1836 459 Lege-
1923 391 2132 440 runtur
2152 378 2276 437 haec
2294 378 2368 436 ad
2396 373 2888 458 ὑπερεπυππάζοντο
2903 418 2920 447 ,
2946 376 3105 453 quod
3126 377 3290 454 ponit
3309 379 3448 439 Sui-

315 473 484 532 batm·
508 475 746 555 παρεῖλε.

370 571 532 640 ’640,
560 590 598 645 9
627 566 954 649 προσήνεγκε
979 564 1045 625 τὰ
1069 570 1283 625 τοιαῦτα
1303 568 1373 627 Θ.

393 667 531 738 641,
578 686 646 723 10
682 664 742 724 τὸ
775 666 847 726 Θ.
871 663 960 723 τὸν
986 667 1056 721 V.
1088 661 1185 734 τὴν
1211 662 1341 721 AJd.
1445 683 1508 720 11
1547 666 1837 734 θυσιαστη-

317 750 460 830 ρίου,
508 772 577 810 12
631 750 995 823 καταληπτέον
1042 751 1112 811 Θ.
1150 749 1212 816 ἃς
1245 748 1385 815 τινὲς
1420 748 1608 809 snidae
1650 749 1838 807 codex

314 838 472 897 Leid.
516 858 561 896 s.
608 838 914 917 Κιγκλίδας.
958 836 1284 915 Legebatur
1323 837 1555 903 ἅστινας.
1578 837 1836 904 δικλείδας

312 925 385 985 Θ.
417 924 575 1005 φασίν
604 925 862 984 additum
893 945 967 983 ex
1002 926 1200 985 Suida.
1246 925 1387 993 ἰδίως
1424 946 1541 987 0111.
1567 927 1637 987 Θ.
1662 964 1726 976 -
1769 929 1836 984 13

313 1010 501 1081 ἀνέωξε
524 1018 594 1072 V.
627 1012 829 1084 ἠνέωξα
857 1015 928 1074 Θ.
952 1050 1015 1063 --
1050 1015 1117 1071 16
1146 1034 1274 1091 sqq.
1307 1014 1569 1073 Glossam
1595 1018 1624 1073 ὁ
1664 1016 1838 1075 Πελο-

311 1101 657 1172 ποννησιακὸς
676 1100 914 1174 δηλονότι
934 1101 1111 1161 habet
1135 1107 1225 1176 V.,
1250 1122 1361 1161 om.
1392 1108 1462 1161 G.

392 1196 530 1268 645,
571 1214 664 1269 20,
699 1216 767 1253 21
804 1215 917 1255 om.
946 1197 1014 1254 V.
1043 1198 1112 1257 Θ.
1147 1204 1281 1257 Post
1323 1196 1455 1273 ἄγαν
1500 1196 1659 1255 addit
1702 1196 1832 1255 Ald.

313 1274 396 1350 αἶς
424 1286 453 1341 ὅ
477 1280 643 1355 πηλὸς
680 1281 876 1360 γένεσίς
903 1287 1014 1344 ἐστι
1040 1284 1174 1343 πάνυ
1204 1282 1460 1358 ἰλυώδης,
1496 1281 1621 1343 ὅταν
1669 1288 1838 1364 συστῇ

312 1368 402 1430 καὶ
419 1369 636 1446 γένηται
658 1370 849 1449 μέλας,
873 1372 1023 1454 φύσει
1046 1374 1149 1434 τινὶ
1162 1373 1442 1455 ἀπορρήτῳ
1457 1375 1527 1438 εἰς
1543 1376 1650 1441 ζῶα
1675 1397 1843 1450 μετα-

312 1456 567 1518 6άλλεται
587 1459 898 1536 πάμπολλα.
918 1460 1061 1521 οὐδὲν
1086 1461 1141 1520 δὲ
1162 1461 1364 1564 δέονται
1381 1464 1590 1543 τροφῇς.
1627 1461 1837 1543 ἀπόχρη

312 1567 374 1622 γε
395 1544 501 1623 μὴν
526 1547 764 1618 ἀλλήλας
790 1549 1295 1630 περιλιχμήσασθαι.
1331 1549 1467 1628 ἄγρα
1491 1548 1546 1608 δὲ
1568 1550 1740 1608 αὖτῶν
1765 1547 1843 1608 εἵ-

314 1655 457 1712 ματα
474 1632 669 1692 λεπτά·
694 1638 765 1702 εἷς
785 1636 839 1696 δὲ
862 1637 1034 1697 ἄλλων
1052 1636 1241 1717 ἰχθύων
1268 1635 1429 1717 θήραν
1445 1635 1679 1707 ἥκιστυν.
1712 1661 1844 1715 συμ-

315 1717 486 1778 6αίνει
514 1719 571 1781 δὲ
587 1720 683 1793 τὴν
708 1721 874 1803 ἀφύαν
893 1725 1124 1805 τάχιστα
1146 1724 1377 1804 ἕψεσθαι.
1401 1720 1515 1781 ὅθεν
1542 1723 1632 1783 καὶ
1653 1747 1843 1805 παροι-

316 1805 441 1884 μία,
471 1806 612 1889 ἀφύα
650 1811 700 1874 ἒς
731 1816 866 1891 πῦρ,
902 1811 1114 1872 ἐπὶτῶν
1150 1811 1298 1880 τέλος
1335 1810 1423 1879 ὀξὺ
1446 1810 1843 1887 λαμὸανόντων.

315 1895 499 1960 ἑνικῶς
525 1891 581 1952 δὲ
604 1885 749 1963 οὗτος
770 1898 825 1955 ἐν
844 1900 1200 1976 Ταγηνισταῖς
1223 1890 1366 1958 εἶπεν
1386 1895 1526 1980 ἀφύη
1550 1920 1564 1935 ·
1595 1900 1649 1958 ἓν
1670 1898 1847 1967 ἄλλοις

317 1978 365 2038 δ’
392 1979 471 2038 ἀεὶ
493 1981 855 2052 πληθυντικῶς
879 1984 971 2050 τὰς
1008 1986 1204 2067 ἀφύας,
1233 1984 1443 2066 λέγεται
1483 1981 1540 2040 δὲ
1567 1983 1659 2044 καὶ
1689 1986 1847 2068 ἀφρὸς

320 2066 407 2126 διὰ
434 2067 528 2139 τὴν
548 2069 857 2142 λευκότητα.
888 2070 1004 2133 ἔστι
1033 2073 1089 2133 δὲ
1121 2078 1155 2145 ἡ
1184 2072 1333 2154 παρὰ
1353 2073 1564 2131 πολλῶν
1587 2074 1845 2155 λεγομένη

318 2152 610 2235 ἔγγραυλις.
638 2156 729 2216 καὶ
762 2156 938 2240 ἀφύων
964 2158 1092 2237 τιμὴ
1119 2159 1181 2219 τὸ
1221 2158 1422 2235 ἔλαιον,
1458 2158 1571 2216 ἐπεὶ
1609 2161 1662 2219 έν
1707 2163 1848 2242 αὐτῷ

320 2238 554 2323 ἕψονται.
582 2242 675 2302 καὶ
698 2244 865 2324 ἀφύας
879 2248 1169 2328 φαληρικὰς
1190 2245 1280 2314 τὰς
1301 2247 1549 2327 μεγάλας.
1568 2247 1849 2329 Φαληρεὺς

319 2328 377 2389 δὲ
418 2330 580 2408 λιμὴν
620 2337 715 2405 τῆς
740 2334 991 2408 Ἀττικῆς.
1024 2335 1135 2396 ἔστι
1170 2336 1226 2397 δὲ
1260 2338 1386 2417 γένη
1425 2339 1658 2400 πλείονα.
1689 2344 1723 2411 ἡ
1755 2338 1848 2415 μὲν

319 2420 521 2499 ἀφρῖτις
542 2420 828 2499 λεγομένη,
856 2422 969 2494 ἥτις
993 2426 1051 2481 οὐ
1069 2423 1265 2500 γίνεται
1292 2425 1397 2485 ἀπὸ
1435 2426 1587 2504 γόνου
1603 2470 1620 2498 ,
1646 2427 1761 2484 ἀλλ’
1791 2427 1851 2484 ἔκ

319 2512 410 2565 τοῦ
430 2508 831 2578 ἐπιπολάζοντος
858 2516 923 2592 τῇ
954 2512 1190 2593 θαλάσσῃ
1211 2516 1376 2595 ἀφροῦ
1395 2516 1486 2576 καὶ
1509 2517 1683 2587 πηλοῦ
1698 2513 1851 2574 ἰλυώ-

322 2593 473 2669 δους,
508 2597 579 2661 ὣς
605 2595 847 2678 ἀνωτέρω
875 2599 1077 2680 ἐρρέθη.
1106 2599 1261 2682 ἑτέρα
1289 2601 1347 2660 δέ
1374 2605 1512 2662 ἐστιν
1535 2608 1569 2675 ἡ
1592 2600 1849 2682 λεγομένη

320 2681 562 2758 κωὸῑτις,
583 2685 619 2757 ἢ
641 2685 838 2762 γίνεται
872 2689 933 2746 ἔκ
950 2691 1056 2746 τῶν
1081 2693 1282 2769 μικρῶν
1313 2690 1403 2750 καὶ
1431 2691 1641 2774 φαύλων
1668 2693 1773 2749 τῶν
1798 2692 1852 2749 ἐν

320 2772 387 2849 τῇ
424 2770 589 2851 ἄμμῳ
619 2770 913 2851 φερομένων
940 2774 1167 2835 κωὸιῶν.
1196 2775 1248 2845 ἐξ
1278 2780 1436 2850 αὗτῇς
1475 2777 1531 2838 δὲ
1566 2777 1767 2859 ἕτεραι,
1797 2775 1854 2835 αἳ

321 2858 684 2941 ἕγκρασίχολοι
732 2865 1030 2922 καλοῦνται.
1078 2860 1169 2922 καὶ
1208 2864 1342 2937 ἄλλη
1360 2911 1376 2940 ,
1406 2866 1524 2940 ἥτις
1559 2866 1672 2927 ἐστὶ
1711 2865 1854 2948 γένος

324 2948 594 3024 μαινίδων.
616 2948 705 3007 καὶ
722 2947 857 3021 ἄλλη
874 2952 934 3023 ἐκ
953 2954 1045 3023 τῇς
1062 2950 1377 3032 μεμὸράδος.
1396 2954 1488 3012 καὶ
1509 2950 1646 3025 ἄλλη
1668 2956 1729 3013 ἐκ
1745 2956 1851 3012 τῶν

323 3057 524 3182 ἷῖἔίῗζ
548 3034 990 3205 ἵξιωέᾠξοῗῖ
1029 3038 1505 3187 530ἒέξῖῗέ
1549 3043 1851 3188 20³3}ssssssss

324 3223 511 3289 pturae
536 3212 697 3271 vitiis
724 3233 798 3270 ex
817 3213 1042 3273 AEliano
1079 3220 1152 3272 N.
1185 3221 1253 3273 A.
1289 3236 1354 3289 2,
1388 3236 1493 3289 22,
1525 3218 1747 3294 reliqua
1782 3236 1854 3275 ex

324 3300 500 3357 suida
545 3314 677 3358 sunt
710 3302 1057 3380 transcripta
1076 3323 1121 3361 s·
1162 3302 1343 3385 Ἀφύα.
1373 3309 1554 3362 Dum.
1573 3339 1637 3352 -
1656 3324 1730 3362 22
1761 3305 1850 3362 εὗ-

325 3392 608 3476 ωνοτέρους
636 3402 703 3452 V.

409 3492 544 3563 646,
568 3492 641 3547 26
664 3490 725 3550 τὸ
742 3496 808 3550 V.
838 3492 907 3551 Θ.
932 3524 1013 3535 --
1046 3510 1117 3564 27
1144 3489 1238 3562 τὴν
1256 3490 1502 3562 ναυτικήν
1522 3493 1594 3552 Θ.

409 3585 542 3657 648,
562 3588 636 3643 32
669 3576 775 3644 οἷον
814 3599 871 3643 et
891 3588 965 3644 33
990 3584 1078 3644 καὶ
1100 3606 1211 3644 0111.
1231 3587 1300 3646 Θ.
1326 3587 1468 3665 αὐτῷ
1488 3591 1552 3644 V.

407 3678 544 3752 650,
567 3682 638 3755 37
669 3681 750 3738 sic
773 3680 999 3739 codices
1018 3693 1073 3736 et
1090 3679 1295 3740 Suidas
1318 3701 1363 3738 s.
1389 3679 1736 3763 Δημιουργός.
1765 3678 1855 3749 τὰς

323 3766 666 3846 παρεστώσας
688 3801 767 3812 -
788 3773 1036 3845 γυναῖκας
1065 3767 1194 3825 Ald.

411 3863 545 3936 651,
572 3865 643 3931 43
664 3863 883 3935 ἤσθοντο
909 3862 999 3922 καὶ
1028 3867 1090 3920 V.
1121 3865 1191 3924 Θ.

410 3958 544 4030 658,
575 3959 645 4017 52
677 3962 729 4018 ἐν
753 3967 897 4033 ταῖς,
924 3961 995 4027 54
1029 3959 1225 4038 βόλιτοι
1259 3957 1311 4017 δὲ
1348 3957 1589 4038 λέγονται
1610 3962 1657 4019 οἱ
1689 3962 1764 4022 Θ.
1795 4000 1859 4011 -

333 4052 368 4110 5
402 4049 521 4123 δίκη
548 4053 896 4112 Diodorfius.
926 4053 1247 4130 Legebatm·
1276 4053 1446 4126 δίκην.

410 4148 549 4225 660,
581 4169 603 4204 1
621 4169 642 4204 1
673 4147 1049 4229 Καλλίμαρχος
1070 4149 1192 4226 (sic)
1214 4147 1577 4230 πτολέμαρχος
1601 4151 1672 4210 Θ.
1695 4152 1855 4209 πολε-

331 4232 555 4314 μάρχιος
574 4235 702 4293 Ald.
733 4276 810 4289 -
843 4239 909 4294 13
935 4236 996 4292 ἀν
1018 4236 1175 4294 πάλιν
1200 4237 1270 4297 Θ.
1308 4277 1384 4290 -
1412 4237 1480 4294 15
1507 4235 1765 4318 χιμάρους
1786 4239 1856 4299 Θ.

331 4341 462 4379 011111
490 4322 669 4380 altero
697 4324 847 4380 inter
874 4324 1067 4381 lineas.

413 4410 548 4483 662,
580 4409 649 4465 18
678 4410 1040 4468 scribebatur·
1070 4407 1266 4492 θρίσας.

412 4497 549 4569 663,
574 4517 641 4554 21
675 4496 967 4578 ᾶπέὸλεψεν
986 4498 1117 4557 Ald.
1135 4533 1215 4544 —
1241 4517 1313 4555 22
1337 4495 1616 4580 προσέθετο
1636 4504 1709 4557 V.
1733 4499 1860 4580 παρ’

328 4581 558 4675 ᾯμήρφ
580 4587 653 4647 Θ·

413 4672 553 4744 665,
584 4676 659 4732 28
692 4673 861 4752 δήμου
885 4694 998 4731 0111.
1027 4678 1098 4733 V.
1130 4672 1380 4756 ἄρχοντος
1407 4678 1480 4731 G.

413 4760 530 4832 673
546 4760 755 4841 ἐρρέτω·
769 4761 1035 4820 τουτέστιν
1052 4762 1295 4838 οὐδεμίαν
1316 4783 1401 4843 φρ.
1417 4783 1476 4818 π.
1489 4759 1776 4837 ποιούμεθα
1787 4761 1858 4820 Θ.

413 4848 551 4922 675,
576 4858 649 4917 42
671 4848 934 4925 ὑπήγοντο
954 4849 1243 4917 Ald.-44
1276 4847 1558 4928 δρύφακτοι
1582 4848 1637 4906 δέ
1664 4850 1766 4906 εἶσι
1792 4845 1860 4906 τὰ

333 4937 490 5001 Θ.-.--
514 4937 587 5006 45
620 4950 748 5017 post
772 4938 896 5007 ξύλα
926 4938 1226 5015 sequentia
1251 4950 1309 4995 et
1339 4938 1525 5015 49-51
1563 4956 1678 4995 om.
1708 4939 1778 4999 Θ.

413 5025 530 5084 680
560 5026 767 5085 lemma
811 5026 1085 5084 Aldinum
1132 5023 1499 5107 ὑπερεπῄνουν.
1536 5026 1647 5086 Sed
1695 5027 1855 5084 rese-

1923 467 2023 529 das
2064 489 2109 527 8.
2149 468 2207 525 h.
2240 486 2299 523 v.
2333 464 2597 545 Γράφεται
2638 463 2729 524 καὶ
2769 484 2886 522 om.
2929 465 2999 524 Θ.
3028 476 3086 523 et
3114 467 3333 525 Suidas.
3374 471 3448 525 Et

1926 570 2080 616 recte
2101 557 2355 613 fortasse.
2379 558 2683 622 Duum—l.
2705 575 2773 630 με
2792 572 2907 612 0111.
2932 555 3003 615 Θ.
3029 545 3134 615 οἷον
3150 577 3265 616 0111.
3288 556 3447 618 Suid.

2003 646 2118 703 683
2140 643 2385 721 glossam
2407 638 2798 718 κεκοσμημένον
2821 642 2995 702 habet
3015 649 3107 716 V.,
3131 664 3246 705 om.
3280 651 3352 705 G.

2006 734 2145 809 692,
2180 733 2254 789 26
2279 729 2490 807 λέγεται
2517 730 2588 790 Θ.
2611 772 2691 783 -
2716 733 2790 789 3ο
2813 730 2868 791 δὲ
2890 752 3004 791 om.
3033 737 3107 792 V.

2008 819 2121 894 693
2155 817 2411 899 γράφεται
2432 815 2843 896 καταπινόμενος
2869 826 2934 879 V.
2967 840 3003 879 a
3026 841 3101 880 m.
3128 841 3264 895 rec„
3293 820 3453 899 quod

1926 927 2039 965 om.
2074 911 2145 965 G.
2167 939 2243 952 —
2272 907 2345 978 37
2375 903 2480 963 ἀπὸ
2504 905 2635 982 (pro
2649 906 2842 986 λείπει)
2865 906 2922 965 δὲ
2940 913 3033 967 τοῦ
3062 910 3133 976 ὣς
3150 910 3223 969 Θ.

2006 994 2143 1069 694,
2163 996 2236 1062 43
2261 991 2711 1070 ἀνθυποσχόμενος
2733 995 2803 1055 Θ.

1917 1121 1926 1128 -
2008 1081 2143 1157 696,
2188 1083 2221 1140 3
2252 1088 2518 1161 κεραυνοῖς
2546 1082 2623 1141 Θ.
2676 1123 2730 1133 -
2758 1083 2791 1140 5
2825 1083 3130 1162 ψολόεντας,
3162 1081 3367 1144 suidas
3409 1102 3454 1141 ε.

1927 1167 2189 1251 Κεραυνός
2221 1169 2383 1227 addit
2411 1172 2458 1227 οἱ
2486 1172 2552 1248 τῇ
2577 1168 2767 1247 ψαύσει
2800 1169 3055 1238 ὄλλύντες.
3099 1174 3324 1251 ἀργῇται
3358 1170 3456 1238 Θ..

1930 1261 2031 1337 qui
2052 1277 2163 1316 0111.
2194 1258 2364 1328 7-13,
2400 1275 2604 1328 17-20.

2012 1345 2149 1421 698,
2186 1362 2258 1399 22
2280 1346 2314 1412 ἡ
2341 1371 2424 1387 -·
2458 1340 2747 1414 ξενισθῇναι
2792 1363 2905 1403 0111.
2946 1345 3013 1405 V.
3043 1377 3123 1390 —
3146 1346 3222 1403 28
3250 1341 3459 1402 ἕκὸάλω

1930 1457 1991 1493 σε
2015 1438 2085 1491 V.
2114 1428 2324 1490 έκὸαλῶ
2348 1433 2440 1501 τῇς
2458 1433 2553 1507 γῇς
2574 1431 2767 1502 ταύτης
2784 1432 2856 1492 Θ.
2881 1472 2960 1483 -
2989 1451 3066 1508 29
3093 1432 3303 1512 ἐκφαγῶ
3325 1434 3398 1493 Θ.

2012 1540 2143 1592 700,
2173 1518 2245 1574 32
2275 1515 2532 1581 ἀνατιθεὶς
2553 1523 2623 1576 V.
2644 1552 2725 1564 —
2749 1521 2820 1578 33
2847 1516 2939 1577 καὶ
2961 1539 3076 1577 om.
3095 1519 3166 1578 Θ.

2016 1610 2153 1682 708,
2186 1610 2262 1668 53
2281 1608 2459 1667 πάλιν.
2488 1613 2724 1666 Lemma
2752 1607 3021 1684 ἀπονυχιῶ
3048 1627 3143 1664 σου
3169 1606 3463 1682 praefixum

1933 1696 1995 1753 in
2019 1697 2150 1754 Ald.
2170 1695 2301 1778 πρὸς
2323 1717 2568 1775 μαγειρον
2585 1692 2790 1772 ἔσκωψε
2806 1697 2879 1753 Θ.

2015 1803 2151 1860 709,
2182 1804 2215 1841 2
2243 1782 2543 1842 ἀποκλείσω
2562 1822 2579 1852 ,
2608 1778 2892 1863 ἅποφράξω
2908 1781 2980 1840 Θ.
3007 1779 3237 1839 Omittit
3256 1781 3464 1838 suidas

1934 1890 1979 1929 5.
2004 1869 2328 1949 Ἇπονυχιῶ,
2352 1891 2460 1929 nec
2481 1884 2614 1947 apta
2635 1880 2770 1927 sunt
2795 1869 2929 1926 huic
2958 1867 3141 1926 verbo
3172 1867 3466 1943 interpre-

1935 1956 2130 2017 tando.
2163 1957 2254 2017 Ad
2286 1957 2457 2015 aliam
2495 1958 2801 2015 lectionem
2830 1957 3113 2035 ἀπομυχιῶ
3150 1955 3328 2013 refert
3354 1960 3465 2012 Do-

1935 2043 2142 2103 braeus.
2171 2050 2352 2103 Dum.

2021 2152 2088 2203 71
2104 2153 2155 2204 1,
2177 2154 2214 2207 9
2234 2133 2431 2210 μᾶλλον
2455 2133 2568 2211 ἰσχ.
2586 2143 2645 2190 et
2673 2121 2787 2190 εἶπε
2807 2130 2906 2200 Θ.,
2932 2129 3032 2207 qui
3059 2147 3174 2187 om.
3196 2149 3234 2205 9
3250 2127 3315 2188 τὸ
3340 2130 3464 2191 κάκ.

1938 2231 1996 2277 et
2019 2221 2319 2296 sequentia
2341 2220 2415 2278 ad
2437 2221 2475 2278 l.
2509 2241 2598 2292 17.

2024 2309 2159 2380 716,
2185 2328 2255 2365 21
2299 2308 2463 2366 addit
2484 2307 2617 2365 ΔΜ.
2642 2305 2819 2372 τίτθας
2842 2295 2933 2364 οὖν
2969 2303 3063 2372 τὰς
3094 2303 3343 2387 τροφοὺς,
3375 2304 3469 2370 τὰς

1941 2394 2166 2472 μάμμας
2181 2440 2198 2466 ,
2226 2397 2297 2462 ὡς
2328 2393 2389 2454 τὸ
2413 2423 2438 2482 5
2458 2394 2556 2453 ὅσα
2587 2395 2643 2453 δὲ
2666 2395 2820 2476 ἀργία
2847 2393 3182 2476 μεμάρανται
3205 2394 3296 2452 καὶ
3316 2396 3469 2474 ῥαθυ-

1944 2483 2041 2563 μίᾳ
2065 2482 2373 2564 διέφθαρται
2392 2482 2641 2564 μειράκια
2654 2525 2670 2554 ,
2688 2491 2803 2550 ταῖς
2822 2482 3019 2548 τίτθαις
3039 2481 3359 2559 ἀπομύττειν
3378 2481 3470 2540 καὶ

1938 2580 2053 2638 ταῖς
2069 2568 2272 2650 γυναιξὶ
2289 2570 2458 2630 λούειν
2478 2568 2848 2652 ἀποπέμψατε,
2865 2569 2955 2629 καὶ
2974 2568 3307 2652 θρυπτόμενα
3323 2569 3472 2651 παρὰ

1940 2659 2152 2725 ταύταις
2171 2701 2187 2730 ,
2216 2657 2618 2737 στωμύλλεσθαι
2657 2657 2747 2717 καὶ
2780 2660 2958 2717 λαλεῖν
2998 2658 3120 2737 περὶ
3160 2657 3353 2739 κρόκης
3379 2657 3472 2718 καὶ

1942 2745 2220 2823 στημόνων
2249 2747 2504 2824 ἐάσωμεν.
2526 2773 2552 2800 a»
2578 2751 2796 2804 Inserta
2825 2766 2901 2804 ex
2923 2746 3102 2806 Suida
3124 2766 3167 2804 s.
3201 2746 3391 2817 Τίτθη.

2025 2856 2058 2911 7
2072 2857 2161 2909 17,
2186 2837 2258 2894 23
2278 2838 2374 2907 τῇς
2395 2834 2695 2917 ῥᾳδιουγίας
2714 2835 2850 2896 Θ.-
2871 2835 2945 2893 25
2967 2831 3042 2913 μὴ
3062 2832 3297 2900 δύπασας
3307 2839 3376 2894 V.
3394 2831 3472 2912 μὴ

1943 2920 2225 2998 σύμπασας
2261 2928 2331 2981 G.
2369 2921 2462 2990 τὰς
2485 2936 2542 2981 et
2578 2925 2651 2981 26
2672 2920 2742 2981 τὰ
2760 2922 2946 2982 παιδία
2968 2942 3081 2981 0111.
3100 2925 3172 2984 Θ.
3187 2959 3249 2971 -
3271 2924 3344 2980 28
3362 2929 3472 2990 τοῖς

1939 3010 2195 3083 παιδίοις,
2244 3012 2316 3068 33
2359 3011 2448 3070 ἐπὶ
2487 3015 2565 3091 τῷ
2610 3011 2849 3083 θηλάζειν
2890 3009 2958 3069 τὰ
3000 3009 3166 3091 βρέφη
3208 3014 3279 3073 Θ.
3303 3048 3367 3060 -
3396 3012 3470 3080 34

1940 3100 2083 3180 παρὰ
2132 3099 2392 3158 additum
2431 3121 2503 3159 ex
2550 3101 2728 3159 Suida
2756 3121 2800 3159 s.
2845 3103 3164 3160 Κατασπᾶν.
3188 3102 3360 3177 -36,
3396 3102 3470 3174 37

1943 3207 2056 3246 0111.
2086 3188 2180 3260 Θ.,
2217 3185 2364 3267 εύρὶιν
2391 3229 2469 3240 -—
2494 3185 2695 3261 πένητα
2723 3208 2840 3249 0111.
2864 3192 2931 3246 V.

2027 3295 2132 3346 721
2165 3295 2278 3333 om.
2296 3276 2369 3336 Θ.

2028 3364 2160 3436 723,
2188 3365 2260 3429 43
2290 3364 2583 3440 εὐδοκιμεῖν
2606 3364 2677 3423 Θ.

2027 3453 2159 3522 725,
2185 3449 2258 3507 50
2280 3452 2419 3532 αὐτῷ
2436 3452 2507 3510 Θ.
2529 3483 2606 3496 -
2633 3452 2705 3508 52
2731 3450 2886 3510 idem
2915 3470 3028 3509 om.
3050 3451 3200 3522 δῆτα.

2029 3558 2159 3613 729.
2193 3543 2338 3597 Cum
2381 3539 2493 3596 hoc
2541 3540 2761 3597 scholio
2800 3539 3249 3617 comparandum
3290 3540 3471 3599 schol.

1947 3626 2099 3682 Pluti
2143 3647 2196 3684 v.
2239 3627 2406 3685 1055.
2430 3662 2495 3674 -
2518 3626 2555 3682 6
2594 3625 2902 3704 οἰκουμένην
2937 3626 3117 3708 χώραν
3158 3629 3229 3688 Θ.
3250 3663 3312 3675 -
3334 3638 3368 3687 8
3396 3628 3474 3685 le·

1950 3713 2193 3789 gebatur
2216 3712 2517 3784 Ἄθηναίων.
2544 3716 2879 3772 correctum
2899 3734 2970 3771 ex
2989 3715 3167 3773 schol.
3191 3716 3340 3772 Pluti
3387 3714 3475 3772 θύ-

1949 3799 2445 3871 σειαν-Ἀθηναίων
2490 3820 2604 3858 0111.
2644 3807 2711 3860 V.
2732 3838 2795 3849 —
2821 3822 2883 3859 11
2928 3798 3021 3868 τὰς
3057 3823 3171 3860 0111.
3215 3802 3372 3862 Θ.-
3406 3821 3473 3859 12

1949 3881 2163 3969 Ἄδαριν
2190 3894 2469 3947 Maussac.
2490 3888 2560 3946 ad
2591 3893 2931 3966 Harpocrat.
2958 3910 3015 3968 p.
3047 3892 3104 3963 8,
3136 3903 3194 3947 et
3211 3902 3296 3948 est
3314 3888 3474 3966 apud

1950 3974 2183 4032 saidam
2217 3995 2261 4034 s,
2292 3974 2522 4056 Ἀὄαρις.
2568 3976 2896 4053 Legebatur
2924 3974 3090 4057 βάριν.
3121 3975 3216 4047 τὴν
3261 3995 3377 4033 0111.
3402 3980 3474 4033 V.

1948 4097 2009 4108 —
2044 4071 2109 4130 14
2143 4060 2413 4141 Ἀὅάριδος
2451 4068 2800 4121 Maussacus.
2859 4064 3187 4141 Legebatm·
3229 4062 3473 4142 Βάριδας.

1955 4147 2206 4228 βρασίδας
2237 4152 2307 4210 Θ.
2347 4150 2473 4209 Ald.
2516 4150 2709 4220 addit,
2753 4149 2888 4217 τινὲς
2917 4151 2972 4209 δὲ
3001 4150 3089 4210 τὸν
3116 4148 3305 4222 Θησέα
3347 4147 3476 4230 φασὶ

1953 4235 2066 4293 καθ’
2095 4234 2151 4293 ὃν
2173 4236 2352 4317 καιρὸν
2380 4240 2450 4301 εἰς
2476 4237 2691 4319 Κρήτην
2711 4235 2858 4296 ἔπλει
2881 4235 3182 4319 προσχόντα
3207 4234 3367 4316 Δήλῳ
3388 4234 3475 4293 διὰ

1948 4325 2188 4400 χειμῶνα
2205 4368 2222 4395 ,
2247 4321 2490 4392 εὔξασθαι
2509 4329 2585 4405 τῷ
2612 4324 2897 4384 Ἀπόλλωνι
2916 4323 3333 4404 καταστέψεσθαι
3346 4319 3481 4380 κλά·

1953 4408 2058 4473 δοις
2085 4410 2292 4483 ἐλαίας,
2326 4410 2449 4470 ὅταν
2479 4417 2622 4491 σωθῇ
2657 4412 2746 4471 τὸν
2773 4410 3113 4492 Μινώταυρον
3145 4408 3473 4481 ἀποκτείνας,

1951 4496 2042 4554 καὶ
2079 4497 2361 4557 θυσιάσειν.
2399 4499 2489 4558 καὶ
2522 4498 2619 4571 τὴν
2663 4498 2930 4580 ἱκετηρίαν
2974 4496 3173 4571 ταύτην
3205 4495 3474 4556 καταστέ-

1949 4585 2121 4661 ψαντα
2151 4588 2348 4666 ἑψῆσαι
2375 4587 2573 4668 χύτραν
2599 4586 2795 4667 ἀθάρης
2832 4586 2923 4645 καὶ
2946 4585 3150 4658 ἔτνους,
3173 4583 3476 4662 καὶ-βωμὸν

1953 4668 2285 4750 ἱδρῦσασθαι.
2330 4673 2409 4733 διὸ
2452 4675 2543 4734 καὶ
2591 4672 2870 4755 Πυανέψια
2910 4675 3051 4732 δοκεῖ
3085 4672 3330 4751 λέγεσθαι
3369 4660 3476 4730 οἷον

1947 4758 2238 4841 κυαμέψια.
2269 4759 2329 4820 τὸ
2358 4761 2459 4844 γὰρ
2483 4761 2733 4844 πρότερον
2771 4759 2892 4829 τοὺς
2929 4761 3163 4840 κυάμους
3184 4806 3202 4835 ,
3251 4758 3479 4825 πυάνους

1949 4851 2187 4911 ἐκάλουν.
2213 4842 2339 4929 ἦγον
2369 4849 2425 4909 δὲ
2461 4848 2571 4909 ἔσθ’
2593 4848 2680 4907 ὅτε
2720 4848 2807 4907 ἐπὶ
2845 4851 2911 4929 τῇ
2956 4851 3228 4931 ἀποτροπῇ
3255 4849 3475 4923 λοιμῶν.

1950 4930 2073 5018 ᾖδον
2099 4937 2154 4997 δὲ
2180 4940 2378 5005 παῖδες.
2413 4944 2556 5011 Quae
2590 4939 2746 4996 issata
2779 4958 2850 4995 ex
2876 4937 3050 4996 Suida
3080 4958 3126 4998 ³.
3157 4931 3477 5019 Εἰρεσιῶνη,

1949 5024 2155 5105 λέγεται
2174 5023 2273 5107 γὰρ
2299 5024 2488 5098 Θησέα
2517 5027 2577 5084 in
2606 5024 2740 5091 τινὲς
2765 5023 2820 5083 δὲ
2843 5023 2929 5085 τὸν
2952 5023 3141 5098 Θησέα
3169 5025 3297 5106 φασὶ
3341 5042 3472 5081 11111-
