3859 5725
1748 286 2004 349 PLUTI.

311 433 433 491 dita
459 450 534 489 ex
556 435 627 489 V.
646 428 767 486 -8
797 425 853 485 δέ
885 446 1002 485 om.
1033 428 1105 483 R.
1134 426 1274 484 ἐστιν
1304 440 1421 481 om.
1456 422 1528 481 Θ.
1565 420 1746 497 duo-y„
1769 420 1843 485 ὥς

313 522 413 583 ἀπ.
443 525 596 578 V.-·
619 538 656 595 9
685 514 813 575 αὐτὸ
839 520 910 575 R.
936 515 1059 573 sine
1078 510 1152 572 δὲ.
1195 517 1263 571 In
1292 513 1423 570 loco
1453 508 1735 568 Herodoti
1763 506 1840 564 li·-

314 609 431 681 bri,
464 604 569 666 ἀπὸ
595 603 783 664 τούτου
812 602 914 663 εἶσὶ
954 602 1158 662 στάδιοι
1182 600 1343 681 χίλιοι
1374 600 1445 665 εἰς
1474 596 1564 657 τὸν
1600 594 1842 677 Ἀράὸιον

311 694 532 767 κόλπον,
552 695 768 753 omisso
796 690 1013 774 ἀπαρτὶ,
1033 689 1191 768 quod
1229 699 1364 765 post
1393 686 1558 766 χίλιοι
1602 682 1846 742 inseruit

320 783 754 860 WesselingiuS.
785 824 862 837 -.
895 799 962 837 ιο
984 778 1187 837 στάδιοι
1234 782 1302 835 R.
1332 788 1392 834 et
1437 773 1846 853 grammaticus

314 872 373 929 in
409 872 647 930 Bekkeri
671 868 886 928 Anecd.
910 888 969 947 p.
999 876 1030 937 4
1047 868 1137 939 ι8·,
1172 866 1259 922 ι6.
1286 861 1479 924 στάδια
1514 867 1581 921 V.
1606 861 1678 922 Θ.
1706 859 1841 918 Ald.

317 958 363 1020 0¹
411 961 585 1018 etiam
630 958 853 1019 Suidas.
917 954 1285 1034 ἑὸδομήκοντα
1331 957 1403 1015 Θ.
1475 950 1641 1034 χίλιοι
1691 963 1849 1010 recte

320 1068 557 1126 gramm.
575 1045 831 1106 Bekkeri.
854 1044 1241 1103 Scribendum
1256 1043 1434 1121 igitur
1460 1067 1537 1125 ἀι.
1565 1046 1744 1099 Dmn.
1772 1072 1847 1083 ——

326 1158 390 1196 11
424 1135 819 1218 κραπαττάλοις
858 1138 930 1192 R.
960 1134 1255 1215 κραταλοῧς
1278 1136 1346 1190 V.
1370 1129 1733 1191 Pherecratis
1756 1127 1848 1185 lo-

319 1245 451 1285 cum
476 1225 853 1302 integriorem
895 1222 1067 1281 affert
1097 1240 1338 1299 gramm.
1385 1219 1643 1292 Bekkeri‚
1686 1223 1755 1277 A.
1798 1213 1852 1275 τί

319 1312 409 1373 δαί
417 1335 435 1387 ;
462 1312 516 1372 τί
548 1312 740 1372 σαυτὸν
786 1309 1047 1371 ἀποτίνειν
1066 1309 1192 1391 τῷδ’
1211 1308 1396 1381 ἀξιοῖςς
1427 1308 1626 1389 φράσον
1647 1327 1757 1385 μοι.
1787 1309 1851 1363 Β.

318 1402 514 1485 ἀπαρτὶ
544 1400 715 1474 δήπου
746 1397 1067 1482 προσλαὸεῖν
1094 1394 1241 1479 παρὰ
1269 1394 1410 1455 τοῦδ’
1440 1394 1607 1474 ἔγωγε
1630 1395 1849 1473 μᾶλλον.

320 1523 397 1536 -
425 1511 493 1548 12
545 1488 609 1562 δὴ
663 1494 755 1549 τοῦ
798 1485 1085 1569 προλαὸεἶν
1122 1491 1197 1547 R.
1249 1483 1571 1566 προσλαὸεῐν
1609 1503 1851 1561 gramm.

319 1581 583 1640 Bekkeri.
603 1576 889 1661 προλαὸεῑν
910 1582 978 1635 R.
1005 1576 1131 1636 Ald.
1160 1572 1444 1656 προλαὸών
1465 1580 1536 1633 V.
1562 1578 1855 1650 συνωνυμεῖ

322 1665 379 1726 δὲ
406 1669 541 1729 ΑΙιΙ.
574 1674 871 1745 συνωνυμοῑ
904 1664 962 1724 δὲ
982 1667 1054 1726 Θ.
1083 1692 1142 1705 -
1171 1667 1239 1722 ι3
1265 1683 1373 1740 pro
1401 1664 1471 1728 ὣς
1498 1660 1587 1720 καὶ
1618 1659 1855 1737 Καλλίμ.

322 1757 382 1814 iu
405 1759 472 1813 V.
494 1756 774 1832 scriptum
806 1753 1010 1834 ἄρτιθιν
1035 1751 1069 1810 ἃ
1101 1750 1334 1834 βράλλει.
1363 1755 1567 1826 Neque
1610 1749 1723 1807 boc
1749 1767 1856 1806 ne·

323 1861 437 1920 que
463 1844 532 1908 ὣς
559 1841 653 1900 καὶ
673 1840 1021 1920 Καλλίμαχος
1048 1838 1226 1898 habet
1251 1844 1319 1896 G.
1338 1866 1403 1877 —
1422 1840 1488 1894 16
1514 1835 1856 1918 διεφθορυίας,

325 1931 410 1989 sic
465 1929 693 1989 correxi
756 1930 1102 2006 scripturam
1155 1926 1374 1985 codicis
1425 1924 1689 2006 διαφορᾶς.
1721 1921 1856 2003 Περὶ

325 2017 714 2101 παρεφθορυίας
737 2015 927 2086 λέξεως
946 2018 1039 2075 hic
1058 2014 1207 2073 liber
1229 2028 1471 2073 vocatur
1487 2013 1562 2072 ab
1589 2014 1859 2071 Athen-‘eo

327 2132 386 2187 9,
410 2130 467 2188 p.
501 2109 637 2182 368,
656 2107 745 2166 vel
768 2108 952 2188 ipsius
975 2106 1067 2164 vel
1087 2105 1307 2164 librarii
1330 2123 1547 2163 errore.
1571 2107 1637 2160 In
1659 2102 1858 2182 διεφθο-

328 2199 474 2284 ρυίας
501 2200 788 2259 consentit
814 2199 1121 2259 scholiasta
1143 2198 1353 2256 Avium
1377 2195 1511 2268 768.
1555 2199 1738 2253 Dum.

412 2290 551 2366 394,
583 2290 658 2347 3ο
680 2290 789 2366 leg.
813 2284 1055 2346 ἀπελθὼν
1080 2285 1329 2368 φθάρηθι,
1354 2296 1417 2341 ut
1440 2288 1579 2362 Reg.

411 2378 526 2452 395
557 2375 748 2437 Ἑστία
791 2374 887 2434 θεὰ
918 2366 982 2447 ἦν
1024 2374 1258 2453 θυγάτηρ
1294 2369 1501 2452 Κρόνου
1548 2373 1655 2453 (sic
1687 2371 1859 2429 etiam

327 2467 495 2544 Reg.)
522 2493 582 2506 -
602 2463 767 2547 φύλαξ
796 2464 975 2523 habet
998 2468 1180 2522 Dorv.
1198 2487 1263 2499 -
1288 2461 1360 2520 35
1397 2459 1454 2520 ὃν
1492 2461 1566 2526 εἷς
1595 2460 1770 2518 Paris.
1793 2459 1864 2524 εἰς

326 2554 385 2614 ὃν
421 2559 579 2613 Junt.
606 2555 679 2619 εἰς
703 2551 761 2612 ὃν
789 2554 861 2618 εἰς
877 2557 1019 2630 Reg.
1038 2579 1103 2591 -
1126 2552 1200 2609 38
1230 2551 1469 2608 sortasse
1486 2547 1547 2608 τὸ
1575 2547 1760 2625 λέγεις.
1794 2550 1865 2605 In

326 2643 482 2702 libro
519 2662 691 2720 quem
745 2641 935 2701 scriba
998 2638 1436 2707 transcribebat,
1475 2638 1603 2697 voci
1644 2633 1866 2700 Ἑστίας

331 2732 571 2790 verbum
621 2728 818 2808 λέγεις,
864 2742 926 2788 ut
952 2750 985 2788 a
1011 2742 1186 2806 poeta
1227 2726 1532 2804 scriptum,
1564 2725 1711 2784 male
1755 2722 1878 2783 ad-'

326 2820 603 2880 haerebat.
637 2818 706 2877 ld
745 2817 1021 2878 librarius
1067 2817 1213 2876 dicit
1254 2836 1317 2875 se
1352 2814 1675 2874 delevisse:
1708 2826 1867 2872 recte

324 2911 482 2968 enim
515 2909 721 2967 habuit
741 2928 849 2985 pro
893 2906 1287 2966 additamento
1323 2905 1676 2982 glossatoris,
1708 2902 1866 2981 quod

328 2997 588 3056 debebat
622 2995 732 3054 ἄνω
778 2998 1005 3066 κεῖσθαι,
1047 2996 1085 3053 i.
1137 3012 1189 3052 e.
1227 2992 1687 3070 superscriptum
1744 3011 1868 3050 esse

329 3087 463 3144 voci
491 3083 727 3149 Ἑστίας.
748 3089 1048 3144 Sciunt.
1169 3159 1172 3161 Ὺ

414 3174 550 3250 396,
582 3182 651 3240 41
686 3168 842 3230 αὐτὸν
868 3190 984 3229 om.
1013 3171 1088 3230 Θ.

413 3266 549 3338 397,
596 3268 669 3328 44
710 3260 789 3341 ἐφ’
815 3261 926 3332 fix„
975 3258 1050 3328 45
1097 3253 1458 3337 περιτρέπειν,
1492 3256 1566 3324 46
1608 3254 1730 3336 περί
1777 3277 1870 3314 του

328 3351 675 3411 Schaeserus.

414 3441 547 3515 398,
581 3446 651 3511 47
696 3433 1030 3496 Dindorfius
1084 3430 1303 3489 addidit
1356 3428 1691 3506 διαπέμπεις.
1738 3428 1871 3490 Ὅτι

330 3547 446 3586 om.
466 3532 533 3585 V.
559 3555 621 3567 —
642 3527 717 3595 48
746 3524 830 3584 Οὔ
856 3519 961 3602 γὰρ
986 3524 1055 3581 V.
1081 3508 1348 3589 οὗ-ἧλθε
1373 3538 1489 3577 om.
1511 3520 1583 3577 Θ.
1612 3515 1873 3596 μετέσται-

331 3615 430 3672 λαν
458 3615 590 3674 Ald.
620 3611 707 3672 διά
732 3609 850 3671 ἀντὶ
869 3613 966 3679 τῆς
989 3606 1127 3688 μετά
1157 3606 1339 3665 habet
1369 3611 1442 3667 R.
1473 3611 1623 3664 Tum
1655 3607 1866 3685 pergit,

330 3700 400 3761 τὰ
423 3700 717 3783 πράγματα
740 3702 796 3758 ἐν
817 3697 1006 3780 τούτῳ.
1032 3695 1117 3756 ὅτι
1141 3697 1203 3754 οὗ
1237 3686 1869 3773 μετεστείλαντο-ἦλθε.

415 3792 530 3866 399
564 3794 660 3847 οὐκ
686 3787 800 3848 ἐστὶ
827 3787 898 3846 τὰ
935 3784 1232 3869 πράγματα
1268 3780 1431 3849 οὕτως
1462 3784 1516 3841 ἐν
1551 3780 1869 3861 διαπέμπειν

333 3881 474 3954 ἡμᾶς
483 3883 556 3935 V.
572 3877 866 3957 πράγματα
886 3877 940 3933 ἐν
955 3872 1125 3954 τούτῳ
1138 3874 1193 3931 ἐν
1212 3875 1292 3954 τῷ
1302 3869 1622 3948 διαπέμπειν
1646 3874 1790 3947 ἡμᾶς
1799 3876 1869 3930 G.

419 3975 553 4038 401,
586 3987 609 4023 ι
633 3963 789 4030 αὐτός
805 3964 979 4022 etiam
1010 3960 1199 4021 Suidae
1218 3962 1285 4040 (s.
1310 3957 1429 4038 Not»)
1453 3958 1586 4018 libri
1610 3977 1743 4017 mss.
1766 3959 1867 4016 αὗ-

332 4051 422 4112 τόν
444 4053 572 4112 Ald.
601 4067 660 4112 et
697 4052 874 4128 vulgo
902 4049 1058 4128 apud
1081 4048 1343 4108 suidam.
1364 4074 1432 4089 -
1457 4066 1491 4105 a
1520 4068 1561 4126 χ
1582 4066 1759 4124 super
1794 4044 1871 4104 νώ

335 4142 593 4221 positum
616 4143 675 4200 in
696 4140 865 4200 codd.
879 4141 989 4198 —3
1007 4136 1098 4196 καὶ
1114 4134 1230 4195 ἀντὶ
1247 4136 1341 4209 Θ.,
1361 4136 1463 4212 qui
1484 4143 1515 4203 4
1528 4133 1737 4214 εἴρηται
1749 4154 1870 4195 οιιι.

419 4240 554 4303 402,
588 4232 621 4288 5
648 4228 888 4289 ’flexam
909 4226 1242 4287 Schaeserus.
1261 4249 1323 4264 -
1348 4224 1384 4281 6
1409 4221 1551 4295 Tui,
1573 4220 1734 4299 ἤγουν
1753 4242 1868 4282 om.

334 4323 509 4376 DorV.
540 4326 641 4399 μιᾷ
666 4339 727 4395 γε
743 4316 847 4376 τινὶ
877 4322 1018 4393 Reg.

414 4410 551 4483 403,
595 4411 631 4467 8
659 4408 721 4467 τὸ
745 4404 994 4487 λαμπρὸν
1014 4405 1087 4464 Θ.

413 4503 527 4564 404
552 4496 612 4556 in
631 4501 701 4556 R.
721 4496 841 4554 haec
871 4491 1092 4553 tantum
1119 4490 1232 4569 legi
1257 4500 1502 4567 possunt
1532 4527 1748 4546 ......
1775 4489 1871 4545 οὐκ

333 4581 536 4663 ἀλόγως
575 4622 1110 4645 ..............
1121 4601 1192 4637 τα
1219 4599 1433 4660 συναιρε
1462 4620 1476 4634 .
1500 4619 1516 4633 .
1557 4575 1711 4654 (fort.
1734 4574 1873 4635 κατὰ

332 4672 658 4756 συναίρσσιν)
695 4713 911 4733 ......
922 4668 1060 4735 unic.
1082 4700 1163 4711 -
1199 4688 1268 4726 10
1294 4663 1439 4726 Ἀντὶ
1475 4667 1570 4723 τοῦ
1609 4665 1705 4723 οὐκ
1737 4662 1871 4722 ἀλό-

330 4783 437 4838 γως
458 4767 551 4837 V.,
576 4764 677 4841 qui
702 4761 738 4833 ἢ
767 4781 885 4819 om.
910 4786 978 4801 -
1003 4778 1065 4815 ιι
1096 4776 1181 4834 sq.
1200 4754 1471 4837 ἐπίρρημα
1492 4752 1705 4813 ἀπὸτοῦ
1732 4751 1872 4818 aab<

312 4850 692 4932 αυνηρημὲνον
725 4856 794 4909 V.
826 4851 985 4915 ἕτεῶς
1011 4846 1115 4906 ἀπὸ
1135 4850 1229 4906 τοῦ
1250 4843 1391 4909 lube
1415 4844 1488 4903 Θ.

415 4946 554 5011 407,
574 4940 647 4996 25
667 4935 784 5006 τοὺς
806 4936 1043 5001 διδόντας
1064 4936 1137 4996 Θ.
1160 4934 1291 4994 Ald.
1314 4931 1558 5009 Regius:
1578 4927 1870 4990 Διαὸάλλει

332 5020 434 5105 γὰρ
465 5024 585 5092 τοὺς
617 5026 919 5099 Ἀθηναίους
960 5027 1186 5084 ἐνταῦθα
1225 5025 1296 5089 ὣς
1328 5018 1403 5098 μὴ
1439 5018 1562 5100 περὶ
1594 5016 1663 5077 τὰ
1707 5016 1870 5095 μείζω

334 5111 781 5193 ἃσχολουμένους,
805 5114 925 5172 ἀλλ’
944 5114 1017 5179 εἰς
1038 5110 1242 5177 οὐδενὸς
1270 5108 1407 5178 ἄξια.

3345 298 3461 349 568

2014 427 2081 489 4ι
2101 441 2148 493 ι,
2171 420 2243 489 34
2273 418 2585 480 καταθύσειν
2615 423 2688 481 Θ.
2720 422 2894 477 Paris.
2923 420 3219 488 καταθῆσαι
3243 422 3385 496 neg.

2014 517 2126 579 4ι4
2155 530 2268 568 om.
2304 510 2479 569 etiam
2524 512 2598 571 Θ.
2628 539 2685 550 -
2722 518 2813 577 4ο.
2852 507 3183 584 Ὁμαλισμὸς
3207 528 3236 562 a
3268 526 3465 584 gram-

1932 598 2157 657 maticis
2180 599 2417 672 dicitur,
2441 618 2620 677 quum
2652 617 2766 654 vox
2789 596 2981 673 aliqua
3020 614 3138 653 non
3165 615 3297 652 cum
3327 607 3468 652 tone

1933 687 2024 744 vel
2053 699 2312 761 accentu,
2341 686 2444 745 sed
2487 686 2704 764 absque
2743 705 2834 758 eo,
2871 684 3028 743 velut
3063 684 3357 762 appendix
3386 684 3470 741 al-

1934 775 2135 847 teriuS,
2184 775 2616 854 pronuntiatur,
2659 772 2816 851 quod
2840 772 3128 837 ‚encliticis
3168 772 3250 829 sic
3299 771 3470 831 dictis

1935 864 2234 942 contingit.
2261 863 2361 922 Vel
2386 865 2558 921 etiam
2602 882 2780 940 quum
2808 881 2922 919 vox
2959 861 3220 937 quaedam
3263 859 3470 919 eodem

1937 970 2070 1008 cum
2097 952 2300 1011 ceteris
2329 964 2528 1010 tenore
2547 949 2764 1027 absque
2799 947 2981 1026 figura
3003 947 3470 1025 interrogationis

1937 1040 2027 1097 vel
2081 1039 2516 1098 exclamationis
2567 1037 2998 1117 pronuntiatur.
3062 1038 3206 1092 Nam
3275 1035 3472 1111 figura·

1938 1124 2222 1202 ejusmodi
2251 1127 2472 1185 faciunt
2495 1137 2561 1184 ut
2587 1145 2707 1183 vox
2734 1124 2923 1200 aliqua
2953 1135 3094 1180 tono
3122 1136 3179 1180 et
3204 1134 3471 1200 pronun-

1941 1213 2178 1273 tiatione
2206 1234 2323 1292 prae
2352 1214 2585 1292 reliquis
2607 1211 2857 1269 emineat
2884 1230 2898 1264 τ
2928 1206 3090 1286 quod
3118 1208 3474 1265 contrarium

1940 1313 2027 1359 est
2054 1304 2131 1382 τῷ
2155 1303 2442 1382 ὀμαλισμῷ
2460 1346 2476 1375 ,
2513 1311 2722 1377 utpote
2749 1296 2908 1376 quod
2936 1297 3178 1374 proprie
3218 1299 3476 1370 compla-

1940 1395 2219 1446 natzbnem
2268 1390 2360 1447 vel
2409 1393 2779 1464 oequationem
2811 1396 2993 1442 notat.
3043 1383 3258 1442 Confer
3303 1383 3477 1441 etiam

1942 1477 2286 1535 scholiasten
2316 1476 2390 1535 ad
2418 1481 2564 1534 Rau.
2592 1494 2649 1532 v.
2682 1483 2828 1550 490,
2858 1471 2961 1529 ubi
2989 1468 3051 1529 τὸ
3079 1470 3196 1529 κατ’
3220 1470 3475 1551 ἐρώτησιν

1941 1576 2001 1623 et
2020 1562 2139 1622 καθ’
2161 1563 2459 1643 ὁμαλισμὸν
2494 1565 2648 1622 inter
2678 1580 2739 1620 se
2768 1571 3169 1638 opponuntur.
3197 1563 3381 1616 Knsr.
3416 1594 3477 1606 .-

1946 1661 2020 1722 44
2043 1658 2132 1712 νῦν
2163 1676 2220 1712 τε
2247 1647 2788 1735 περισπ.-χρονικόν
2810 1671 2824 1686 ·
2855 1648 2884 1706 ὃ
2913 1646 3117 1728 μακρὸν
3143 1646 3224 1705 ἀεὶ
3259 1648 3436 1704 Paris,

2026 1740 2163 1812 415,
2196 1744 2380 1814 47-5ι
2416 1760 2531 1798 om.
2560 1738 2732 1796 etiam
2763 1739 2835 1798 Θ.
2861 1780 2922 1788 -
2952 1738 3026 1793 52
3059 1724 3354 1814 παράδοξον
3384 1755 3476 1790 so-

1944 1830 2062 1887 lum
2090 1830 2263 1888 habet
2283 1828 2491 1887 Suidas
2512 1829 2571 1884 in
2594 1822 2826 1906 Θερμόν.
2856 1828 2974 1884 Cur
3000 1822 3269 1892 εὐκίνητον
3297 1842 3483 1898 expo-

1947 1930 2047 1975 nat
2069 1918 2269 1988 schol„
2301 1917 2579 1974 rationem
2605 1912 2770 1970 dabit
2789 1910 3036 1988 Etymol.
3068 1928 3126 1985 p.
3149 1916 3286 1980 447,
3307 1910 3401 1979 30,
3423 1920 3482 1965 et

1947 2023 2007 2082 p.
2042 2004 2157 2065 453
2183 2049 2200 2078 ,
2232 2012 2304 2073 44
2330 2026 2344 2061 2
2375 2000 2542 2081 ταύτῃ
2585 2006 2705 2076 γοῦν
2753 1996 2875 2067 τοὺς
2917 1994 3012 2076 μὲν
3045 2004 3228 2075 ταχεῖς
3263 1992 3484 2076 θερμοὺς

1946 2090 2189 2170 λέγουσι,
2217 2089 2337 2158 τοὺς
2365 2089 2420 2149 δὲ
2450 2089 2657 2172 βραδεῖς
2696 2083 2948 2169 ψυχρούς.
2973 2084 3124 2143 Vide
3151 2082 3225 2141 ad
3260 2104 3314 2141 v.
3350 2085 3480 2142 561.

1948 2185 2168 2239 nun.
2217 2186 2285 2239 In
2336 2184 2407 2237 V.
2449 2180 2557 2236 hoc
2603 2175 2839 2247 ordine,
2884 2169 3478 2251 Πενία-Βλεψίδημον.

1950 2266 2139 2349 θερμὸν
2175 2266 2232 2326 δὲ
2276 2265 2394 2325 ἀντὶ
2435 2269 2528 2323 τοῦ
2565 2260 2858 2343 παράδοξον
2897 2257 2932 2329 ἢ
2983 2256 3270 2328 εὐκίνητον.
3295 2295 3355 2306 -
3394 2280 3417 2315 ι
3446 2262 3482 2327 ἦ

1948 2355 2105 2416 πενία
2130 2354 2185 2413 δὲ
2216 2356 2286 2415 Θ.
2311 2352 2444 2413 Ald.
2469 2350 2552 2411 ὅτι
2576 2355 2614 2422 ἡ
2642 2371 2703 2408 π.
2736 2355 2876 2426 Reg.
2906 2345 3294 2427 παραὸαλοῦσα
3320 2351 3384 2402 R.
3407 2346 3487 2405 ἐν·

1950 2449 2126 2505 τεῧθεν
2156 2445 2495 2526 παρελθοῦσα
2520 2445 2660 2516 Reg.
2685 2436 2820 2497 Ald.

2031 2535 2169 2608 423,
2201 2554 2272 2608 19
2296 2531 2425 2592 Ἔτι.
2448 2528 2544 2601 τὴν
2575 2525 2661 2587 διὰ
2685 2524 2782 2598 τὴν
2806 2526 2878 2587 Θ.
2908 2522 3119 2583 Md...
3151 2542 3224 2579 ου
3254 2522 3485 2603 Εὐριπί-

1952 2625 2044 2684 δου
2067 2622 2104 2696 ἢ
2128 2624 2391 2683 additum
2410 2641 2482 2680 ex
2509 2620 2585 2682 V.
2604 2655 2670 2668 —
2690 2638 2760 2675 αι
2786 2613 3164 2697 παρεισάγεται
3183 2617 3252 2670 G.
3275 2611 3332 2671 δὲ
3356 2612 3488 2691 μετὰ

1951 2713 2079 2773 Ald.
2109 2712 2490 2772 δεινοπαθοῦσα
2510 2711 2582 2768 G.
2603 2743 2667 2756 -
2697 2725 2769 2763 22
2796 2703 2887 2764 καὶ
2907 2705 2960 2761 ἐν
2987 2699 3252 2783 Εὐριπίδῃ
3279 2706 3350 2760 V.
3375 2724 3491 2783 νερ-

1952 2800 2117 2884 τέρων
2149 2803 2225 2863 Θ.
2251 2798 2387 2859 Ald.
2426 2796 2611 2878 ἱέρειαι
2631 2793 2767 2854 libri
2790 2811 3005 2851 omnes.
3035 2828 3097 2839 -
3119 2791 3193 2847 23
3214 2787 3250 2859 ἢ
3270 2788 3359 2848 καὶ
3384 2788 3490 2847 ἄλ-

1953 2893 2059 2956 λως
2086 2892 2157 2949 Θ.
2185 2888 2402 2947 εἰώθασι
2424 2883 2526 2964 γὰρ
2544 2889 2695 2943 V.-
2721 2896 2794 2948 αἱ,
2826 2878 2917 2937 καὶ
2943 2874 3045 2958 γὰρ
3073 2875 3140 2934 τὰ
3167 2878 3242 2939 Θ.
3274 2877 3405 2935 Ald.
3431 2880 3490 2935 ἐκ

1954 2976 2251 3060 τραγῳδίας
2271 2997 2286 3012 ·
2321 2971 2391 3033 τὰ
2416 2970 2520 3052 γὰρ
2542 2975 2613 3030 R.

2039 3073 2177 3138 424,
2207 3081 2393 3137 27-29
2417 3079 2532 3116 om.
2557 3061 2628 3120 Θ.
2656 3093 2719 3106 -
2746 3056 2818 3113 28
2849 3051 2955 3133 εὕρ.
2989 3049 3091 3133 γὰρ
3128 3053 3302 3110 Paris.
3325 3096 3384 3105 --
3418 3054 3489 3112 30

1957 3151 2048 3213 καὶ
2071 3150 2186 3211 οἵαν
2214 3155 2435 3210 nemsi.

2040 3239 2178 3309 425,
2204 3241 2279 3298 36
2307 3234 2615 3316 εἰσήρχοντο
2642 3233 2814 3292 etiam
2849 3229 3059 3291 suidas
3087 3249 3134 3288 s.
3181 3229 3486 3310 Τραγῳδίαι.

1959 3328 2229 3407 εἰσήγοντο
2260 3325 2391 3386 Διά.
2409 3361 2471 3373 -
2499 3325 2568 3396 37
2601 3325 2695 3381 τοῦ
2722 3323 2940 3379 Hemst.
2968 3319 3047 3375 τῶ
3069 3316 3195 3376 Ald.
3221 3353 3285 3364 --
3314 3324 3389 3385 40
3405 3338 3489 3395 sq.

1959 3418 2126 3476 sicin
2156 3421 2253 3488 V.,
2283 3414 2372 3473 διὰ
2394 3416 2549 3470 τοῦτο
2580 3407 2638 3467 δὲ
2665 3406 2757 3467 καὶ
2785 3405 2846 3464 τὸ
2884 3403 2959 3483 μὴ
2985 3377 3121 3462 ε’ίναι
3163 3402 3326 3475 αὐτὴν
3356 3404 3491 3462 κατὰ

1960 3502 2116 3585 φύσιν
2141 3500 2366 3586 φοὸερὰν
2385 3544 2404 3574 ,
2433 3497 2571 3556 ἀλλὰ
2601 3494 2772 3574 μάτην
2810 3495 3100 3550 ἄπατῶσαν
3129 3496 3286 3568 ἡμᾶς.
3318 3491 3490 3568 οἰμώ-

1960 3596 2104 3662 ζεται
2137 3588 2371 3651 κλαύσει.

2043 3683 2157 3752 426
2182 3680 2307 3737 sine
2331 3677 2448 3735 ulla
2471 3673 2590 3732 fere
2620 3671 2941 3729 mutatione
2962 3667 3268 3744 descripsit
3287 3667 3494 3724 suidas

1959 3772 2020 3831 in
2049 3762 2479 3843 Πανδοκεύτρια,
2519 3774 2577 3819 et
2605 3757 2983 3836 posteriorem
3026 3767 3248 3832 partem
3277 3754 3339 3812 in
3373 3757 3494 3813 Kot-

1958 3856 2137 3933 τιηλίς.
2179 3854 2477 3932 originem
2520 3849 2681 3907 vocis
2723 3844 2957 3923 ἄμπελος
2996 3862 3116 3900 non
3159 3841 3498 3900 dissimilem

1961 3945 2198 4007 tradidit
2213 3940 2462 4018 Etymol.
2491 3959 2551 4017 p.
2577 3938 2676 4007 86,
2705 3936 2800 4007 37,
2817 3931 2920 3990 ubi
2943 3929 3191 3989 delenda
3211 3929 3495 4006 particula

1960 4053 2205 4115 negans,
2235 4036 2270 4104 ἡ
2291 4028 2486 4108 ἔχουσα
2515 4026 2573 4083 ἐν
2615 4025 2775 4102 ἑαυτῇ
2805 4019 2896 4079 τὸν
2923 4015 3125 4091 πηλὸν,
3157 4036 3336 4095 quum
3356 4016 3493 4075 eda·-

1959 4139 2075 4195 tur‚
2100 4125 2136 4193 ἡ
2156 4118 2233 4199 μὴ
2260 4117 2471 4198 ἔχουσα.
2497 4117 2719 4173 Ηιιιιετ.
2737 4146 2801 4159 -
2830 4117 2905 4177 4²
2933 4103 3081 4186 παρὰ
3102 4102 3164 4163 τὸ
3182 4109 3251 4163 R.
3279 4102 3493 4164 ἀπὸτοῦ

1957 4212 2082 4271 Ald.
2096 4209 2490 4286 ἕτυμολογιῖται
2506 4199 2563 4261 δὲ
2574 4195 2984 4278 πανδοκεύτριαν
3001 4197 3224 4273 (-τρια
3238 4192 3334 4270 G.)
3346 4192 3492 4272 παρὰ

1957 4299 2020 4360 τὸ
2047 4305 2110 4361 V.
2135 4335 2202 4350 -
2226 4298 2300 4364 43
2336 4292 2544 4374 εἴρηται
2584 4287 2641 4347 δὲ
2674 4294 2744 4347 R.
2786 4285 2914 4346 Ald.
2950 4281 3178 4353 καπηλὶς
3217 4285 3280 4336 V.
3321 4317 3383 4328 —
3414 4282 3490 4338 45

1958 4389 2182 4468 ἔμπελος
2215 4391 2281 4444 V.
2323 4400 2443 4442 non
2487 4383 2556 4440 G.
2591 4379 2645 4436 ἐν
2687 4378 2851 4453 ἑαυτῇ
2879 4374 2951 4432 Θ.
2977 4410 3039 4422 -
3067 4380 3138 4439 47
3186 4368 3490 4440 καπήλισαν

1961 4477 2137 4536 Paris·

2040 4577 2152 4638 427
2197 4564 2265 4621 in
2308 4566 2380 4621 V.
2422 4559 2538 4618 hoc
2576 4556 2813 4627 ordine,
2854 4548 3418 4630 κυρίως-κεκεῧσθαι.
3455 4548 3489 4620 ἢ

1960 4655 2065 4717 ἀπὸ
2086 4648 2488 4714 τοῦ-ὧόπωλιν
2513 4645 2631 4706 ἀντὶ
2671 4648 2762 4703 τοῦ
2788 4639 2869 4700 ὠὰ
2895 4636 3296 4719 πιπράσκουσαν
3318 4679 3336 4706 ,
3385 4635 3491 4692 ἀπὸ

1958 4743 2146 4826 μέρους
2172 4737 2233 4800 τὸ
2259 4737 2399 4800 ὅλον.
2424 4737 2461 4812 ἢ
2485 4732 2861 4817 ὀσπριόπωλιν.
2889 4725 3094 4792 λέκιθος
3126 4721 3231 4805 γάρ
3272 4726 3385 4781 ἐστι
3410 4713 3490 4780 εἶ-

1958 4826 2303 4911 δοςψγραός.
2331 4863 2394 4877 -·-
2418 4828 2494 4894 48
2522 4823 2768 4883 alterum
2794 4821 2886 4878 τοῦ
2920 4835 3033 4874 om.
3063 4814 3133 4875 Θ.
3159 4812 3289 4871 Ald.
3323 4840 3350 4865 a
3376 4815 3489 4869 Ho-

1957 4941 2086 4980 rum
2113 4918 2406 4980 minimam
2435 4925 2660 4994 partem
2682 4952 2701 4982 ,
2724 4906 2930 4967 ceteris
2956 4901 3052 4960 vel
3078 4898 3373 4976 neglectiS,
3399 4899 3487 4964 vel

1958 5011 2017 5070 in
2046 5027 2154 5067 suo
2181 5005 2335 5064 libro
2368 5023 2486 5062 non
2508 4997 2757 5078 repertis
2776 5039 2794 5068 ,
2820 4989 3034 5050 Lexico
3078 4986 3288 5049 Suidas
3325 4986 3485 5044 inse-

1957 5100 2092 5160 ruit.
2114 5123 2139 5149 n
2164 5100 2387 5156 Hausr.
2410 5126 2475 5141 --
2500 5099 2575 5167 49
2600 5085 2813 5149 λίκυθος
2838 5083 2910 5142 Θ.
2935 5116 2998 5131 --
3023 5078 3095 5136 50
3128 5076 3272 5134 λίπει
3294 5077 3486 5133 κεκεῧ·

3193 5193 3270 5246 36.
