3859 5725
1686 286 1939 346 PLUTI.

263 419 490 501 βλάψας)
517 418 708 479 παύσει
733 419 927 491 ταύτην
956 418 1049 493 τὴν
1082 420 1296 480 Πενίαν.
1325 419 1433 479 Hic
1459 418 1789 479 scholiastes

259 508 459 584 legisse
486 507 748 573 videtur,
770 508 956 566 οὐκοῦν
997 496 1128 564 εἶναί
1163 529 1333 588 φημι,
1364 507 1558 580 ταύτην
1599 506 1788 565 παύσει

260 592 564 675 βλάψας-,
592 608 746 653 certe
782 596 1044 652 voculam
1082 606 1214 672 post
1258 593 1395 676 φημὶ
1439 595 1691 665 omittit,
1720 607 1788 652 ut

260 681 440 758 liquet
476 702 547 740 ex
584 683 744 756 istis,
779 703 885 738 ιΑι
911 679 979 739 τὰ
1017 681 1189 761 ἀγαθὰ
1223 695 1352 756 etc„
1388 683 1610 740 collatis
1654 702 1785 740 cum

256 769 371 826 fine
399 770 599 827 scholii
629 768 882 827 secundi.
904 768 1011 847 Vel
1041 770 1233 845 potius
1253 811 1268 840 ‚
1296 767 1376 826 ὅτι
1399 814 1415 842 ,
1446 770 1536 827 ἐὰν
1563 767 1731 849 βλέψῃ
1759 771 1787 827 6

257 857 496 922 Πλοῦτος
513 901 528 928 ,
556 854 731 914 οὐκέτι
758 854 1139 931 κακοδαιμονία
1163 854 1244 929 εἴη
1268 877 1283 917 :
1310 890 1384 905 —
1421 856 1481 915 τὸ
1514 855 1629 928 ἑξῆς
1650 879 1665 894 ·
1693 860 1787 914 οὐ-

256 946 704 1009 κοῦν-..Πλοῦτος
731 940 940 1022 βλέψει,
980 940 1175 1001 παύσει
1207 942 1406 1015 ταύτην
1427 989 1444 1022 ,
1485 943 1574 1002 καὶ
1604 941 1673 1002 τὰ
1698 945 1783 1021 ἀγ.

254 1038 339 1091 Ut
359 1033 456 1090 hic
481 1032 714 1108 legerit,
746 1031 925 1088 οὐκοῦν
958 1020 1094 1087 εἷναί
1125 1053 1294 1111 φημι,
1323 1031 1519 1091 παύσει
1551 1028 1747 1103 ταύτην
1767 1075 1785 1105 ,

260 1119 460 1199 βλέψει.
491 1119 667 1178 Aliud
688 1118 895 1195 incipit
923 1119 965 1176 l.
995 1121 1087 1190 13,
1106 1117 1326 1185 Ἄλλως.
1351 1122 1400 1178 οἱ
1421 1119 1783 1201 γράφοντες-.

254 1210 486 1281 Lect10‚
532 1227 661 1285 quae
706 1205 1190 1284 reprehenditur,
1238 1210 1423 1267 οὐκοῦν
1466 1199 1601 1267 εἶναί
1649 1230 1786 1289 φημι

254 1294 455 1370 παύσει,
480 1293 631 1354 ταῦτ’
657 1293 720 1365 ἢν
766 1293 934 1377 βλέψῃ
967 1338 985 1367 ,
1032 1296 1234 1354 eadem
1275 1311 1362 1354 est
1394 1316 1566 1374 quam
1614 1296 1787 1354 habet

254 1384 590 1442 scholiastes
634 1381 939 1441 secundus.
971 1387 1103 1459 Ipse
1149 1384 1328 1441 schol.
1379 1385 1557 1462 legit,
1589 1384 1721 1466 φημ’
1752 1383 1787 1455 ἣ

253 1469 445 1530 παύσει
474 1470 623 1529 ταῦτ’
647 1469 713 1542 ἢν
740 1468 909 1550 βλέψῃ
930 1515 948 1542 ,
977 1470 1148 1546 plane
1180 1483 1242 1527 ut
1268 1485 1480 1529 nostrae
1510 1470 1641 1529 edd.
1671 1476 1779 1530 Ce-

256 1570 444 1616 terum
472 1576 676 1615 omnes
703 1557 886 1615 οὖκοῦν
917 1572 977 1615 et
995 1554 1425 1627 ἥντιν’-Μείζω
1453 1558 1573 1616 scil.
1594 1558 1786 1636 expli-

253 1658 388 1709 cant
411 1658 480 1703 ut
505 1645 900 1703 Hemsterhus.
931 1656 990 1702 et
1015 1666 1094 1710 τις
1120 1644 1191 1702 de
1221 1664 1328 1702 suo
1352 1646 1647 1723 supplent,
1669 1664 1786 1702 non

255 1753 288 1790 e
318 1745 480 1790 textu
505 1733 716 1803 citant,
754 1730 897 1788 utin
922 1736 1054 1790 Pac.
1085 1732 1196 1804 567
1215 1776 1231 1803 ‚
1263 1731 1360 1790 ubi
1392 1731 1540 1791 vide.
1579 1735 1786 1792 Omni-

256 1820 368 1877 bus
394 1820 627 1878 tentatis
650 1817 827 1877 redeo
854 1817 924 1876 ad
951 1820 1197 1895 primam
1228 1820 1633 1897 suspicionem,
1658 1840 1789 1877 cor-

257 1908 565 1984 rigandum
611 1907 672 1963 in
707 1908 879 1964 tertio
920 1906 1226 1965 scholiaste
1243 1950 1260 1981 ,
1305 1905 1397 1965 ἰὼν
1445 1910 1474 1964 6
1520 1909 1790 1982 Πλοῦτος,

260 1994 459 2076 βλέψας
486 1992 727 2076 [παύσει]
768 1992 970 2065 ταύτην
992 2038 1009 2072 ‚
1053 2006 1119 2051 ut
1170 1995 1266 2052 ille
1294 1995 1537 2072 legerit,
1580 1997 1788 2056 Οὐκοῦν

257 2072 393 2141 εἶναί
434 2068 610 2163 φήμι,
657 2078 850 2139 παύσει
890 2080 1087 2152 ταύτην
1134 2081 1345 2161 βλέψας.
1368 2114 1445 2129 -
1471 2089 1538 2142 In
1584 2084 1788 2142 scholii

256 2170 427 2228 initio
458 2190 532 2227 an
572 2168 877 2248 legendum
906 2173 936 2227 ὃ
982 2174 1097 2236 νοῦς
1123 2188 1231 2248 pro
1266 2167 1394 2228 &21³
1438 2172 1569 2243 vel,
1616 2175 1645 2230 6
1674 2177 1792 2237 νοῦς

256 2257 379 2316 ὅτιῗ
398 2290 480 2302 -—·
506 2262 776 2316 Ceterum
806 2276 924 2315 non
959 2269 1107 2335 puto
1135 2259 1280 2316 alius
1305 2259 1639 2337 interpretis
1667 2280 1791 2319 esse

255 2345 319 2405 τὸ
340 2344 456 2417 ἑξῆς
484 2358 593 2403 etc.
618 2350 901 2403 Donatus
926 2345 1231 2405 Adversar.
1253 2348 1368 2404 vol.
1391 2368 1447 2420 α,
1473 2368 1532 2426 p.
1569 2356 1678 2416 140
1708 2368 1791 2426 sq.

254 2437 326 2492 In
351 2433 549 2491 codice
582 2431 890 2491 Harleiano
931 2432 1088 2506 5725
1113 2435 1394 2512 scriptum
1442 2437 1627 2493 οὐκοῦν
1659 2425 1795 2493 εἶναι

260 2521 397 2602 φημ’
424 2520 459 2593 ἢ
494 2518 752 2579 παύσοιτο
777 2518 924 2577 ταῦτ’
949 2517 1012 2578 ἂν
1061 2519 1497 2601 βλέψῃ-ἥντινα
1519 2532 1629 2590 τοῖς
1653 2515 1792 2591 ἀνὀίς

259 2608 354 2669 ἰὼν
383 2611 534 2690 ἀγάθ’
566 2609 628 2669 ἂν
674 2633 731 2686 μ.
767 2631 825 2667 π.
871 2628 1004 2666 cum
1047 2612 1273 2668 scholio
1304 2613 1449 2670 alius
1490 2632 1691 2673 manus
1713 2657 1729 2687 ,
1755 2618 1790 2686 ἡ

258 2698 499 2768 σύνταξις
518 2696 682 2767 οὕτως
703 2720 718 2733 ·
743 2699 924 2755 οὐκοῦν
952 2696 1147 2757 παύσει
1169 2699 1338 2759 ταῦτά
1361 2723 1491 2759 ποτε
1514 2706 1542 2763 6
1569 2704 1793 2769 πλοῦτος

258 2783 349 2845 ἐὰν
377 2786 667 2869 ἀναὸλέψῃ.
699 2784 885 2857 ἥντινα
902 2784 1020 2844 ὁδὸν
1047 2783 1553 2871 ἐλθὼν-πορίσειεν
1594 2789 1656 2850 ἂν
1685 2800 1792 2859 τοῖς

258 2877 548 2957 ἀνθρώποις
571 2875 733 2954 μείζω
760 2874 950 2952 ἀγαθά.
978 2874 1261 2955 προτάττει
1289 2875 1499 2953 (forsan
1531 2880 1793 2961 πρόταττε

261 2966 353 3024 vel
375 2965 733 3047 προτακτέον)
763 2963 824 3021 τὸ
869 2954 1006 3021 εἶναι
1034 2964 1203 3044 φημὶ,
1239 2965 1355 3023 ἀντὶ
1405 2974 1530 3038 τοῦ,
1574 2967 1790 3027 δυνατὸν

259 3060 414 3112 τοῦτο
430 3051 595 3131 λέγω.
620 3049 808 3109 πολλοὶ
831 3049 886 3109 δὲ
904 3053 1210 3129 ἀγνοοῦντες
1230 3051 1368 3110 οὔτω
1390 3056 1793 3130 συντάσσουσιν,

260 3139 616 3219 λαμὸάνοντες
640 3136 740 3218 γὰρ
756 3135 853 3205 ἔξω
883 3137 1012 3215 (leg.
1049 3135 1256 3216 ἔξωθεν)
1284 3139 1411 3220 πρὸς
1434 3138 1495 3198 τὸ
1522 3142 1661 3222 φημί
1682 3157 1792 3202 etc.

261 3231 515 3309 Legebat
557 3230 791 3307 ineptus
826 3227 923 3286 ille
968 3229 1154 3286 οὐκοῦν
1175 3272 1194 3302 ,
1232 3219 1385 3288 εἶναι·
1406 3232 1573 3312 φημὶ,
1601 3232 1794 3293 παύσει

262 3317 415 3377 ταῦτ’
454 3316 518 3389 ἢν
570 3313 989 3396 βλέψῃ-ἥντιν’.
1019 3317 1295 3393 Sequitur
1342 3319 1452 3376 alia
1499 3322 1795 3380 annotatio

263 3408 439 3467 etiam
465 3404 783 3477 recentior,
813 3390 858 3459 ὦ
896 3400 1103 3474 Τζέτζη
1123 3446 1137 3474 ,
1165 3405 1259 3462 οὐκ
1278 3402 1418 3464 ἔστιν
1445 3409 1474 3464 6
1498 3406 1674 3486 στίχος
1693 3431 1792 3466 κα-

264 3494 532 3575 κόμετρος.
562 3489 625 3549 σὺ
646 3491 748 3571 γὰρ
782 3480 918 3548 εἶναι
946 3490 1082 3570 φημὶ
1112 3490 1329 3574 γράφεις
1349 3517 1363 3531 ·
1400 3493 1485 3552 διὰ
1522 3500 1677 3556 τοῦτο
1706 3497 1796 3556 καὶ

265 3582 490 3663 ἄμετρον
522 3577 678 3639 αὓτὸν
703 3584 867 3641 ποιεῖς
894 3577 985 3634 καὶ
1013 3574 1134 3635 οὐδὲ
1167 3584 1524 3661 συνταχθῆναι
1568 3582 1797 3662 δυνάμε-

264 3693 351 3731 νον
370 3694 384 3707 ·
411 3665 784 3749 Ἀριστοφάνης
814 3661 870 3722 δὲ
892 3662 986 3721 καὶ
1014 3663 1119 3743 ἐγὼ
1147 3657 1281 3726 εἷναί
1312 3669 1445 3749 φημ’
1469 3669 1504 3741 ἣ
1527 3669 1796 3752 γράφομεν

266 3773 376 3817 etc.
411 3764 697 3817 Donamus
720 3757 781 3813 in
814 3765 1010 3811 annot.
1046 3754 1118 3811 ad
1170 3761 1509 3815 Porsonum.
1548 3760 1795 3836 Regius:

264 3838 335 3897 ‘fl
357 3836 595 3903 σύνταξις
613 3833 779 3900 οὕτως
804 3858 818 3872 ·
843 3833 1033 3893 οὐκοῦν
1052 3879 1070 3909 ,
1098 3832 1190 3893 ἐὰν
1221 3836 1389 3917 βλέψῃ
1414 3835 1544 3895 ποτὲ
1562 3842 1591 3896 6
1615 3840 1797 3898 Πλοῦ-

265 3950 352 3994 τος
372 3973 389 4000 ,
415 3924 554 4007 φημὶ
585 3913 720 3983 εἶναι
750 3921 867 3982 ὁδὸν
887 3969 905 4000 ,
928 3925 1045 3998 ἥτις
1070 3920 1263 3982 παύσει
1284 3928 1454 3982 ταῦτα
1471 3967 1489 3997 ,
1516 3922 1682 3996 ἥντιν’
1704 3924 1796 3984 ἰὼν

267 4015 359 4077 καὶ
382 4013 545 4073 ἐλθὼν
574 4017 603 4072 6
629 4013 868 4078 Πλοῦτος
897 4011 1140 4085 δηλονότι
1170 4011 1380 4091 βλέπων
1407 4012 1684 4091 γενόμενος
1703 4037 1800 4074 πο-

267 4104 456 4188 ρίσειεν
485 4100 548 4162 ἂν
575 4108 683 4165 τοῖς
712 4100 859 4180 ἀνθρ.
882 4123 941 4177 μ.
970 4102 1055 4178 ἀγ.
1077 4097 1166 4157 ἵνα
1185 4097 1240 4156 δὲ
1267 4098 1423 4177 μήτις
1442 4098 1565 4180 εἴπῃ
1590 4104 1662 4169 ὥς
1683 4101 1800 4161 ἀδύ-

268 4214 423 4252 νατον
472 4180 606 4248 εἶναι
651 4185 947 4267 ἀναὸλέψαι
989 4187 1143 4244 αὐτὸν
1180 4227 1199 4260 ,
1237 4187 1521 4266 προτάττει
1565 4187 1625 4246 τὸ
1667 4179 1800 4249 εἶναι

269 4281 437 4364 φημί,
472 4278 591 4339 ἀντὶ
630 4280 725 4336 τοῦ
771 4274 990 4336 δυνατὸν
1038 4266 1172 4335 εἶναι
1222 4281 1374 4334 τοῦτο
1404 4274 1544 4354 λέγω
1566 4299 1580 4313 ·
1613 4275 1701 4335 ἵνα
1726 4283 1799 4361 τῷ

271 4371 516 4450 μέλλοντι
552 4366 680 4449 πρὸς
723 4363 880 4423 αὐτὸν
919 4365 1204 4447 ἀπορήσειν
1252 4364 1409 4436 δ’ἠλον
1468 4364 1664 4445 ποιήσῃ
1709 4367 1800 4426 καὶ

268 4458 450 4539 παύσῃ
471 4461 566 4529 τῆς
593 4452 813 4536 ἀπορίας
853 4452 1030 4516 αὐτόν.
1073 4451 1282 4519 εἰκότως
1324 4452 1380 4511 δὲ
1406 4444 1521 4512 εἶπε
1556 4454 1618 4512 τὸ
1645 4456 1760 4515 ὁδόν
1784 4480 1797 4494 ·

270 4546 300 4607 ὃ
320 4545 422 4628 γὰρ
452 4546 651 4623 πάσχει
678 4566 788 4615 τις,
816 4541 969 4600 οἱονεὶ
1014 4546 1170 4599 τοῦτο
1213 4540 1440 4621 ίρχεται.
1459 4577 1523 4590 -
1558 4563 1580 4599 1
1637 4544 1800 4621 μείζω

272 4635 536 4706 ποιήσειεν
596 4635 692 4701 O„
738 4642 803 4688 ut
847 4634 922 4689 R.
951 4667 1014 4680 -
1041 4649 1074 4687 2
1103 4628 1378 4690 Scholion
1423 4631 1535 4688 hoc
1576 4637 1799 4693 Tzetzae

275 4723 529 4782 tribuere
545 4720 778 4780 videtur
796 4718 1101 4776 scholiasta
1118 4719 1336 4778 codicis
1356 4720 1666 4791 Harleiani.
1689 4723 1797 4779 Sed

276 4833 391 4870 uon
426 4829 549 4869 esse
578 4829 612 4867 a
661 4812 871 4866 Tzetza
897 4807 1222 4884 profectum
1246 4826 1317 4866 ex
1341 4827 1411 4865 eo
1435 4807 1616 4885 liquet
1643 4810 1800 4887 quod

276 4901 334 4957 in
365 4898 564 4957 codice
592 4902 814 4954 Veneto
840 4895 1062 4972 legitur.
1100 4901 1277 4954 Dum.
1308 4892 1363 4954 δὲ
1392 4886 1540 4966 οὗτος
1574 4898 1644 4957 Θ.
1667 4897 1798 4959 ΛΙά.

278 4988 363 5046 lb.
409 4991 438 5045 6
469 4983 645 5065 στίχος
689 4983 948 5042 additum
982 5005 1056 5042 ex
1090 4988 1158 5045 G.
1193 4987 1249 5044 ἐν
1295 4984 1351 5042 δὲ
1379 4984 1530 5052 ἐνίοις
1572 4989 1663 5058 V.‚
1700 4988 1801 5063 qui

280 5098 392 5135 om.
429 5080 456 5135 6
482 5073 537 5132 δὲ
560 5078 676 5139 νοῦς
705 5073 872 5144 δῆλος.
895 5110 957 5123 -
982 5076 1014 5132 3
1045 5073 1229 5133 οὔκουν
1266 5079 1361 5153 V.‚
1415 5076 1517 5152 qui
1551 5093 1666 5133 om.
1705 5075 1797 5151 ἣν,

3281 298 3388 349 567

1878 435 1995 473 non
2025 423 2094 475 G.
2119 453 2181 466 —
2209 426 2237 487 4
2276 419 2450 494 μεῖζον
2474 414 2728 475 additum
2758 436 2828 474 ex
2860 422 2961 489 V.‚
2995 418 3093 495 qui
3143 417 3258 485 τοὺς
3303 423 3399 478 ἀν-

1875 500 2128 582 θρώπους.
2159 505 2347 563 Ceteri
2373 513 2479 570 τοῖς
2515 506 2822 583 ἀνθρώποις.
2865 503 2950 561 lb.
2982 503 3270 585 ἐργάσηται
3292 512 3360 566 V.
3383 550 3401 578 ,

1874 592 1974 667 qui
2006 592 2038 647 5
2064 589 2144 649 ὅτι
2177 612 2290 650 om.
2316 590 2569 673 προσθείη
2596 592 2724 652 Ald.
2753 591 2841 650 καὶ
2859 634 2875 665 ,
2901 589 3117 650 δύναται
3146 598 3402 665 σταθῆναι

1872 681 1907 748 ἡ
1936 700 2020 759 φρ.
2059 679 2122 749 ἢν
2168 677 2335 759 βλέψῃ
2369 684 2398 738 6
2432 681 2672 745 πλοῦτος.
2715 677 2898 737 οὔκουν
2927 670 3058 737 εἶναι
3099 681 3237 762 φημὶ
3261 682 3404 755 ὁδὸν,

1872 763 2062 835 ἥντινα
2088 774 2158 826 V.
2186 806 2249 817 -
2275 768 2309 824 8
2351 765 2548 839 ταύτην
2575 766 2664 825 καὶ
2695 772 2767 824 V.
2803 765 2865 826 ἂν
2899 768 3118 826 addidit
3155 769 3405 828 Dindor-

1873 853 2104 931 flua-9
2123 852 2304 912 οὔκουν
2324 860 2418 928 V.‚
2442 856 2597 932 quod
2619 856 2806 932 ipsum
2831 856 3146 932 reponebat
3167 862 3405 926 Hemst.‚

1875 940 2228 1022 ἀποφαντικόν
2264 942 2322 998 in
2353 942 2675 1022 ἀποφατικόν
2709 952 2965 1013 mutato,
2994 942 3151 1020 quod
3187 946 3405 1002 coufir-

1874 1049 2033 1087 mare
2073 1029 2305 1088 videtur
2346 1036 2459 1107 R.;
2520 1029 2620 1087 sod
2661 1027 3013 1110 ἀποφαντικόν
3055 1036 3125 1087 V.
3175 1032 3245 1090 Θ.
3277 1057 3302 1083 «ι
3327 1036 3404 1089 Ut

1873 1115 2164 1199 ἀπόφανσις
2188 1132 2273 1176 est
2304 1124 2655 1175 emaciatum
2691 1119 2784 1175 vel
2819 1125 3243 1192 pronunciatum
3264 1163 3281 1192 ‚
3322 1120 3404 1176 sic

1875 1205 2229 1286 ἀποφαντικὸν
2245 1251 2261 1279 ,
2302 1210 2452 1282 quod
2469 1213 2585 1262 vim
2614 1206 2786 1279 effati
2803 1224 2921 1281 per
2960 1208 3404 1279 adfirmationem

1877 1298 1977 1350 vel
2001 1301 2345 1370 negationem
2362 1293 2663 1368 formandi
2701 1302 2946 1351 continet
2955 1336 2977 1363 ,
3019 1294 3092 1352 de
3131 1314 3248 1372 quo
3283 1299 3405 1352 Bua-

1878 1382 2036 1439 daeus
2065 1383 2289 1442 comm.
2327 1385 2391 1440 L.
2419 1385 2518 1439 Gr.
2555 1401 2612 1458 p.
2651 1382 2764 1458 ²93
2792 1401 2879 1458 sq.
2901 1382 2999 1441 Sic
3036 1379 3266 1455 ἔγκλισις
3292 1385 3407 1462 δρι-

1879 1467 2033 1541 στικὴ
2072 1469 2269 1528 itidem
2318 1469 2673 1547 appellatur,
2723 1481 2866 1527 teste
2899 1469 3212 1546 Apollonio
3242 1468 3407 1528 Alex.

1881 1578 1938 1635 p.
1976 1560 2088 1628 243
2109 1599 2124 1628 ,
2147 1555 2478 1637 ἀποφαντική
2501 1579 2513 1594 ·
2541 1556 2647 1632 εἴγε
2671 1555 2763 1615 καὶ
2787 1556 2847 1615 τὸ
2870 1556 3247 1636 ἀποφαίνεσθαι
3272 1556 3409 1615 κατὰ

1879 1642 2056 1715 πάσης
2081 1644 2321 1725 φράσεως
2347 1643 2829 1725 παραλαμὸάνεται
2850 1667 2863 1681 ·
2888 1644 3026 1702 ἀλλὰ
3052 1643 3147 1702 καὶ
3181 1643 3407 1726 ἐπιρρήε

1881 1732 2029 1808 ματά
2056 1756 2174 1792 τινα
2203 1732 2533 1812 ἀποφαντικὰ
2557 1734 2840 1808 καλοῦμεν.
2868 1733 3025 1790 Talis
3066 1744 3322 1808 potestas
3350 1733 3411 1789 in

1876 1821 2031 1878 hunc
2059 1822 2247 1879 locum
2295 1840 2411 1878 non
2444 1821 2748 1892 convenit;
2790 1839 2896 1878 nec
2938 1819 3259 1897 periculum
3288 1833 3406 1892 est,

1877 1928 1951 1966 ne
1975 1910 2103 1985 quis
2125 1907 2423 1986 Apollonii
2442 1907 2638 1967 verbis
2656 1907 2729 1965 ad
2754 1908 3033 1965 tuendum
3053 1907 3406 1987 ἀποφαντικὸν

1878 1995 2186 2055 abutatur:
2205 1995 2264 2054 id
2284 1998 2437 2054 enim
2467 1997 2650 2054 solum
2667 1997 2728 2053 in
2746 1996 3200 2054 controiiersiam
3230 1998 3409 2070 venit,

1878 2098 2075 2142 utrum
2103 2086 2164 2142 in
2189 2086 2407 2142 Comici
2443 2084 2573 2141 loco
2606 2087 2791 2143 οὔκουν
2825 2104 2898 2141 eo
2937 2096 3174 2142 accentu
3215 2086 3410 2143 ornari

1881 2172 2120 2243 debeat,
2154 2174 2253 2249 qui
2303 2171 2774 2240 affirmationem,
2807 2191 2880 2229 an
2928 2171 3029 2230 illo
3049 2216 3067 2243 ‚
3096 2172 3195 2248 qui
3232 2192 3412 2249 nega·

1882 2261 2096 2318 tionem
2134 2260 2308 2317 infert
2337 2281 2353 2315 t
2384 2260 2669 2338 posterius
2711 2260 2850 2338 quia
2904 2259 3037 2318 huic
3092 2260 3413 2323 scholiasta

1882 2347 2200 2426 probatur,
2224 2346 2445 2405 idcirco
2470 2347 2840 2405 scribendum
2861 2347 3033 2405 etiam
3061 2348 3170 2404 fuit
3196 2345 3408 2421 οὔκουν,

1879 2455 1996 2494 non
2013 2478 2031 2507 ,
2062 2435 2220 2513 quod
2244 2436 2467 2513 priores
2494 2435 2833 2505 ediderunt,
2861 2435 3060 2492 οὐκοῦν.
3088 2435 3217 2493 Pari
3242 2436 3412 2513 plane

1882 2523 2058 2580 modo
2087 2536 2324 2581 notatur
2347 2523 2419 2581 ad
2450 2545 2506 2581 v.
2537 2526 2651 2600 916
2671 2567 2689 2596 ,
2708 2522 2968 2605 γράφεται
3001 2521 3056 2580 δὲ
3084 2522 3175 2582 καὶ
3201 2525 3257 2581 ἐν
3284 2521 3414 2602 σχή-

1881 2632 2013 2687 ματι
2043 2611 2354 2691 ἀποφατικῷ
2398 2611 2581 2671 οὔκουν
2604 2634 2616 2649 ·
2644 2631 2761 2689 quo
2791 2611 2977 2668 fulcro
3005 2630 3175 2670 causa
3213 2624 3414 2670 nostra

1881 2698 2016 2755 satis
2040 2710 2126 2755 est
2152 2699 2331 2756 firma.
2354 2699 2583 2756 Deinde
2607 2697 2644 2755 l.
2681 2717 2748 2754 ια
2768 2740 2786 2772 ,
2815 2697 2901 2754 uti
2931 2696 3162 2776 πορίσειε
3181 2742 3200 2776 ,
3239 2699 3320 2755 sic
3355 2710 3413 2755 et

1881 2784 2060 2842 scribi
2081 2786 2274 2843 malim
2320 2784 2522 2867 βλάψαι
2552 2785 2642 2843 vel
2673 2783 2919 2867 βλάψειε·
2964 2805 3037 2842 ex
3084 2805 3201 2862 quo
3229 2784 3413 2843 verbo

1883 2876 2102 2951 ceperit
2141 2876 2350 2953 aliquis
2394 2875 2779 2953 suspicionem
2802 2916 2821 2946 ,
2862 2874 3012 2931 forte
3050 2874 3241 2950 ipsum
3272 2873 3413 2932 illud

1885 2959 2088 3041 βλάψαι
2129 2963 2420 3021 nonnullis
2463 2964 2521 3020 in
2567 2963 2786 3022 Comici
2823 2960 3118 3019 codicibus
3156 2961 3413 3020 extitisse

1883 3067 1995 3126 pro
2040 3048 2227 3130 βλέψῃ,
2254 3075 2278 3101 υ
2307 3054 2523 3108 Ηῑιιετ.
2542 3086 2604 3099 -
2644 3052 2711 3108 13
2747 3062 2806 3106 et
2837 3069 2963 3125 sqq.
2988 3068 3100 3106 om.
3131 3049 3303 3105 etiam
3338 3051 3410 3107 Θ.

1967 3134 2104 3211 509,
2135 3157 2210 3213 ²9
2243 3139 2290 3194 εἰ
2316 3141 2471 3196 τοῦτο
2498 3135 2687 3215 γένοιθ’
2712 3159 2726 3194 :
2757 3138 2802 3194 εἰ
2819 3135 2922 3217 γὰρ
2950 3140 2979 3194 ὁ
3020 3136 3258 3201 Πλοῦτος
3285 3134 3413 3214 βλέ·

1883 3226 2000 3304 ψειε
2023 3223 2181 3283 πάλιν
2215 3222 2478 3302 διανέμειε
2503 3225 2550 3283 τ’
2568 3216 2688 3284 ἶσον
2718 3223 2901 3283 ἑαυτὸν
2937 3231 3072 3281 πᾶσι
3099 3222 3412 3302 (διανέμειεν

1883 3309 2067 3370 ἑαυτὸν
2093 3320 2253 3371 πᾶσιν
2278 3311 2391 3371 ἴσον
2420 3313 2513 3390 Θ.)
2537 3311 2775 3384 δηλονότι
2800 3313 2904 3376 οὐκ,
2929 3313 3003 3371 Θ.
3038 3311 3170 3372 Ald.

1969 3400 2083 3458 510
2123 3399 2309 3471 ἐπίσης
2361 3420 2475 3462 om.
2517 3402 2676 3461 9,-
2705 3406 2775 3469 34
2806 3399 3098 3481 Ἱστορίαν,
3139 3402 3212 3459 36
3254 3404 3415 3472 αὐτῆς

1883 3491 2062 3546 Dorv.
2090 3486 2448 3568 μεταχείρισιν
2477 3495 2617 3567 Reg.

1970 3575 2082 3632 512
2121 3575 2284 3642 οὐδείς
2311 3600 2323 3634 :
2351 3574 2624 3649 Ἐθελήσει
2644 3577 2762 3650 δηλ.
2790 3579 2983 3659 ἀμφοῖν
3009 3599 3024 3634 ε
3054 3575 3176 3655 Ἤγ.
3198 3579 3294 3647 τῆς
3314 3600 3412 3636 σο·

1884 3662 2007 3746 φίας
2031 3662 2118 3723 καὶ
2149 3666 2242 3735 τῆς
2280 3663 2468 3744 τέχνης
2499 3666 2674 3724 Paris.
2708 3663 3071 3745 τῆς-τέχνης
3101 3676 3159 3723 et
3189 3677 3258 3734 41
3290 3688 3416 3747 τρο·-

1883 3751 2011 3833 χοὺς
2045 3751 2252 3831 ἁμάξης
2278 3762 2445 3812 ποιεῖν
2490 3755 2665 3814 habet
2696 3757 2766 3816 Θ.
2793 3754 3000 3833 ἁμάξας
3030 3760 3197 3812 ποιεῖν
3229 3759 3413 3812 Dorv.

1885 3880 1950 3893 —
1970 3844 2041 3912 45
2065 3841 2281 3908 πλίνθας
2311 3844 2493 3901 Paris„

1970 3932 2109 4004 515,
2136 3932 2210 3999 46
2241 3951 2324 4008 sq.
2361 3930 2941 4010 Ἇντὶ-ἐπιμελεῖσθαι
2966 3944 3093 4008 post
3113 3931 3220 4000 ὄζει
3243 3932 3416 3989 habet

1884 4021 1957 4075 R.
1987 4017 2244 4098 γεωργοὺς
2268 4018 2399 4076 Ald.
2417 4053 2479 4066 -—
2509 4026 2582 4089 47
2614 4024 2767 4077 τοῦτο
2790 4017 2853 4076 τὸ
2883 4016 3004 4085 ἔπος
3031 4022 3095 4076 V.

1972 4107 2105 4178 516,
2135 4106 2209 4162 52
2240 4105 2348 4164 ἄνω
2376 4111 2445 4166 R.
2469 4106 2678 4177 θελήσει
2701 4108 2767 4166 V.
2792 4142 2856 4155 -—
2885 4106 2957 4173 51.
2982 4104 3184 4172 Ἄλλως
3209 4119 3268 4163 et
3287 4125 3415 4184 sqq.

1886 4212 2006 4252 om.
2035 4194 2211 4251 etiam
2235 4194 2309 4251 Θ.
2339 4229 2403 4240 -
2442 4215 2465 4250 1
2502 4192 2599 4270 μὲν
2622 4199 2774 4251 τοῦτο
2796 4191 2926 4265 τίθ.,
2963 4194 2995 4250 3
3030 4193 3225 4250 τούτων
3246 4192 3417 4251 ἁπάν·

1885 4301 1991 4337 των
2021 4292 2078 4340 et
2114 4277 2178 4350 ἢν
2214 4276 2302 4358 ἐξῇ
2347 4282 2440 4350 ζῆν
2467 4278 2603 4356 My„
2635 4288 2666 4347 4
2718 4280 2808 4339 καὶ
2845 4278 2906 4337 τὸ
2930 4300 3016 4338 σπι.
3051 4291 3108 4336 et
3150 4281 3210 4337 οὐ
3241 4283 3415 4345 καλῶς

1887 4366 2127 4446 λέγουσιν
2157 4373 2298 4447 Reg.
2319 4404 2330 4418 ·

1970 4458 2107 4530 517,
2132 4458 2167 4513 8
2192 4456 2252 4515 τὸ
2272 4460 2460 4536 σχῆμα
2488 4455 2720 4515 Ἀττικὸν
2744 4457 2815 4521 ὡς
2835 4451 2893 4512 τὸ
2916 4460 2985 4514 V.
3015 4453 3240 4512 omissis
3270 4453 3407 4516 Ἀττ.

1887 4565 2055 4624 -φρ,
2069 4543 2224 4604 ΙΙ).δὲ
2241 4545 2497 4603 additum
2508 4564 2580 4603 ex
2595 4550 2664 4606 R.
2688 4557 2748 4603 et
2767 4542 2941 4604 Suida
2959 4563 3002 4601 s.
3022 4545 3197 4621 Λῆρον
3220 4544 3413 4624 ληρεῖς.

1887 4653 2009 4709 -9
2038 4631 2202 4712 μαίνῃ
2230 4631 2320 4692 καὶ
2361 4630 2529 4713 φυγὴν
2573 4632 2772 4713 φεύγεις
2816 4630 2947 4690 Ald.
2986 4635 3243 4707 Pergunt
3284 4643 3413 4706 post

1890 4720 2054 4801 μαίνῃ
2074 4723 2145 4781 Θ.
2175 4734 2233 4778 et
2256 4721 2480 4792 Suidas,
2502 4718 2564 4779 τὸ
2586 4724 2775 4799 σχῆμα
2795 4717 2850 4776 δὲ
2870 4716 3100 4778 Ἀττικὸν
3122 4714 3182 4775 τὸ
3197 4716 3413 4776 εἰπόντα

1885 4808 1949 4868 τὸ
1969 4817 2194 4890 πρᾶγμα
2219 4809 2504 4888 ἐπαγαγεῖν
2542 4807 2604 4866 τὸ
2630 4804 3054 4886 ἀπὸ-φεύγεις,
3094 4805 3203 4863 nisi
3251 4805 3409 4883 quod

1888 4897 2095 4959 Suidas
2123 4895 2236 4956 ἔστι
2259 4896 2315 4955 δὲ
2343 4895 2574 4955 Ἀττικὸν
2597 4896 2657 4954 τὸ
2677 4898 2863 4974 σχῆμα
2894 4907 3002 4952 etc.
3023 4929 3086 4944 -
3119 4913 3187 4950 10
3219 4893 3380 4970 ἕπάγε
3399 4928 3412 4938 ·

1886 5008 1976 5044 ται
2016 4989 2179 5044 Junt.
2233 4984 2559 5063 ἑπαγάγεται
2602 4984 2732 5043 Ald.
2766 5019 2832 5034 -
2872 5001 2940 5039 ιο
2995 4979 3407 5059 Ἀπηρίθμησαε.

1888 5075 2176 5134 Nimirum
2230 5071 2402 5150 λέγειν
2458 5074 2667 5152 saepius
2711 5082 3011 5150 exponunt
3054 5068 3405 5147 grammatici
