3859 5725
1615 292 1866 356 PLUTl.

150 435 324 497 ὀπίσω
355 439 520 518 ponit
546 436 616 500 Θ,
645 436 781 503 ὅλως
821 455 936 497 om.
964 438 1035 491 V.
1059 469 1127 484 -
1154 425 1397 490 lybosi!
1424 427 1515 488 καὶ
1539 426 1679 487 ἔνθεν

153 523 497 606 στρεφόμενος
526 532 710 587 Dorv.
739 563 804 578 -
835 523 903 582 15
932 518 1043 581 Ιστι
1074 516 1200 598 μὲν,
1244 521 1315 577 16
1356 514 1444 577 ἐπὶ
1472 517 1679 598 φυλακῇ

153 610 290 688 fleg.
317 611 434 683 ἤτοι
475 610 681 694 φυλακὴ
716 610 891 670 Paris.
930 645 993 659 .-
1031 609 1099 667 18
1140 604 1296 689 θύρας
1320 608 1415 678 τῆς
1459 601 1684 684 ἐχούσης

153 697 473 779 στρόφιγγας
494 700 638 776 Reg.

244 786 413 857 1155,
452 787 526 844 38
555 805 641 862 sq.
674 783 926 861 Etymol.
970 777 1414 857 Παλιγκάτιηλος,
1451 781 1479 836 ὁ
1516 800 1683 856 μετα-

153 866 367 943 Εολιῦς,
394 876 425 931 ὃ
449 872 511 931 τὸ
538 871 667 931 αὐτὸ
689 869 957 951 ἀγοράζων
980 867 1070 927 καὶ
1098 868 1319 925 πωλῶν·
1348 866 1524 947 paulo
1550 865 1683 943 ple-

152 958 288 1016 nius
312 960 635 1036 Hesychius
664 982 678 1017 :
703 962 732 1018 δ
761 954 1078 1036 μετάόολος,
1105 954 1209 1015 δτὸ
1235 954 1362 1014 αὐτὸ
1380 952 1459 1013 ἀεὶ
1488 950 1680 1033 ἀγορά-

154 1048 262 1112 ζων
282 1045 373 1104 καὶ
400 1046 624 1118 πωλῶν,
653 1048 723 1111 ὣς
739 1043 1111 1113 παλίνδουλος,
1140 1044 1169 1099 8
1185 1038 1441 1107 πολλάκις
1465 1035 1681 1099 δουλεύ-

154 1152 282 1198 σας·
329 1133 488 1210 qnod
529 1134 816 1212 posterius
855 1152 925 1189 eo
979 1130 1260 1209 pertinet,
1310 1141 1375 1187 ut
1422 1137 1683 1199 moneat,

152 1220 321 1279 πάλιν
358 1222 418 1278 in
467 1222 583 1281 hoc
617 1220 904 1280 vocabulo
930 1216 1256 1296 composito
1289 1235 1408 1274 non
1433 1211 1683 1293 simplici

156 1316 382 1367 tantmn
408 1326 622 1386 suaque
636 1306 886 1387 gaudere
900 1315 1183 1384 potestate
1194 1346 1212 1374 ,
1230 1301 1332 1361 sed
1350 1302 1682 1361 continuam

156 1396 634 1473 frequentemque
660 1396 979 1474 significare
997 1411 1186 1451 rerum
1206 1402 1516 1460 emtarum,
1539 1408 1687 1447 ven-

155 1481 527 1560 ditat-umque
582 1481 1111 1541 commutationem.
1169 1476 1329 1535 Idem
1385 1475 1583 1533 docuit
1626 1474 1685 1531 in

157 1567 510 1635 Παλίνσκιος·
542 1568 605 1628 τὸ
626 1567 727 1650 γὰρ
751 1567 941 1637 πάλιν,
958 1565 1184 1643 inquit,
1213 1564 1422 1644 ἐνιαχοῦ
1451 1560 1688 1620 ἐπίτασιν

158 1656 349 1727 δηλοῖ,
373 1659 444 1722 ὡς
454 1653 886 1733 παλιγκάπηλος,
907 1651 1307 1733 παλίμπρατος·
1331 1653 1415 1710 ita
1444 1648 1690 1708 scriben-

158 1742 303 1801 dum
323 1786 339 1813 ‚
373 1762 490 1800 non
530 1742 965 1821 παλίμπρακτος·
989 1740 1123 1799 vide
1145 1739 1360 1798 Polluc.
1382 1760 1438 1810 7,
1469 1758 1492 1794 1
1509 1759 1560 1808 1,
1590 1738 1691 1815 qui

160 1826 234 1887 τὰ
254 1826 491 1909 δεύτερον
522 1825 931 1909 πιπρασκόμενα
969 1826 1086 1885 dici
1126 1836 1289 1884 notat
1312 1824 1691 1904 παλίμπρατα,

160 1916 528 1992 παλίμπωλα,
566 1915 845 1993 additque
863 1956 879 1986 ,
908 1912 999 1973 καὶ
1028 1917 1058 1971 ὁ
1082 1918 1234 1971 τοῦτο
1261 1914 1454 1985 ποιῶν,
1486 1911 1695 1989 παλίμ-

162 2003 373 2075 πωλος,
409 2001 812 2080 παλιγκάπηλος
829 2020 844 2036 ·
867 2021 984 2079 quo
1014 2012 1203 2059 tamen
1230 2000 1359 2059 loco
1375 2043 1393 2071 ,
1418 2021 1487 2057 ne
1513 2000 1698 2058 forma

159 2091 327 2148 vocis
362 2089 618 2167 legitima
660 2088 1043 2159 desideretur,
1072 2087 1265 2149 malim
1309 2085 1695 2163 παλιμπώλης·

165 2194 375 2236 semis
402 2177 579 2236 etiam
598 2175 927 2254 παλίμὸολος
944 2187 1002 2233 et
1024 2173 1418 2255 παλίμπρατος,
1442 2176 1472 2232 ὁ
1492 2174 1701 2234 πολλά-

163 2285 253 2328 κις
286 2262 504 2343 πραθεὶς
532 2263 590 2335 3,
640 2264 782 2335 1253
828 2280 1018 2339 neque
1060 2280 1226 2319 usum
1265 2261 1557 2337 eleganter
1585 2261 1700 2319 alio

169 2351 515 2407 translatum
544 2348 853 2409 observare
882 2348 1167 2425 neglexit,
1209 2347 1580 2427 παλίμπρατος
1605 2347 1699 2421 τὴν

170 2433 351 2516 ὥραν,
379 2436 784 2515 παλιγκάπηλος
817 2440 911 2495 τοῦ·
936 2433 1158 2501 κάλλους
1194 2436 1252 2509 6,
1300 2455 1429 2506 127,
1456 2446 1516 2493 et
1550 2434 1705 2492 inter

168 2518 425 2583 rhetoris
446 2523 767 2602 opprobria
781 2567 798 2594 ,
816 2521 944 2605 πρὸς
966 2521 1206 2604 ἀργύριον
1229 2520 1467 2600 βλέπων,
1496 2522 1702 2599 παλίμ-

164 2630 392 2691 πρατος·
431 2612 722 2690 pauloque
758 2622 921 2688 post,
966 2607 1395 2686 παλιγκάπηλος,
1420 2608 1703 2692 πεπρακὼς

167 2696 387 2759 ἑαυτόν·
436 2697 732 2775 quomodo
763 2698 835 2755 de
884 2698 1091 2756 Flacco
1145 2698 1313 2756 Philo
1363 2698 1594 2759 Judaeus
1640 2720 1699 2778 p.

167 2784 1046 2954 {lsfflmmfffflpffl
1066 2784 1264 2932 52⁰³ss
1288 2785 1607 2935 ³2⁰⁹''1‘1‘1‘32'‘
1640 2786 1702 2854 ἃς

615 2898 633 2931 ι
1126 2899 1205 2952 αμ
1242 2898 1305 2933 αν
1331 2898 1379 2933 ν.
1587 2899 1693 2935 πα·

166 2961 504 3041 λιμπράτης,
530 2979 705 3038 quem
754 2962 974 3020 Glossae
1006 2973 1232 3020 veteres
1265 2961 1607 3042 μεταπράτην
1644 2976 1703 3023 et

169 3055 445 3106 cot-ionem
472 3057 717 3118 vocant,
760 3063 967 3125 parum
999 3066 1033 3104 a
1062 3047 1454 3130 παλιγκαπήλῳ
1495 3050 1700 3125 distat3

171 3134 335 3214 quod
360 3132 729 3192 maledictum
755 3145 820 3190 ut
850 3133 1127 3211 sophistis
1158 3134 1271 3192 fuit
1288 3153 1329 3194 a
1352 3135 1703 3195 liberaliori-

172 3224 286 3282 bus
314 3220 679 3300 philosophis
716 3218 1038 3297 objectum,
1067 3220 1149 3278 sic
1184 3221 1426 3298 perinde
1458 3235 1517 3281 et
1556 3223 1702 3283 illud

175 3311 235 3367 in
257 3309 438 3387 Epist.
460 3310 681 3366 socrat.
714 3327 775 3386 p.
805 3325 861 3377 2,
889 3307 1267 3384 quemlocum
1296 3309 1508 3387 insigni
1538 3329 1703 3369 men-

172 3398 255 3457 da
277 3397 581 3457 liberabo:
614 3398 731 3455 du·
769 3396 949 3477 ὥσπερ
989 3395 1108 3463 τοὺς
1132 3395 1381 3479 σοφιστὰς
1399 3441 1416 3471 ,
1458 3398 1551 3458 καὶ
1577 3402 1700 3461 Σω-

175 3484 379 3566 κράτην
402 3483 562 3567 φαίνῃ
586 3488 824 3546 ὑπονοεῖν
847 3484 1230 3567 παλιμπράπην
1252 3484 1371 3544 τινὰ
1402 3475 1538 3546 εἶναι
1577 3511 1708 3549 παι-

179 3574 349 3648 δεῖν,
364 3573 461 3633 καὶ
478 3572 547 3634 τὰ
564 3573 817 3657 πρότερον
834 3574 1035 3655 πάνυ
1056 3575 1155 3654 οὐχ
1173 3575 1354 3643 ἅπλῶς
1370 3576 1705 3660 ἀρνούμενον,

181 3660 300 3720 ἀλλ’
329 3660 417 3720 ἐπὶ
436 3660 673 3722 πλείοσιν
693 3659 728 3734 ἢ
749 3668 859 3728 τοῖς
881 3661 1002 3721 τότε
1027 3661 1319 3741 δεδομένοις
1341 3663 1445 3726 ὑπὸ
1466 3673 1588 3728 σοῦ·
1616 3669 1703 3727 le·

180 3747 447 3826 gebatur,
483 3747 817 3830 αἱρούμενον·
855 3750 972 3808 ἀλλ’
993 3748 1081 3810 ἐπὶ
1110 3747 1317 3811 πλείοσι
1343 3761 1451 3821 τοῖς
1480 3753 1598 3814 τότε
1626 3757 1710 3814 δι-

184 3832 421 3912 δομένοις
438 3855 452 3870 ·
480 3849 567 3894 est
591 3850 784 3895 autem
810 3838 1076 3917 ἀρνεῖσθαι
1093 3843 1448 3899 conditionem
1465 3843 1706 3901 oblatam

182 3941 457 3997 respuere.
482 3922 785 3983 Μετάὸολοι
806 3944 976 3996 vero,
1005 3926 1319 4005 interprete
1338 3929 1542 4002 Suida,
1571 3954 1707 4015 πρα-

181 4008 511 4087 γματευταὶ,
547 4019 908 4091 μεταπρᾶται,
937 4023 995 4069 ct
1029 4012 1364 4089 μεταὸολεῖς,
1393 4017 1478 4076 illi
1506 4039 1710 4078 recen-

184 4097 436 4155 tion-ibus
461 4097 821 4170 usitatiores,
846 4098 907 4156 hi
931 4100 1167 4172 Atticis,
1194 4114 1260 4160 ut
1280 4116 1442 4162 notat
1460 4105 1711 4166 Thomas

182 4189 290 4254 M„
322 4196 747 4263 proptereaque
777 4185 886 4243 soli
925 4205 959 4244 a
988 4189 1214 4246 Polluce
1241 4194 1713 4266 commemorati,

186 4268 448 4341 καπήλοις
471 4282 531 4329 et
571 4270 995 4349 παλιγκαπήλοις
1020 4286 1138 4333 mm
1173 4276 1382 4348 vicini,
1423 4290 1488 4336 ut
1524 4277 1597 4337 iis
1621 4281 1709 4338 vel

183 4357 544 4435 explicandis
587 4357 1005 4433 adhibeantur,
1046 4362 1138 4420 vel
1182 4364 1449 4440 proxime
1496 4366 1714 4444 junctis

183 4445 517 4510 adhaereant
541 4468 556 4503 ι
585 4449 635 4505 οἱ
667 4445 973 4522 μεταὸολεῑς
992 4448 1082 4507 καὶ
1102 4450 1153 4508 οἱ
1170 4452 1276 4508 τῶν
1295 4449 1462 4508 ὠνίων
1484 4452 1715 4528 κάπηλοι

184 4531 343 4612 apud
384 4537 607 4593 socrat.
653 4538 731 4593 Η.
761 4539 825 4594 Ε.
871 4536 928 4608 3,
976 4555 1083 4613 173
1111 4537 1361 4614 graviter
1384 4549 1440 4598 et
1475 4540 1712 4618 figurate

187 4619 490 4678 Demosth.
524 4626 592 4678 ln
618 4621 912 4699 Aristogit.
941 4644 1001 4702 p.
1031 4624 1168 4696 835,
1196 4629 1240 4683 C
1276 4647 1290 4681 t
1319 4627 1362 4682 εἰ
1392 4623 1447 4683 δὲ
1476 4624 1713 4702 κάπηλός

190 4708 304 4768 ἐστι
328 4707 609 4788 πονηρίας,
651 4708 743 4768 καὶ
770 4708 1202 4788 παλιγκάπηλος,
1236 4710 1325 4770 καὶ
1362 4712 1710 4791 μεταὸολεὺς,

188 4787 283 4852 καὶ
308 4791 525 4870 μονονοὺ
552 4795 687 4873 ζυγὰ
713 4796 803 4854 καὶ
830 4795 1041 4875 σταθμὰ
1072 4796 1208 4877 ἔχων
1236 4799 1440 4876 πάντα,
1472 4800 1569 4859 ὅσα
1598 4799 1714 4860 πώ-

98 4961 99 4968 γ
190 4877 307 4936 ποτ’
353 4875 600 4959 ἔπραξεν,
654 4881 863 4942 ἐπώλει.
916 4889 1044 4943 Iam
1097 4887 1280 4945 nostri
1323 4890 1713 4966 grammatici,

194 4984 371 5041 quum
396 4966 798 5044 παλιγκάπηλον
832 4984 1133 5049 exponunt
1157 4971 1245 5031 τὸν
1272 4972 1334 5033 τὸ
1367 4974 1494 5034 αὐτὸ
1530 4975 1619 5034 vel
1647 4973 1714 5034 τὰ

100 5053 103 5142 ᾗ
191 5048 325 5114 αὐτὰ
340 5051 421 5114 ἀεὶ
444 5052 773 5135 ἀγοράζοντα
788 5056 881 5118 καὶ
906 5060 1213 5134 πωλοῦντα,
1244 5062 1415 5122 talem
1441 5059 1715 5125 videntur

3173 304 3279 354 ott

1768 424 2117 483 intellemsse
2132 467 2152 497 ‚
2181 424 2282 501 qui
2301 422 2558 503 ejusdem
2577 424 2802 501 generis
2821 444 3039 484 merces
3056 439 3114 484 et
3141 426 3214 485 ad
3234 447 3295 486 se

1770 512 1985 571 delatas
2006 525 2256 583 emeret,
2288 524 2348 570 et
2389 511 2518 570 aliis
2548 511 2760 571 iterum
2796 515 3101 588 venderet3
3138 515 3298 592 quod

1769 602 1876 661 etsi
1924 601 2188 659 nonnihil
2223 601 2455 659 differat
2492 601 2895 681 explicationi,
2934 622 3064 681 quae
3105 606 3296 663 statim

1771 689 2141 767 proponitur,
2170 687 2244 747 ab
2283 708 2392 747 usu
2424 700 2613 747 tamen
2642 691 2802 748 vocis
2824 690 3072 769 ipsoque
3098 691 3299 769 παλιγ-

1770 774 2061 848 καπήλων,
2090 773 2475 852 quorumdam
2511 775 2741 848 saltem,
2778 777 3044 836 instituto
3068 797 3185 836 non
3213 790 3301 836 est

1770 863 2021 922 alienum
2046 886 2061 922 ι
2085 863 2198 922 hoc
2237 864 2389 923 enim
2411 876 2583 944 pacto
2607 864 2905 925 Phoenices
2940 885 3171 944 quoque
3196 888 3304 925 πα-

1770 950 2090 1029 λιγκάπηλοι
2118 950 2440 1010 scholiastae
2480 950 2716 1010 Pindari
2758 952 2831 1010 ad
2869 953 3038 1029 Pyth.
3074 972 3132 1025 a,
3170 953 3301 1025 125,

1771 1038 1916 1096 nihil
1945 1037 2330 1116 opportunius
2358 1036 2430 1097 ad
2457 1057 2577 1095 rem
2601 1038 3024 1116 explanandam
3051 1041 3154 1100 illo
3172 1043 3303 1120 ipso

1774 1124 2080 1201 Sophoclis
2125 1123 2285 1194 loco,
2330 1142 2503 1200 quem
2546 1123 2790 1200 protulit
2826 1146 2840 1182 z
2873 1124 3034 1198 Ὠνὴν
3065 1126 3182 1185 ἔθου
3213 1125 3305 1184 καὶ

1772 1219 2001 1292 πρᾶσιν,
2028 1213 2100 1277 ὣς
2121 1206 2309 1278 Φοῖνιξ
2331 1208 2491 1291 ἀνὴρ,
2522 1209 2771 1277 Σιδώνιος
2797 1211 3063 1286 κάπηλος,
3092 1215 3306 1272 altero-

1776 1320 1888 1377 que
1912 1300 2148 1371 comici,
2173 1297 2277 1357 ubi
2297 1318 2586 1357 nonnemo
2614 1300 2909 1377 protinuS,
2933 1302 3103 1361 simul
3133 1314 3305 1380 atque

1776 1386 1838 1446 id
1856 1431 1873 1459 ,
1902 1386 2188 1466 quidquid
2211 1386 2415 1456 fuerit,
2440 1386 2599 1463 quod
2619 1388 2678 1445 in
2697 1388 2889 1447 sabula
2913 1389 3131 1448 dictum
3156 1410 3307 1469 prae-

1778 1486 2057 1546 cesserat,
2082 1473 2471 1551 contingeret,
2495 1475 2617 1533 fieri
2643 1495 2703 1532 se
2732 1475 3064 1535 Phoenicem
3097 1478 3308 1547 aiebat,

1779 1582 1894 1620 una
1934 1581 2108 1620 manu
2129 1561 2296 1631 dare,
2326 1560 2588 1640 accipere
2623 1562 2838 1620 altera:
2870 1562 3017 1631 εὐθὺς
3043 1563 3096 1622 δὲ
3125 1564 3309 1633 Φοῖνιξ

1779 1647 2031 1727 γίγνομαι
2047 1691 2064 1720 ,
2093 1650 2181 1726 Τῇ
2228 1644 2323 1726 μὲν
2367 1645 2557 1725 δίδωμι
2602 1646 2739 1726 χειρὶ
2756 1691 2773 1720 ,
2823 1653 2890 1729 τῇ
2936 1648 2992 1708 δὲ
3029 1651 3310 1727 λαμὸάνω.

1780 1741 1920 1795 Des·
1953 1735 2241 1795 Heraldus
2261 1735 2452 1793 Anim.
2494 1736 2554 1793 in
2584 1734 2828 1795 Observ.
2876 1736 2949 1794 ad
2980 1742 3032 1796 J.
3066 1744 3136 1797 Δ.
3160 1751 3220 1797 et
3243 1744 3311 1797 R.

1786 1845 1842 1897 a,
1861 1846 1911 1882 c.
1928 1844 1990 1896 a,
2022 1826 2103 1895 §6
2123 1823 2247 1880 haec
2274 1823 2493 1881 scholio
2511 1836 2714 1880 nostro
2732 1821 2996 1882 subdidit
3017 1847 3033 1883 ε
3057 1829 3198 1884 Heio
3220 1824 3315 1903 ἔμ-

1784 1934 1948 1993 πορον
1975 1910 2076 1969 ὑπὸ
2100 1913 2194 1969 τοῦ
2227 1909 2468 1981 καπήλου
2495 1918 2763 1967 contineri
2789 1915 2914 1968 vult
2935 1916 3122 1987 aliquo
3153 1902 3315 1986 casu,

1787 2015 1845 2058 et
1856 1996 2095 2070 κάπηλον
2120 2018 2238 2054 esse
2260 2003 2358 2073 qui
2399 2000 2548 2053 domi
2579 2004 2712 2055 emit
2730 1995 2837 2056 άπὸ
2862 2004 2951 2056 τοῦ
2980 1999 3317 2072 αὖτοπώλου,

1787 2101 1845 2146 et
1862 2089 2061 2145 vendit
2080 2083 2278 2141 ibidem
2305 2086 2382 2164 τῷ
2402 2081 2645 2164 ἐμπόρῳ,
2676 2106 2783 2159 quo
2819 2092 3039 2143 nomine
3071 2092 3199 2144 vult
3218 2109 3322 2163 αρ-

1783 2181 1995 2252 pellare·
2017 2193 2423 2251 quemcunque,
2468 2180 2562 2249 qul
2585 2179 2721 2228 emit
2741 2171 2828 2230 ἐπὶ
2868 2170 3045 2245 ξένης,
3071 2182 3181 2232 sive
3214 2173 3320 2234 ἀπὸ

1789 2269 1882 2323 τοῦ
1926 2259 2236 2324 αὗτπῶὶου
2251 2303 2268 2331 ,
2296 2268 2404 2317 sive
2433 2259 2539 2317 ἀπὸ
2571 2265 2665 2318 τοῦ
2700 2258 2972 2333 καπήλου·
3013 2265 3117 2318 sed
3135 2276 3198 2320 et
3226 2284 3321 2339 que

1790 2358 1926 2409 emit
1937 2353 2118 2420 domi,
2159 2350 2309 2424 quod
2337 2349 2554 2404 vendat
2575 2347 2663 2405 ἐπὶ
2685 2345 2843 2419 ξένης.
2881 2352 2976 2405 Ex
3005 2369 3068 2405 eo
3100 2363 3318 2420 auoem,

1791 2443 1942 2518 quod
1958 2437 2197 2510 κάπηλον
2220 2440 2347 2494 vult
2367 2456 2485 2493 esse
2501 2456 2626 2493 eum
2637 2477 2658 2505 ,
2699 2443 2797 2511 qui
2828 2444 2961 2495 emit
2976 2437 3083 2496 ἀπὸ
3105 2442 3197 2497 τοῦ
3219 2440 3321 2497 αὔ-

1791 2526 2035 2587 τ’.»πώλου
2048 2569 2065 2597 ,
2091 2521 2498 2600 παλιγκάπηλον
2528 2543 2647 2580 esse
2661 2527 2817 2594 vult,
2842 2531 2940 2599 qui
2961 2533 3095 2583 emit
3108 2524 3213 2584 ἀπὸ
3230 2531 3322 2586 τοῦ

1793 2617 2034 2686 κατιηλου
2051 2656 2069 2685 ,
2093 2627 2152 2671 et
2162 2632 2285 2669 eum
2305 2614 2586 2687 distinguit
2609 2609 2714 2669 ἀπὸ
2738 2615 2830 2669 τοῦ
2855 2610 3200 2689 μεταὸολίος,
3226 2629 3325 2673 em

1792 2709 1952 2763 nulla
1959 2722 2132 2779 poene
2140 2715 2223 2758 est
2234 2707 2378 2756 inter
2392 2714 2680 2775 utrumque
2695 2699 3036 2772 afferentia.
3058 2709 3320 2776 Quorum

1792 2793 1929 2864 ista,
1946 2798 2042 2868 qui
2056 2794 2194 2847 emit
2207 2785 2294 2845 ἐπὶ
2322 2783 2468 2858 ξένης
2492 2822 2553 2835 --
2570 2788 2675 2843 sed
2689 2799 2747 2842 et
2761 2793 2860 2862 que·
2873 2794 3007 2845 emit
3022 2792 3176 2868 domi
3194 2803 3322 2864 etc.,

1793 2879 1930 2940 satis
1959 2888 2236 2956 arguunt,
2266 2874 2534 2952 impediti
2555 2873 2834 2952 quiddam
2870 2876 3125 2935 Heraldo
3152 2879 3325 2938 fuisse

1794 2971 1983 3028 visum
2008 2967 2227 3024 haerere
2247 2962 2307 3021 in
2325 2959 2558 3042 ἐμπόρου
2578 2962 2965 3040 descriptione
2981 3007 2999 3036 ,
3026 2965 3186 3041 quod
3208 2966 3325 3024 sru-

1794 3069 1912 3114 stra
1959 3051 2157 3111 verbis
2199 3062 2390 3126 tegere
2426 3050 2501 3108 sit
2559 3063 2821 3108 conatus.
2864 3050 3110 3110 Budaeus
3152 3054 3323 3113 etiam

1794 3143 2060 3223 scripsit,
2087 3138 2123 3212 ἢ
2148 3138 2254 3198 ἀπὸ
2287 3142 2380 3196 τοῦ
2407 3138 2648 3210 καπήλου
2675 3138 2994 3215 ὠνούμενος,
3031 3141 3176 3200 illud
3213 3145 3316 3202 sci·

1797 3231 1929 3289 licet
1948 3226 2319 3308 participium
2333 3268 2349 3296 ,
2370 3238 2434 3282 ut
2454 3245 2651 3283 sensus
2668 3239 2978 3302 congruat,
2997 3226 3328 3287 addendum

1795 3318 2148 3377 existimans.
2198 3317 2413 3372 sanare
2471 3312 2605 3370 licet
2653 3313 3029 3387 scholiasten,
3086 3314 3326 3394 ejusque

1797 3405 2105 3484 genuinam
2132 3411 2384 3459 mentem
2412 3401 2638 3476 assequi
2660 3399 2922 3458 oratione
2941 3402 2999 3459 in
3027 3403 3325 3463 meliorem

1798 3493 2062 3550 ordinem
2095 3487 2408 3565 redigenda
2447 3508 2462 3546 t
2505 3482 2779 3569 Ἔμπορος
2812 3486 2870 3545 δὲ
2920 3492 2948 3546 ὁ
2987 3490 3256 3572 ἀγοράζων
3286 3491 3326 3559 ἢ

1797 3578 1901 3639 ἀπὸ
1930 3582 2023 3637 τοῦ
2070 3574 2379 3636 αὐτοπώλου
2394 3617 2412 3646 ,
2441 3572 2477 3646 ἢ
2513 3573 2619 3634 ἀπὸ
2649 3577 2744 3634 τοῦ
2785 3574 3026 3646 καπήλου
3043 3619 3062 3649 ,
3111 3576 3203 3636 καὶ
3247 3578 3332 3638 ἐπὶ

1800 3667 1948 3740 ξένης
1984 3666 2210 3723 πωλῶν·
2252 3661 2411 3739 quod
2441 3662 2545 3736 iis,
2577 3681 2706 3740 quae
2746 3661 3012 3735 tradidit,
3044 3675 3161 3722 tam
3190 3684 3321 3722 con·

1800 3757 1971 3815 cinne
2003 3749 2341 3831 respondet,
2378 3761 2471 3821 ut,
2505 3749 2647 3827 quin
2694 3748 2775 3807 ita
2803 3749 3132 3828 reliquerit,
3162 3750 3333 3811 dubi·

1803 3842 1910 3902 tari
1954 3851 2221 3919 nequeat.
2267 3837 2465 3916 steph.
2497 3841 2631 3914 Byz.
2648 3837 2707 3895 in
2735 3835 2919 3896 Ἰσεῖον
2931 3881 2949 3909 ,
2985 3836 3148 3913 cujus
3174 3838 3328 3897 urbis

1800 3930 2081 4009 AEgyptiae
2100 3943 2312 3985 nomen
2334 3938 2458 3982 erat
2480 3924 2684 3984 incolis
2699 3966 2716 3996 ,
2738 3936 2802 3981 ut
2816 3964 2833 3994 ,
2854 3924 3144 4000 Hesychio
3169 3937 3328 3996 teste,

1800 4015 2218 4097 Metapontinis
2242 4013 2398 4094 apud
2420 4012 2596 4072 Italos
2613 4054 2630 4084 ,
2656 4011 2730 4069 ab
2753 4013 2880 4089 ipsa
2901 4031 2966 4069 re
2993 4003 3322 4090 μεταὸόλοις·

1800 4125 1933 4163 nam
1951 4148 1967 4177 ‚
2012 4123 2141 4182 quae
2183 4103 2299 4160 huc
2340 4099 2565 4179 egregie
2607 4098 2853 4170 faciunt,
2894 4099 3130 4158 πωλοῦσι
3159 4097 3330 4177 μόνοις

1801 4201 1906 4259 τοῖς
1932 4188 2180 4271 ἐμπόροις
2221 4189 2383 4270 ἀθρόα
2410 4185 2477 4246 τὰ
2518 4185 2734 4269 φορτία,
2772 4181 2920 4264 παρὰ
2945 4187 3050 4245 τῶν
3083 4190 3334 4266 τεχνιτῶν

1804 4280 2144 4360 ἀγοράζοντες
2168 4276 2306 4337 αὐτὰ
2352 4275 2474 4335 κατ’
2499 4276 2653 4353 ὀλίγα
2669 4318 2686 4347 ,
2736 4273 2826 4333 καὶ
2877 4273 3202 4341 κοτυλίζουσι
3226 4280 3332 4341 τοῖς

1803 4365 2075 4448 ἐγχωρίοις
2091 4387 2104 4401 ·
2137 4365 2242 4424 ubi
2263 4363 2548 4432 κοτυλίζειν
2570 4363 2791 4422 Polluci
2816 4381 3049 4440 quoque
3071 4375 3333 4422 notatum

1807 4478 1862 4526 7,
1892 4462 2023 4532 194,
2046 4451 2206 4512 idem
2232 4461 2317 4508 est
2333 4447 2524 4528 ,quod
2546 4448 2865 4507 scholiasta
2885 4451 3023 4508 κατὰ
3044 4446 3141 4522 τὴν
3167 4449 3326 4510 κοτύ-

1803 4544 1900 4612 λην
1922 4542 2134 4601 πωλεῖν.
2161 4541 2448 4598 Ηιιετ.-
2461 4539 2536 4612 39
2563 4535 2668 4593 ἀπὸ
2683 4542 2775 4594 τοῦ
2797 4535 3039 4608 καπήλου
3063 4537 3332 4619 ἀγοράζων

1805 4627 1894 4688 καὶ
1913 4628 2239 4688 παλιπωλῶν
2263 4630 2428 4704 Reg„
2457 4624 2562 4700 qui
2588 4632 2662 4691 4ο
2680 4621 2776 4693 τὴν
2792 4644 2907 4683 om.
2930 4662 2995 4675 -
3020 4635 3087 4694 41
3121 4626 3326 4704 λέγεται

1805 4714 1858 4774 δὲ
1899 4714 1990 4776 καὶ
2026 4713 2142 4793 (καὶ
2174 4709 2500 4788 delendum)
2526 4708 2842 4786 μεταδολεὺς
2868 4716 2940 4773 V.
2962 4709 3174 4791 συνεχὲς
3197 4710 3327 4770 Ald.

1805 4802 1908 4862 ἀπὸ
1928 4807 2022 4861 τοῦ
2043 4803 2275 4882 συνεχῶς
2297 4795 2663 4877 μεταὸάλλιιν.
2690 4801 3125 4878 καταχρηστικῶς
3143 4799 3200 4859 δὲ
3229 4803 3317 4859 ἀλ-

1803 4887 2079 4963 ληνάλλως
2102 4897 2234 4948 πᾶσι
2266 4893 2373 4952 τοῖς
2394 4882 2614 4962 ὀνόμασι
2633 4881 2885 4963 χρώμεθα
2919 4889 3059 4964 neg.
3083 4927 3144 4938 -
3170 4891 3243 4956 43
3273 4886 3329 4946 δὲ

1802 4975 1949 5061 παρὰ
1976 4978 2153 5036 πολῶν
2173 4975 2241 5036 V.
2272 4972 2328 5032 δὲ
2350 4967 2495 5052 παρὰ
2510 4970 2719 5029 πολλῶν
2746 4974 2816 5028 G.

1890 5086 1912 5124 ι
1930 5063 2060 5143 159‘,
2093 5063 2187 5124 53.
2219 5058 2575 5123 Mercurium
2590 5053 2866 5136 ἡγεμόνιον
2894 5060 3111 5120 oraculi
3139 5060 3323 5119 moni-

3029 5179 3123 5231 39.
