3859 5725
77 4627 80 4694 ί

1456 288 1844 352 scnoLIA
1892 292 1989 352 IN
2037 291 2391 355 VESPAs,
3416 310 3524 360 149

395 448 495 490 σου.
543 425 641 507 (ἔτι
663 426 709 487 δ’
731 431 765 499 ἡ
796 426 959 509 βουλὴ
983 430 1067 508 χῶ
1092 429 1256 507 δῆμος
1281 451 1295 489 :
1322 429 1392 491 ‘H
1426 429 1589 510 βουλὴ
1612 432 1703 492 καὶ
1728 437 1757 491 ὁ
1787 435 1883 506 δῆ-
1919 459 1928 526 1
2044 454 2143 496 612.
2188 433 2403 514 ἔντραγε
2430 456 2446 497 :
2474 433 2853 516 Ἐντρύφησον.
2895 447 3020 495 Vict.

315 536 439 594 μος,
461 514 584 574 ὅταν
613 514 860 596 ἀπορήσῃ
886 516 1223 596 πράγματος,
1244 522 1354 586 τοῖς
1375 521 1647 588 δικασταῖς
1675 523 1882 604 ἐπιτρέ-

314 625 426 665 πει.

395 605 534 768 (2⁰2).
561 689 799 757 Εὔαθλος
821 710 836 751 :
859 689 1094 759 Εὔαθλος
1117 689 1290 772 ῥήτωρ
1309 694 1653 776 συκοφάντης,
1673 686 1734 754 οὗ
1755 719 1883 773 μνη-

259 794 287 833 σ
314 777 522 858 μονεύει
539 778 630 838 καὶ
651 782 705 838 ἐν
727 778 1035 860 Ἀχαρνεῦσι
1052 779 1145 839 καὶ
1173 781 1227 839 ἐν
1253 779 1509 841 Ὁλκάσιν
1533 782 1696 852 οὕτως
1720 810 1744 835 α
1767 783 1880 844 ἔστι

313 894 337 920 ιι
365 890 443 934 τις
462 864 689 946 πονηρὸς
722 870 848 941 ἡμῖν
894 864 1106 939 τοξότης
1142 866 1451 947 συνήγορος,
1502 867 1681 951 ὥσπερ
1728 870 1879 930 Εὔα-

312 982 337 1007 α
357 957 493 1020 θλος.
518 981 544 1005 n
557 951 869 1030 μνημονεύει
890 952 945 1011 δὲ
965 954 1227 1013 αὐτοῦκαὶ
1250 955 1481 1015 Πλάτων
1501 956 1880 1038 ἐνΠεισάνδρῳ

309 1042 400 1101 καὶ
411 1043 670 1123 Κρατῖνος
684 1042 737 1100 ἐν
753 1040 1042 1122 Θρᾴτταις.
1055 1040 1429 1120 κολακώνυμον
1448 1043 1502 1102 δὲ
1517 1035 1632 1103 εἷπε
1646 1044 1736 1104 τὸν
1751 1047 1882 1107 Κλε·

309 1127 534 1206 ώνυμον.
560 1128 766 1210 εἴρηται
790 1127 845 1188 δὲ
868 1128 949 1189 ὅτι
975 1128 1138 1200 κόλαξ
1156 1121 1272 1210 [καὶ
1293 1128 1586 1212 ῥίψασπις]
1605 1133 1668 1192 τὸ
1686 1131 1742 1191 δὲ
1762 1131 1882 1212 οὐχὶ

233 1237 287 1277 ιο
311 1217 601 1299 προδώσειν
635 1221 804 1293 ἡμᾶς,
832 1218 949 1276 ἐπεὶ
975 1216 1187 1296 λέγουσι
1209 1216 1278 1275 τὰ
1305 1225 1524 1278 τοιαῦτα
1553 1223 1600 1278 οἱ
1641 1220 1879 1302 ῥήτορες,

309 1306 379 1371 ὣς
395 1303 527 1385 ὑπὲρ
545 1307 700 1379 ἡμῶν
720 1303 1044 1382 ἀγωνίζομαι
1064 1304 1154 1364 καὶ
1174 1305 1294 1385 οὐχ).
1311 1305 1569 1387 προδώσω
1590 1307 1687 1380 τὴν
1705 1307 1878 1368 πόλιν.

387 1412 487 1452 σοι.
533 1393 657 1471 (κάν
680 1394 759 1472 τῷ
785 1390 939 1472 δήμῳ
966 1390 1182 1470 γνώμην
1218 1391 1387 1454 εὍτι
1409 1399 1438 1453 ὁ
1476 1397 1793 1477 δημηγορῶν
1826 1397 1880 1453 ἐν

307 1482 385 1562 τῷ
412 1480 596 1561 δήμῳ,
620 1479 797 1561 φησὶν,
826 1482 921 1538 οὐκ
949 1479 1122 1559 ἰσχύει
1138 1484 1231 1554 τῆς
1254 1480 1399 1552 νίκης
1420 1479 1731 1563 τὴνψῆφον,
1757 1481 1881 1541 ἄνευ

309 1573 404 1642 τῆς
429 1568 647 1650 κρίσεως
667 1571 772 1626 τῶν
810 1568 1097 1640 δικαστῶν,
1129 1572 1176 1627 εἶ
1210 1566 1285 1646 μὴ
1322 1568 1577 1651 πρότερον
1604 1569 1731 1652 πρὸς
1755 1569 1882 1649 μίαν

235 1681 286 1721 15
312 1658 462 1729 δίκην
485 1655 792 1722 δικάσαντες
819 1657 867 1715 οἱ
896 1655 1142 1716 δικασταὶ
1165 1664 1379 1736 παρεῖεν
1406 1657 1499 1716 καὶ
1532 1656 1877 1740 ἐπιτρέψειεν.

388 1744 489 1804 κᾶν
514 1742 588 1821 μὴ
617 1743 740 1823 εἴπῃ
772 1743 840 1802 τὰ
863 1742 1174 1825 δικαστήρια
1203 1763 1220 1804 :
1245 1735 1373 1806 Οἷον
1398 1744 1588 1823 μηκέτι
1616 1744 1755 1825 ἔχειν
1786 1744 1883 1818 τὴν

312 1831 551 1903 ἐξουσίαν
569 1830 749 1890 ἄδικον
766 1835 1014 1904 ποιῆσαι,
1039 1832 1156 1890 ἀλλ’
1185 1830 1330 1901 ἅπαξ
1349 1836 1588 1913 κριθῆναι
1615 1831 1747 1913 ὑπὲρ
1765 1829 1884 1892 τού-

310 1944 436 1993 των,
487 1918 580 1979 καὶ
619 1917 695 1996 μὴ
730 1917 971 1996 γενέσθαι
1011 1916 1369 2000 ὖπερὸόλιμόν
1410 1943 1513 1979 τινι
1561 1920 1884 1991 ποιήσασθαι

312 2010 398 2068 ἐπὶ
425 2012 531 2067 τῶν
555 2009 779 2086 γνωμῶν
808 2006 900 2065 καὶ
926 2010 1031 2066 τῶν
1069 2006 1451 2088 ψηφισμάτων,
1483 2008 1622 2067 ἀλλὰ
1652 2007 1714 2067 τὸ
1741 2005 1882 2077 ἅπαξ

231 2124 286 2165 20
310 2095 483 2174 κριθὲν
509 2095 687 2176 κύριον
715 2085 890 2172 εἶναι.)

391 2205 510 2245 σοα-
532 2183 706 2261 (αὔτός
731 2203 745 2244 :
776 2184 915 2245 Κατ’
944 2180 1129 2263 ἐξοχὴν
1145 2182 1207 2242 τὸ
1226 2182 1394 2251 αὐτός.
1416 2183 1805 2267 κεκραξιδάμας
1828 2182 1883 2243 δὲ

311 2278 343 2333 ε
361 2278 428 2346 τῆ
461 2276 558 2353 βοῇ
588 2271 879 2350 δαμάζων.)

391 2338 492 2422 εον.
557 2359 856 2441 (Εὐφημίου
909 2378 924 2420 :
978 2356 1111 2420 Ὅτι
1149 2358 1423 2473 Εὐφήμιος
1480 2363 1585 2420 τῶν
1621 2359 1755 2439 ἄγαν
1798 2360 1885 2419 ἐπὶ

312 2448 563 2530 κολακεία
585 2445 1017 2525 διαὸαλλομένων
1040 2445 1200 2519 ἐστὶν,
1222 2472 1266 2528 ῳ
1288 2446 1581 2528 παρείκασε
1607 2447 1697 2506 τὸν
1725 2447 1885 2509 Θέω-

233 2559 286 2600 25
314 2560 402 2620 ρον
427 2538 514 2595 διὰ
541 2535 822 2596 κολακείαν
863 2534 931 2593 τὰ
967 2533 1287 2612 ὑποδήματα
1322 2539 1425 2594 τῶν
1461 2537 1721 2594 δικαστῶν
1745 2538 1884 2595 ἀπο-

312 2628 494 2707 ψῶντα
535 2621 627 2683 καὶ
663 2621 959 2702 ἀλείφονται.
991 2625 1250 2697 μετῆκται
1281 2622 1338 2681 δὲ
1375 2622 1480 2681 ἀπὸ
1504 2626 1610 2682 τῶν
1637 2621 1880 2701 ἀγγείων.

312 2711 504 2794 κυρίως
526 2711 628 2793 γὰρ
644 2709 1003 2791 περικωνῆσαί
1026 2711 1137 2769 ἐστι
1163 2709 1224 2769 τὸ
1248 2713 1515 2770 πισσῶσαι
1539 2708 1609 2769 τὰ
1633 2710 1881 2791 κεράμια.

392 2823 492 2864 eoo.
535 2808 850 2883 περικωνεῖε
879 2798 1076 2881 Κύκλῳ
1104 2802 1322 2882 περιψᾷ.
1359 2810 1487 2858 Vict.

392 2912 491 2953 603.
536 2891 778 2969 ἔμπλησο
809 2906 824 2949 2
859 2886 1170 2970 Κορέσθητι.
1209 2899 1339 2947 Vict.

237 3008 291 3048 ao
395 2999 494 3040 σοι.
537 2976 778 3060 πρωκτὸς
803 2978 1021 3056 λουτροῦ
1050 2997 1065 3035 2
1089 2974 1180 3034 ἐπὶ
1201 2980 1306 3034 τῶν
1340 2978 1661 3056 βιαζομένων
1687 2979 1761 3043 εἰς
1785 2998 1886 3034 κα-

316 3068 407 3126 κὸν
432 3069 626 3133 αὐτοῖς.
668 3064 760 3124 καὶ
798 3062 1059 3144 παροιμία
1092 3064 1179 3122 ἐπὶ
1211 3066 1315 3122 τῶν
1353 3064 1428 3140 μὴ
1471 3064 1772 3141 δυναμένων
1807 3062 1883 3120 νί-

315 3158 514 3235 ψασθαι
535 3158 630 3224 τῆς
670 3152 871 3218 κοιλίας
896 3150 1184 3233 φερομένης
1213 3152 1457 3229 συνεχῶς.
1481 3161 1537 3208 R.
1579 3153 1886 3231 (παροιμια-

316 3242 408 3301 κὸν
430 3247 584 3301 τοῦτο
610 3240 699 3299 ἐπὶ
737 3243 843 3298 τῶν
880 3238 967 3297 ἐπὶ
1008 3242 1160 3318 κακῷ
1185 3240 1263 3318 τῷ
1299 3240 1497 3296 ἑαυτῶν
1540 3236 1819 3298 νικώντων.
1849 3236 1885 3308 ἢ

318 3330 407 3390 ἐπὶ
439 3333 546 3388 τῶν
566 3328 649 3388 ἀεὶ
671 3327 1039 3406 μολυνομένων
1063 3326 1156 3385 καὶ
1184 3325 1504 3407 βιαζομένων
1524 3325 1883 3408 καθαίρεσθαι.

238 3434 292 3474 35
318 3423 350 3477 ὁ
366 3417 469 3498 γὰρ
493 3417 730 3499 πρωκτὸς
756 3413 1072 3492 πλυνόμενος
1091 3413 1414 3494 περιγίνεται
1437 3417 1530 3484 τ’ἧς
1550 3412 1852 3493 καθάρσεως
1866 3458 1883 3490 ‚

319 3505 414 3565 καὶ
442 3504 519 3565 ἔτι
543 3504 824 3583 μολύνεται
846 3502 937 3562 καὶ
963 3504 1167 3581 μᾶλλον
1189 3505 1242 3561 ἐν
1269 3506 1337 3582 τῇ
1363 3499 1507 3584 ῥύσει
1529 3506 1624 3574 τῆς
1645 3500 1884 3581 γαστρός.

318 3593 524 3676 εἴρηται
561 3590 615 3651 δὲ
645 3590 753 3650 ἀπὸ
791 3594 896 3649 τῶν
928 3589 1025 3660 τὴν
1062 3587 1294 3670 γαστέρα
1336 3585 1624 3670 φερομένην
1660 3587 1886 3667 ἐχόντων

319 3682 413 3741 καὶ
428 3684 480 3739 ἐν
505 3683 585 3761 τῷ
607 3677 960 3738 ἀπολούεσθαι
976 3675 1278 3755 νικωμένων
1297 3680 1364 3755 τῇ
1391 3684 1546 3757 φορᾷ.
1667 3672 1885 3742 Ἄλλως.

321 3766 609 3851 Εὐφρόνιος
640 3765 754 3846 μὲν,
789 3769 861 3832 ὡς
893 3770 988 3838 τῆς
1016 3763 1212 3831 εἰκόνος
1247 3765 1407 3822 αὐτοῦ
1444 3762 1672 3840 ματαίας
1698 3761 1886 3840 οὔσης,

238 3880 294 3920 ιο
319 3855 401 3916 ὅτι
430 3855 671 3935 ματαίων
700 3856 990 3932 ἐπιθυμεῖς.
1018 3850 1232 3932 καὶγὰρ
1252 3850 1313 3909 τὸ
1337 3849 1493 3931 μέρος
1515 3852 1681 3910 ἐκεῖνο
1702 3850 1887 3910 πλυνό-

321 3968 479 4022 μενον
506 3943 584 4003 ἔτι
611 3941 911 4021 μολύνεται.
939 3939 1339 4020 Καλλίστρατος
1357 3938 1414 3997 δέ
1432 3961 1579 4019 φησι·
1597 3937 1885 4019 παροιμία,

318 4031 562 4115 πρωκτὸς
597 4034 815 4110 λουτροῦ
857 4027 1099 4110 περιγίνῃ
1116 4072 1132 4101 ,
1180 4026 1269 4087 ἐπὶ
1311 4030 1414 4085 τῶν
1456 4025 1777 4106 βιαζομένων
1817 4029 1890 4093 εἰς

321 4118 487 4179 κακὸν
511 4116 740 4184 ἑαυτούς.
763 4120 832 4184 ὥς
856 4115 905 4175 εἴ
929 4140 1005 4183 τις
1037 4114 1266 4195 βιάζοιτο
1290 4112 1365 4191 μὴ
1400 4112 1831 4192 ἀποπλύνεσθαι.)

402 4227 500 4268 ooo.
546 4206 691 4284 (ὅταν
716 4203 883 4264 οἴκαδ’
908 4204 974 4263 ἴω
1002 4224 1017 4264 :
1047 4201 1179 4264 Ὅτι
1212 4201 1420 4261 παλαιὰ
1456 4206 1490 4274 ἡ
1521 4200 1608 4261 διὰ
1630 4205 1888 4280 γυναικῶν

240 4316 295 4355 45
321 4294 579 4375 τημελία,
602 4292 695 4353 καὶ
718 4291 880 4359 οὕτως
899 4289 1186 4368 ἐτημέλουν
1208 4289 1327 4356 τοὺς
1348 4289 1580 4370 πατέρας
1597 4289 1690 4349 καὶ
1712 4290 1889 4370 γέρον-

325 4406 448 4456 τας,
474 4382 611 4442 ὥστε
638 4379 773 4459 μετὰ
799 4379 859 4439 τὸ
885 4379 1030 4461 νίψαι
1059 4377 1292 4460 ἀλείφειν
1316 4375 1435 4444 τοὺς
1465 4375 1648 4443 πόδας.
1678 4376 1888 4458 Εὐφρό-

323 4493 430 4539 νιος
461 4470 515 4529 δὲ
552 4468 645 4529 καὶ
679 4466 800 4536 τοὺς
824 4469 950 4548 παρ’
995 4465 1225 4547 Ὁμήρῳ
1259 4463 1512 4544 λιπαροὺς
1535 4464 1697 4532 πόδας
1726 4462 1889 4533 οὕτως

322 4557 628 4617 ἀποδιδόναι
650 4555 792 4622 τινάς
818 4556 983 4637 φησι.)

405 4643 659 4716 εἶσήκονθ’
691 4665 706 4705 2
737 4641 1054 4722 Προσιόντα.
1095 4651 1223 4701 Vict-

239 4751 298 4793 οο
405 4752 504 4793 eoo.
549 4732 942 4812 (ἐκκαλαμᾶται
963 4750 979 4791 2
1002 4730 1270 4810 Ἀποσπᾷ,
1290 4726 1397 4787 ἀπὸ
1409 4730 1514 4787 τῶν
1537 4724 1623 4786 διὰ
1643 4725 1887 4806 καλάμου

319 4820 444 4888 τοὺς
466 4817 648 4900 ἰχθύας
673 4817 1034 4900 ἀγρευόντων.)

404 4906 745 4975 παππάζουσ’
769 4926 786 4967 z
815 4904 1077 4966 Παππίαν
1104 4905 1362 4964 καλοῦσα.
1398 4913 1525 4962 Ῡίοι.

403 5015 502 5055 610.
549 4991 772 5077 (φυστὴν
813 4998 983 5072 μᾶζαν
1026 5013 1041 5053 :
1084 4989 1278 5063 Φυστὴ
1321 4995 1463 5068 μᾶζα
1498 4994 1533 5061 ἡ
1577 4988 1630 5057 ἐξ
1657 4988 1886 5071 ἀλφίτων

323 5082 420 5147 καὶ
442 5084 597 5144 οίνου.
628 5080 874 5151 ὀξυτόνως
898 5081 954 5141 δὲ
968 5126 985 5157 ,
1014 5079 1085 5149 ὥς
1111 5102 1266 5162 φησιν
1291 5076 1645 5161 Ἧρωδιανός.)

2044 543 2139 581 613.
2183 521 2479 602 παραθήσει
2498 558 2577 567 -
2596 523 3026 604 καταρασάμενος
3049 545 3061 584 2
3086 528 3138 587 Τ
3139 524 3167 584 ὸ
3180 526 3403 606 ἐπαχθὲς
3420 531 3523 586 τῶν

1966 610 2178 669 οἰκετῶν
2200 609 2463 687 σημαίνει.
2491 609 2802 691 τονθορύσας
2828 631 2843 671 1
2870 612 3158 691 Γογγύσας.
3183 612 3295 672 ἔστι
3318 613 3374 674 δὲ
3396 612 3525 674 ποιὰ

1966 697 2133 777 φωνή.
2174 709 2303 757 Vict.
2334 698 2738 778 ἀριστοποιήσῃ.
2767 711 2831 758 V.
3530 708 3541 715 '

2036 804 2140 845 815.
2184 782 2311 842 τάδε
2338 782 2603 861 κέκτημαι
2636 805 2651 844 t
2684 784 2771 846 Τὰ
2801 788 2862 845 ἐκ
2891 791 2985 846 τοῦ
3016 786 3351 870 δικαστηρίου
3382 788 3521 870 χρή·
3550 806 3576 846 s

1965 894 2134 1030 Q
2153 870 2344 942 σκευὴν
2364 870 2420 930 δὲ
2435 871 2551 930 ἀντὶ
2566 877 2659 931 τοῦ
2674 873 2989 933 πανοπλίαν.
3008 874 3201 954 βελέων
3221 874 3276 935 δὲ
3290 876 3524 957 ἀλεωρὴν

2135 981 2181 1017 ν.

2043 1066 2137 1105 616.
2180 1046 2269 1104 τὸν
2306 1045 2421 1104 ὄνον
2455 1066 2470 1106 :
2506 1036 2679 1123 (Εἶδος
2713 1048 2940 1126 ἀγγείου.
2969 1048 3095 1117 ἴσως
3121 1048 3176 1108 δὲ
3206 1049 3292 1109 διὰ
3314 1050 3375 1110 τὸ
3414 1053 3530 1111 διά-

1963 1135 2187 1210 πλασμα
2215 1133 2355 1212 ἔχειν
2381 1131 2499 1192 ὄνου
2538 1134 2792 1216 μορφήν.)
2823 1170 2904 1181 -
2938 1136 3072 1206 τινὲς
3101 1137 3192 1197 τὸν
3227 1129 3380 1212 οἶνον,
3410 1140 3528 1199 ἀντὶ

1964 1226 2059 1280 τοῦ
2087 1220 2289 1302 οἰνηρὸν
2314 1223 2541 1299 ἀγγεῖον.
2566 1232 2627 1280 R.
3560 1241 3608 1281 ιο

2045 1327 2146 1369 617.
2190 1299 2342 1374 οὗτος
2369 1306 2426 1366 δέ
2458 1328 2473 1368 :
2506 1306 2599 1385 (Ὃ
2618 1307 2745 1376 ὄνος.
2775 1308 2954 1378 ἔπαιξε
2977 1309 3034 1370 δὲ
3055 1314 3124 1379 ὣς
3146 1312 3276 1393 πρὸς
3298 1314 3359 1374 τὸ
3378 1316 3525 1396 ζῷον.

1969 1398 2282 1475 βρωμᾶσθαι
2310 1394 2366 1454 δέ
2394 1396 2507 1453 ἐστι
2526 1394 2588 1454 τὸ
2610 1399 2868 1456 πεινῶντα
2892 1396 2979 1456 τὸν
3007 1397 3122 1458 ὄνον
3147 1402 3420 1479 ὀγκᾶσθαι.
3451 1402 3531 1461 δῖ-

1964 1507 2049 1551 νος
2073 1481 2130 1541 δέ
2153 1484 2293 1541 ἐστιν
2321 1482 2530 1561 ἀγγεῖόν
2551 1507 2604 1542 τι
2631 1483 2908 1564 κεράμειον
2937 1484 3075 1546 οἴνου
3113 1478 3219 1547 οἷον
3245 1487 3528 1570 πρόχυμα,

1969 1570 2125 1651 βάσιν
2147 1573 2238 1629 οὐκ
2266 1569 2411 1650 ἔχον,
2432 1569 2571 1629 ἀλλὰ
2598 1572 2831 1631 κάτωθεν
2855 1570 3182 1654 ὑπότροχον.)
3212 1575 3453 1657 στράτιον
3474 1578 3528 1636 δὲ

1964 1657 2026 1717 τὸ
2049 1660 2122 1726 εἷς
2148 1656 2375 1725 πολλοὺς
2402 1657 2535 1738 [τῶν
2564 1657 3021 1741 στρατευομένων]
3051 1663 3249 1733 διῆκον.
3279 1665 3528 1745 (ἐχρῶντο
3557 1683 3606 1723 16

1965 1744 2067 1828 γὰρ
2089 1744 2181 1804 καὶ
2205 1743 2419 1827 κήρυξιν
2443 1748 2497 1805 ἐν
2520 1754 2631 1813 τοῖς
2650 1745 3085 1828 στρατεύμασιν.)

2045 1831 2265 1900 κλίναςε
2299 1832 2632 1900 Ἀνακλιθείς.
2678 1845 2813 1893 vict.

2045 1939 2144 1981 021.
2193 1919 2346 2001 (ὅπερ
2373 1924 2403 1979 ὁ
2429 1919 2561 1987 Ζεύς
2585 1940 2601 1980 :
2625 1919 2687 1980 *A
2711 1924 2787 2002 τῷ
2809 1921 2895 1983 Διὶ
2923 1921 3137 1983 εἰώθασι
3164 1922 3369 2004 λέγειν.)

2045 2026 2142 2067 626.
2189 2007 2306 2086 (κᾶν
2334 2008 2590 2088 ἀστράψω
2615 2028 2630 2068 :
2661 2007 2845 2070 Φόὸον
2871 2011 2989 2069 κατ’
3012 2010 3181 2092 ἀρχὴν
3206 2011 3370 2081 δείξω.
3387 2036 3527 2073 ποπ-

1965 2093 2212 2164 πύζουσιν
2235 2117 2250 2155 z
2279 2092 2440 2163 Ἔθος
2473 2095 2574 2176 γὰρ
2595 2097 2711 2163 ταῖς
2732 2100 3028 2179 ἀστραπαῖς
3047 2100 3356 2170 ποππύζειν.
3379 2102 3529 2185 παρὰ
3555 2125 3607 2165 20

1967 2178 2021 2239 δὲ
2064 2178 2134 2240 τὰ
2162 2180 2379 2241 εἷωθότα
2421 2180 2665 2260 λέγεσθαι
2693 2184 2796 2243 ὑπὸ
2835 2189 2940 2245 τῶν
2978 2187 3263 2264 ἀνθρώπων
3305 2188 3395 2247 ἐπὶ
3437 2197 3528 2250 τοῦ

1967 2268 2382 2350 ὑπερῦάλλοντος
2408 2269 2570 2352 φόὸου
2601 2269 2773 2351 λέγει,
2802 2271 2887 2333 ὅτε
2913 2274 3124 2354 βρονταὶ
3138 2274 3229 2336 καὶ
3258 2278 3526 2358 ἀστραπαὶ

1966 2355 2226 2435 γίνονται,
2253 2357 2503 2437 παίζων.)

2045 2463 2143 2505 631.
2185 2444 2301 2504 ἀντὶ
2326 2450 2418 2504 τοῦ
2441 2446 2637 2514 καλῶς.
2665 2457 2728 2505 V.

2046 2552 2148 2594 634.
2194 2534 2312 2591 ἀλλ’
2343 2532 2543 2614 ἐρήμας
2569 2555 2583 2595 :
2617 2532 2918 2616 Παροιμία,
2946 2532 3070 2614 (οὔκ
3096 2535 3300 2616 ἐρήμας
3325 2538 3522 2619 τρυγή-
3554 2565 3606 2604 2³

1968 2624 2120 2700 σεις,)
2145 2619 2233 2681 ἐπὶ
2254 2625 2358 2680 τῶν
2388 2624 2552 2691 ἀδεῶς
2573 2647 2626 2682 τι
2647 2622 3002 2704 πραττόντων,
3026 2627 3096 2690 ὡς
3120 2624 3340 2702 μηδενὸς
3357 2628 3531 2694 αὐτοῖς

1969 2707 2431 2791 ἀντιπράττοντος,
2463 2711 2665 2792 ἐρήμας
2692 2710 2990 2789 τρυγήσειν.
3033 2708 3163 2787 (ἔστι
3193 2708 3248 2769 δὲ
3278 2711 3385 2771 ἀπὸ
3420 2718 3526 2772 τῶν

1967 2793 2060 2863 τὰς
2089 2794 2356 2874 ἀμπέλους
2384 2798 2677 2879 τηρούντων
2704 2797 3096 2880 ἀφροντίστως.)

2046 2903 2146 2945 635.
2194 2886 2403 2963 (καλῶς
2439 2884 2540 2967 γὰρ
2581 2886 2726 2968 ᾔδειν
2759 2907 2774 2945 t
2821 2885 2915 2946 Ἐν
2946 2883 3198 2964 εἰρωνεία.
3233 2886 3529 2948 τούναντίον

1967 2970 2070 3052 γὰρ
2092 2973 2418 3053 παραδηλοῖ,
2440 2979 2744 3052 πειθόμενος
2764 2972 2929 3039 οὕτως
2950 2970 3289 3031 πιθανώτατα
3310 2971 3528 3052 ἔμελλον
3557 3000 3609 3039 ου

1969 3063 1993 3118 ἐ
2029 3068 2122 3121 εῖν.

1998 3082 2025 3141 ρ
2047 3146 2214 3227 ταύτῃ
2243 3147 2517 3229 κράτιστος
2550 3168 2565 3208 :
2607 3151 2705 3228 Τῷ
2737 3149 2881 3228 αὐτῷ
2903 3146 3083 3230 τρόπῳ
3110 3148 3165 3205 ἐν
3195 3149 3271 3227 τῷ
3295 3148 3532 3228 δημηγο-

1968 3238 2157 3316 γορεῒν.
2180 3234 2299 3307 ήτοι
2321 3233 2487 3312 ταύτῃ
2513 3240 2579 3315 τῇ
2602 3235 2816 3315 γνώμῃ,
2844 3233 2926 3294 ὅτι
2953 3240 3042 3296 τοῦ
3068 3232 3292 3303 δικάζειν
3325 3234 3530 3314 βέλτιόν

1970 3324 2082 3381 ἐστι
2103 3322 2163 3381 τὸ
2190 3321 2333 3382 ἔνδον
2353 3321 2675 3392 καθέζεσθαι.
2699 3321 2735 3394 ἢ
2754 3321 2859 3381 ἀπὸ
2880 3331 3177 3403 μεταφορᾶς
3198 3324 3301 3379 τῶν
3319 3327 3529 3385 πυκτῶν

1969 3413 2074 3469 τῶν
2103 3409 2243 3469 κατὰ
2267 3408 2363 3482 τὴν
2392 3408 2571 3491 ἑτέραν
2594 3413 2748 3491 χεῖρα
2773 3410 2870 3482 τὴν
2898 3409 3117 3486 δύναμιν
3142 3406 3422 3490 ἐχόντων.)
3548 3437 3604 3478 85

2048 3517 2145 3557 636.
2189 3500 2290 3576 (ὥς
2322 3496 2377 3557 δὲ
2410 3497 2565 3556 πάντ’
2601 3497 2917 3570 ἐπελήλυθεν
2954 3519 2968 3558 :
3001 3496 3279 3575 Θαυμάζει
3314 3501 3343 3555 ὃ
3378 3502 3527 3583 χορὸς

1968 3590 2059 3644 τοῦ
2085 3585 2450 3654 Φιλοκλέωνος
2471 3585 2567 3658 τὴν
2591 3585 2972 3663 κατάστασιν.)

2049 3694 2146 3734 639.
2194 3673 2449 3751 (δικάζειν
2484 3693 2499 3734 z
2535 3671 2663 3735 Δέον
2689 3675 2852 3731 εἰπεῖν
2875 3672 3055 3746 οἰκεῖν,
3079 3672 3304 3744 δικάζειν
3325 3672 3380 3733 δὲ
3402 3673 3533 3755 ἔφα-

1971 3785 2068 3822 σαν
2094 3765 2163 3829 ὡς
2189 3760 2505 3843 φιλόδικοι.)

2051 3848 2274 3919 δικάζειν
2297 3869 2312 3911 :
2338 3849 2477 3910 Ἀντὶ
2501 3854 2590 3908 τοῦ
2619 3850 2801 3921 εἰπεῖν,
2831 3850 3009 3907 οἰκεῖν.
3046 3859 3173 3908 Vict-
3556 3877 3618 3919 ω

2048 3957 2148 3997 642.
2182 3938 2513 4017 σκορδινᾶται
2539 3956 2554 3996 2
2586 3937 2971 4016 Σκορδινᾶσθαι
2996 3933 3139 3994 ἐστὶν
3165 3934 3195 3994 δ
3222 3941 3456 3996 ποιοῦσιν
3484 3940 3533 3996 οἱ

1971 4024 2025 4094 ἐξ
2053 4024 2214 4084 ὕπνου
2248 4023 2611 4101 ἀνιστάμενοι,
2642 4022 2761 4101 (καὶ
2784 4020 2917 4100 μετὰ
2941 4023 3157 4101 χάσμης
3181 4021 3250 4082 τὰ
3274 4022 3410 4101 μέλη
3439 4026 3531 4083 ἐκ·

1968 4112 2232 4179 τείνοντες.
2257 4113 2413 4193 φησὶν
2436 4102 2523 4171 οὖν
2550 4109 2632 4170 ὅτι
2658 4118 2935 4190 χασμᾶται
2967 4109 3060 4169 καὶ
3088 4111 3397 4171 διατείνεται
3431 4111 3534 4171 ὑπὸ

1970 4205 2064 4273 τῆς
2093 4199 2363 4279 ἀθυμίας.)
2389 4231 2461 4241 -
2483 4202 2576 4258 οὒκ
2598 4198 2710 4279 ἔχει
2731 4197 2931 4258 ἑαυτόν.
2959 4208 3023 4255 V.

2050 4308 2146 4350 643.
2181 4286 2346 4359 σκύτη
2392 4288 2602 4367 βλέπειν
2644 4306 2659 4348 :
2697 4283 2776 4348 Ὀ
2805 4287 2918 4344 ἐστι
2945 4284 3156 4363 πληγάς
3183 4309 3262 4345 σοι
3291 4286 3528 4365 ἐμὸαλῶ.
3558 4312 3608 4354 45

1970 4412 2043 4422 -
2063 4375 2154 4434 καὶ
2180 4380 2331 4434 τοῦτο
2361 4398 2490 4457 φασι
2515 4396 2738 4455 παροιμ.
2768 4373 2855 4433 ἐπὶ
2887 4376 2991 4432 τῶν
3021 4372 3328 4452 ἐγγιζόντων
3350 4380 3526 4445 κακῶς

1970 4486 2088 4524 τινι.
2134 4474 2191 4521 R.
2233 4461 2518 4543 (παροιμία
2561 4459 2616 4520 δὲ
2661 4460 2870 4539 ἐλέγετο
2913 4459 3001 4519 ἐπὶ
3044 4463 3148 4519 τῶν
3203 4460 3529 4521 δειλιώντων.

1971 4549 2187 4617 Ἄλλως.
2230 4549 2492 4628 μέμνηται
2527 4553 2620 4621 τ’ῆς
2654 4546 2942 4630 παροιμίας
2980 4546 3211 4615 Εὔπολις
3246 4549 3300 4606 ἐν
3336 4551 3535 4632 Χρυσῷ

1971 4637 2127 4718 γένει.
2150 4636 2278 4720 φησὶ
2299 4636 2401 4718 γὰρ

2149 4779 2354 4840 ἀτεχνῶς
2374 4774 2456 4838 μὲν
2480 4772 2560 4824 οὗν
2578 4775 2632 4823 τὸ
2655 4773 2917 4837 λεγόμενον,
2936 4773 3086 4832 σκύτη
3107 4774 3282 4837 βλέπει.
3557 4794 3611 4837 50

1973 4900 2181 4982 εἴρηται
2211 4898 2266 4958 δὲ
2294 4897 2382 4957 ἐπὶ
2407 4900 2510 4957 τῶν
2538 4899 2927 4978 ὑποψιαστυιῶς
2955 4895 3296 4974 διακειμένων
3317 4895 3446 4980 πρὸς
3466 4895 3534 4955 τὰ

1976 4987 2231 5065 μέλλοντα
2262 4985 2421 5045 κακά.
2452 4984 2688 5044 πεπάναι
2723 4983 2777 5044 δὲ
2818 4982 3079 5062 μαλάξαι,
3107 4983 3494 5065 ὑποχαλάσαι.)

2053 5093 2152 5135 647.
2198 5072 2272 5152 μὴ
2322 5072 2453 5153 πρὸς
2500 5074 2628 5149 ἐμοῦ
2664 5070 2868 5151 λέγοντι
2916 5093 2930 5132 :
2978 5071 3116 5131 Ἀντὶ
3148 5078 3240 5131 τοῦ
3283 5071 3357 5150 μὴ
3401 5068 3531 5152 ὑπὲρ
