3859 5725
1522 273 2283 339 ECCLESIAZUSARUM.

334 403 485 479 οὗτος
512 408 607 470 καί
625 430 762 476 τινες
785 406 936 468 ἄλλοι
966 404 1226 489 βᾶρόαροι
1257 403 1401 474 ὄντες
1437 404 1532 464 καὶ
1563 402 1692 486 πρὸς
1711 403 1871 477 Ἀθή-

3375 291 3491 345 539

1961 404 2245 465 σάσθωσαν
2266 412 2437 466 ταῦτα
2480 415 2670 482 ποιεῖν,
2690 405 2726 479 ἢ
2743 454 2761 483 ,
2798 410 2845 468 εἰ
2869 409 2945 487 μὴ
2986 407 3282 489 βούλοιντο,
3319 414 3495 473 ἀπελ-

335 523 431 568 νας
481 496 720 564 ἐλθόντες
753 493 1339 577 ἔπολιτογραφήθησαν,
1385 494 1478 553 καὶ
1530 494 1734 553 ἐκίνουν
1778 491 1872 561 τὰς
1960 491 2136 562 θόντες
2178 496 2251 563 εἰς
2294 494 2363 556 τὰ
2396 496 2596 578 πάτρια
2612 542 2630 572 ,
2667 495 2864 571 ταύτην
2904 496 3000 571 τὴν
3039 497 3258 580 γνώμην
3294 500 3495 582 ἐχέτω-

334 587 517 658 πόλεις
541 589 615 656 εἰς
634 587 817 667 μάχας
843 584 934 645 καὶ
957 581 1239 665 πολέμους.
1271 581 1417 664 λέγει
1443 573 1532 643 οὖν
1560 585 1631 650 ὡς
1654 580 1691 655 ἢ
1723 580 1870 641 παύ-
1963 603 2078 641 σαν.

1773 728 2031 751 *0*—

1448 839 2380 933 ECCLESIAZUSAE.

417 1027 839 1081 Anomzaewn
888 1024 934 1078 Ι.
996 1019 1030 1078 5
1069 1015 1366 1099 περιθὲτους
1413 1019 1622 1076 ποιοῦσι
1676 1014 1768 1075 καὶ
1791 1049 1873 1063 —-

2044 1016 2141 1091 36,
2170 1036 2244 1090 27
2265 1015 2327 1076 τὸ
2343 1015 2543 1095 κνίσμα
2567 1014 2622 1076 δὲ
2642 1018 2796 1092 Ald„
2821 1022 2997 1098 κνῧμα
3012 1018 3070 1079 δὲ
3092 1021 3180 1095 Γ.,
3206 1042 3299 1080 σου
3323 1021 3501 1080 omit-

338 1109 799 1170 ἀναλααὸάνονται
823 1108 956 1167 Ald.
986 1140 1066 1152 -—
1084 1107 1120 1164 6
1143 1126 1371 1186 προασκ.
1400 1104 1493 1164 καὶ
1527 1102 1807 1188 προνοήσ.,
1837 1125 1869 1177 7
1964 1114 2168 1163 tentes.
2196 1138 2275 1149 —
2301 1106 2378 1164 28
2401 1103 2658 1184 κνησμιόν
2684 1106 2748 1166 Γ.
2775 1106 3016 1186 χνασμόν
3043 1109 3172 1169 Ald.

337 1199 436 1278 μία
461 1197 524 1271 δὴ
554 1204 627 1258 R.

2046 1195 2142 1269 38,
2176 1196 2250 1253 3ο
2268 1194 2360 1253 καὶ
2379 1197 2702 1277 κατωφερῶν
2729 1196 2936 1256 suidas
2956 1216 3010 1256 s.
3035 1196 3377 1277 Σαλαμίνιος.
3396 1199 3500 1258 Li-

418 1297 571 1349 Auo.
603 1290 681 1347 11.
699 1306 815 1345 om.
841 1291 1004 1345 R.—
1026 1305 1095 1358 ¹7
1112 1283 1173 1344 τὸ
1200 1282 1370 1344 κοινὸν
1398 1282 1527 1344 Ald.
1548 1282 1872 1342 Articulum
1965 1279 2057 1341 bri
2075 1281 2111 1354 ἢ
2137 1286 2467 1368 καταφερῶν.

336 1397 458 1437 om.
491 1378 554 1437 Γ.
583 1407 666 1422 ·-
703 1377 772 1433 ι8
818 1377 1051 1455 χρῆσθαι
1099 1374 1164 1433 Γ.
1205 1373 1376 1449 Ald„
1416 1393 1546 1451 quae
1578 1373 1876 1451 sequentia

339 1467 586 1539 omittit,
610 1463 811 1525 addita
830 1484 904 1523 ex
936 1464 1000 1523 Γ.

997 1586 1221 1605 *

940 1673 1293 1736 SCHOLIA.

428 1822 479 1873 1,
512 1819 588 1859 20
614 1796 967 1882 προσέρχεται
992 1803 1065 1857 Β.
1100 1832 1179 1844 —-
1209 1796 1402 1856 22-25
1440 1794 1528 1855 διὰ
1569 1792 1663 1864 τὰς
1688 1825 1762 1841 --
1784 1795 1875 1854 ἐκ·

339 1887 584 1961 κλησίαν.
614 1895 898 1965 Apertum
927 1899 1016 1946 est
1043 1886 1166 1945 haec
1186 1885 1257 1944 ad
1284 1905 1344 1944 v.
1377 1885 1449 1943 23
1471 1904 1594 1943 esse
1612 1882 1878 1943 referen-

341 1976 450 2052 da,
501 1974 605 2034 ubi
657 1996 773 2033 non
837 1974 1020 2052 liquet
1059 1974 1272 2057 ἑταίρας
1317 1993 1391 2032 an
1440 1970 1622 2054 ἑτέρας
1676 1972 1880 2050 legerit

344 2066 671 2126 scholiasta.
709 2068 892 2123 Dum.
926 2060 1135 2143 ἑταίρας
1162 2060 1576 2142 καθαγιζομένοις
1603 2062 1667 2121 Γ.
1700 2059 1880 2144 ὃπρὸς

342 2155 628 2216 Dobraeus
673 2152 905 2233 (collato
959 2153 1141 2212 schol.
1199 2157 1310 2212 Av.
1360 2151 1515 2230 ι68).
1556 2151 1882 2229 Legebatur

342 2242 469 2326 πρὸς
491 2242 538 2302 ὃ.
566 2276 647 2288 -
667 2243 741 2300 23
773 2244 888 2308 πῶς
914 2240 1036 2300 Ald.
1056 2247 1194 2302 Post
1215 2243 1327 2300 hoc
1352 2261 1479 2301 voc.
1507 2240 1748 2299 fortasse
1765 2239 1878 2299 ali-

344 2332 484 2410 quid
512 2330 743 2390 excidit.
773 2335 1043 2389 Dmn.—
1062 2339 1133 2399 24
1166 2329 1439 2408 λοίὸωμεν,
1466 2349 1535 2400 27
1587 2349 1675 2408 sq.
1726 2326 1883 2388 ἐλαύ-

343 2444 489 2481 νεται
512 2422 565 2479 ἐν
593 2421 800 2501 τροχῷ,
830 2416 947 2477 ἀλλ’
971 2419 1025 2476 ἐν
1053 2416 1205 2500 τύπῳ
1231 2416 1431 2499 γίνεται
1458 2418 1519 2477 Γ.

428 2531 484 2582 2,
515 2530 549 2568 2
576 2506 772 2588 λύχνου
800 2506 929 2567 ΔΜ.
957 2540 1038 2553 -
1065 2512 1099 2569 3
1130 2506 1547 2590 ῥύμης-ὁρμῆς
1569 2526 1684 2566 om.
1706 2508 1882 2566 etiam

346 2600 432 2675 Γ.,
452 2598 549 2676 qui
580 2599 613 2656 3
643 2597 922 2678 ξύμὸολον.

432 2707 525 2760 ιο,
559 2686 593 2744 5
631 2684 1102 2747 δὲλοω.Γ.-
1134 2682 1350 2744 effluat
1381 2684 1455 2742 R.

431 2795 520 2847 ια,
543 2796 574 2847 7
595 2773 736 2853 λέγει
763 2789 823 2835 et
843 2799 880 2854 9
910 2794 1028 2833 om.
1061 2775 1124 2834 Γ.

432 2871 524 2936 14,
567 2884 631 2921 ιι
665 2862 734 2922 τὰ
770 2870 966 2941 ταμεῖα
987 2904 1006 2935 ,
1035 2864 1092 2921 ἐν
1130 2850 1206 2927 οἷς
1231 2864 1260 2920 ὁ
1289 2868 1430 2927 σῖτος
1456 2859 1520 2919 Γ.
1567 2858 1714 2934 Μὰ,
1753 2879 1885 2936 quae

343 2949 633 3031 περιμήκη.
1055 2967 1081 3015 ο

435 3033 525 3104 18,
559 3031 629 3087 13
652 3027 824 3109 Σκίρα
852 3026 1009 3109 ἑορτὴ
1040 3049 1093 3098 α,
1118 3028 1166 3087 οἱ
1195 3025 1251 3084 δὲ
1275 3023 1568 3107 Δημήτρας
1600 3028 1674 3083 R.
1702 3058 1784 3069 —
1810 3033 1880 3094 ι4

349 3119 385 3187 ἡ
411 3116 467 3175 δὲ
495 3116 757 3197 Δήμητρα
773 3118 839 3177 Γ.
859 3151 935 3168 -ι
963 3116 1034 3173 16
1075 3114 1239 3173 addit
1276 3112 1405 3172 Ald.
1447 3110 1666 3178 Ἄλλως.
1712 3111 1885 3194 Σκίρα

349 3205 504 3281 ἑορτὴ
531 3204 658 3287 παρ’
687 3203 1004 3278 Ἀθηναίοις,
1037 3202 1126 3285 ἀφ’
1154 3194 1216 3273 ἧς
1239 3200 1331 3260 καὶ
1372 3205 1402 3260 ὅ
1442 3198 1548 3278 μὴν
1589 3202 1885 3283 Σκιρροφο-

350 3291 495 3374 ριών.
524 3292 655 3374 φασὶ
684 3293 738 3350 δὲ
756 3294 804 3351 οἱ
818 3290 1113 3371 γράψαντες
1137 3286 1261 3369 περί
1286 3311 1344 3348 τε
1375 3291 1556 3367 μηνῶν
1575 3286 1666 3347 καὶ
1692 3291 1883 3369 ἑορτῶν

345 3384 451 3440 τῶν
477 3380 777 3460 Ἀθήνῃσιν,
809 3382 880 3446 ὡς
915 3377 978 3438 τὸ
1001 3376 1180 3462 σκίρον
1211 3375 1445 3437 σκιάδιόν
1484 3379 1629 3450 ἐστι,
1667 3377 1782 3454 μεθ’
1822 3368 1884 3436 οὗ

348 3468 622 3553 φερόμενοι
645 3468 698 3539 ἐξ
723 3466 1054 3550 ἀκροπόλεως
1099 3465 1170 3534 εἴς
1214 3489 1333 3525 τινα
1358 3464 1519 3525 τόπον
1561 3463 1883 3544 καλούμενον

348 3557 542 3640 Σκίρον
571 3557 881 3639 πορεύονται
905 3556 941 3630 ἦ
968 3579 1027 3615 τε
1051 3559 1146 3627 τῆς
1175 3554 1396 3627 Ἀθηνᾶς
1421 3553 1587 3636 ἱέρεια
1621 3553 1711 3613 καὶ
1740 3559 1769 3614 ὁ
1792 3559 1882 3615 τοῦ

346 3645 553 3708 Ἡλίου.
584 3645 857 3724 κομίζουσι
894 3642 950 3704 δὲ
977 3647 1132 3703 τοῦτο
1160 3641 1589 3702 Ἐτεοὸουτάδαι.
1618 3642 1881 3721 σύμὸολον

348 3735 404 3797 δὲ
430 3742 585 3797 τοῦτο
611 3738 813 3816 γίνεται
854 3742 948 3796 τοῦ
984 3737 1089 3796 δεῖν
1123 3734 1436 3813 οἰκοδομεῖν,
1482 3732 1572 3793 καὶ
1605 3731 1804 3801 σκέπας
1829 3733 1887 3794 δὲ

346 3837 537 3900 ποιεῖν,
561 3829 631 3891 ὡς
659 3830 751 3885 τοῦ
776 3823 968 3905 χρόνου
995 3823 1211 3905 ἀρίστου
1235 3822 1381 3888 ὄντος
1401 3820 1529 3902 πρὸς
1560 3821 1884 3900 οἰκοδομίαν.

348 3915 439 3976 καὶ
470 3917 690 3987 Ἀθηνᾶν
716 3913 772 3971 δὲ
801 3911 1075 3996 Σκιρροίδα
1103 3914 1331 3990 τιμῶσιν
1361 3910 1654 3985 Ἀθηναῖοι,
1688 3909 1753 3982 ἢν
1779 3913 1888 3972 Φι-

347 4003 566 4086 λόχορος
608 4000 705 4075 μὲν
755 4002 809 4059 ἐν
855 4000 1085 4082 δευτέρῳ
1118 4000 1343 4065 Ἀτθίδος
1385 3999 1491 4059 ἀπὸ
1519 3998 1716 4081 Σκίρου
1752 3998 1888 4066 τινὸς

350 4090 677 4154 Ἐλευσινίου
706 4087 943 4168 μάντεως
975 4090 1282 4161 κεκλῆσθαι,
1314 4086 1561 4167 Πραξίων
1599 4087 1653 4147 δὲ
1685 4088 1740 4146 ἐν
1767 4088 1888 4147 δευ-

349 4180 490 4266 τίρῳ
526 4180 847 4259 Μεγαρικῶν
894 4176 1002 4237 ἀπὸ
1046 4176 1316 4259 Σκίρωνος
1360 4181 1453 4235 τοῦ
1498 4176 1888 4244 συνοικίσαντος

352 4273 655 4350 Σαλαμῖνα.
682 4265 926 4348 Σκιράδα
950 4263 1006 4325 δὲ
1032 4263 1252 4337 Ἀθηνᾶν
1272 4262 1486 4335 θησεὺς
1505 4263 1773 4336 ἐποίησεν,
1797 4262 1886 4323 ὅτε

351 4357 571 4436 ἐπανῄει
597 4353 910 4423 ἀποκτείνας
934 4353 1025 4414 τὸν
1065 4349 1429 4432 Μινώταυρον.
1481 4356 1701 4410 Inserta
1753 4365 1889 4410 sunt

351 4469 425 4507 ex
470 4445 967 4524 Harpocratione,
1007 4456 1217 4522 praeter
1250 4454 1541 4520 postrema
1569 4439 1887 4520 Σκιρᾶδα-

352 4532 718 4616 Μινώταυρον,
739 4552 869 4612 quae
891 4553 965 4592 ex
980 4531 1157 4590 Suida
1176 4543 1311 4588 sunt
1333 4551 1379 4589 s.
1405 4549 1464 4587 v.
1485 4527 1885 4609 Σκίρος.1)ιιω.

434 4644 532 4699 22,
568 4644 638 4700 19
667 4619 820 4702 ἕδρας
839 4626 908 4680 Β.
938 4643 991 4679 τι
1010 4621 1073 4680 Γ.
1101 4619 1230 4680 ΑΙά.
1258 4653 1338 4664 -
1358 4638 1434 4677 20
1453 4614 1711 4699 ἐσκώμφη
1741 4618 1883 4678 Γ.-

354 4732 426 4770 αι
457 4733 542 4791 sq,
569 4709 707 4770 ὥστε
735 4711 841 4769 δεῖν
865 4708 960 4778 τὰς
983 4717 1239 4789 γυναῖκας
1255 4708 1348 4776 τὰς
1373 4705 1486 4788 (τὰς
1505 4725 1618 4765 om.
1643 4707 1724 4783 Γ.)
1747 4704 1889 4765 ἑταί-

354 4824 449 4883 ρας
486 4799 652 4883 χωρὶς
694 4801 799 4857 τῶν
829 4797 1111 4881 ἐλευθέρων
1150 4795 1473 4865 καθέζεσθαι.
1512 4796 1561 4853 οἳ
1588 4791 1643 4853 δὲ
1681 4792 1763 4852 ὅτι
1796 4792 1890 4862 τὰς

351 4897 600 4967 γυναῖκας
638 4887 730 4946 καὶ
777 4886 898 4955 τοὺς
942 4886 1132 4971 ἄνδρας
1154 4885 1319 4968 χωρὶς
1369 4882 1677 4953 καθέζεσθαι
1702 4881 1890 4965 (χωρὶς

358 4975 582 5058 βαδίζειν
606 4973 695 5052 Γ.)
726 4976 788 5035 Γ.
823 4974 945 5035 Ald.

438 5066 512 5135 34
540 5062 679 5125 Ἀντὶ
694 5066 787 5123 τοῦ
807 5066 895 5135 ἡσ.
922 5066 983 5125 Γ.
1011 5068 1228 5124 κινοῦσα
1257 5069 1330 5124 R.

2046 1371 2144 1446 45,
2176 1374 2250 1432 33
2295 1372 2523 1433 ἔκαπτον
2571 1379 2883 1444 Pol-sonus.
2932 1372 3154 1435 ἔκοπτον
3186 1375 3319 1437 Ald-
3371 1373 3502 1436 lm-

1963 1480 2093 1518 πτον
2121 1466 2193 1520 Β.

2051 1554 2124 1622 46
2150 1553 2362 1613 lemma
2380 1553 2713 1635 Μελιστίχην
2750 1568 2839 1615 est
2863 1556 2924 1615 in
2954 1560 3025 1617 Β.

2048 1651 2125 1720 49
2163 1642 2367 1722 εἴρηκεν
2394 1644 2526 1705 Ald.

2049 1731 2147 1808 56,
2181 1741 2249 1803 4ι
2278 1731 2438 1811 Λέγει
2464 1730 2520 1790 δὲ
2549 1736 2621 1792 Β.
2646 1766 2728 1777 -
2757 1741 2832 1802 42
2864 1731 2921 1792 δὲ
2952 1754 3067 1793 om.
3099 1733 3227 1791 Ald.

2049 1823 2124 1891 61.
2147 1823 2218 1890 ὥς
2242 1819 2303 1881 τὸ
2335 1821 2456 1898 μέλ.
2491 1822 2554 1881 Γ.
2579 1823 2905 1901 μελανθῆναι
2926 1825 3000 1890 ὥς
3025 1827 3054 1882 ὁ
3081 1821 3214 1903 ἀνήρ
3240 1821 3368 1881 Aid.

2050 1912 2149 2058 (g,
2189 1931 2214 1969 1
2248 1910 2406 1970 αὐτὸν
2453 1909 2584 1970 Ald.
2621 1945 2692 1958 —
2717 1931 2751 1970 2
2782 1911 2911 1993 πρὸς
2946 1910 3104 1985 ξυρᾶν
3143 1913 3402 1972 additum
3436 1933 3508 1973 ex

1969 2003 2039 2058 R.
2128 2023 2163 2072 η
2190 2000 2255 2060 Γ.

2053 2108 2147 2163 7ι,
2173 2096 2206 2156 4
2230 2078 2699 2167 ἤην-δημαγωγός
2733 2089 2792 2147 in
2833 2090 2946 2149 fine
2979 2089 3184 2149 scholii
3232 2093 3400 2171 ponit
3438 2098 3507 2153 Β.

1969 2208 2051 2222 —-
2082 2197 2113 2250 7
2140 2177 2295 2236 conf.
2328 2177 2581 2238 Meinek.
2616 2178 2764 2236 nist.
2799 2185 2962 2238 Com.
2985 2198 3042 2256 p.
3089 2182 3217 2240 183.

2056 2287 2155 2341 77,
2185 2286 2224 2342 9
2250 2289 2329 2333 τις
2361 2286 2475 2325 om.
2498 2267 2567 2326 R.
2603 2303 2682 2315 -
2710 2288 2780 2326 ιο
2814 2257 2950 2326 εἶναί
2979 2289 3109 2348 φησι
3136 2269 3199 2328 Γ.
3225 2301 3299 2313 -—
3329 2290 3388 2327 ιι
3420 2268 3509 2329 τὸν

1972 2352 2189 2432 Λαμίαν
2211 2354 2342 2413 ΑΙό.
2386 2353 2475 2414 τὸν
2511 2376 2626 2415 om.
2675 2357 2739 2416 Γ.
2783 2361 2925 2415 Post
2952 2354 3168 2434 Λαμίαν
3192 2357 3513 2418 Meinekius

1970 2444 2123 2502 nist.
2152 2448 2316 2504 Com.
2356 2463 2416 2522 p.
2461 2446 2536 2503 65
2585 2445 2747 2504 addit
2771 2444 2986 2522 λέγουσι
3039 2443 3096 2504 δὲ
3145 2443 3237 2504 καὶ
3275 2446 3512 2518 θηλυκῶς

1972 2533 2207 2613 Λάμιαν.
2226 2566 2307 2579 -
2332 2554 2402 2594 12
2433 2532 2648 2617 Κράτης
2669 2535 3012 2595 Meinekius.
3034 2534 3365 2614 Legebatur
3391 2536 3513 2596 Φε-

1976 2622 2251 2707 ρεκράτης.
2278 2665 2361 2677 -
2398 2624 2467 2685 ι3
2501 2625 2636 2683 vide
2664 2624 2912 2684 Meinek.
2940 2625 3102 2683 Com.
3132 2628 3181 2699 Ι,
3214 2645 3271 2702 p.
3297 2634 3431 2694 241.

2056 2725 2131 2781 88
2162 2721 2254 2782 καὶ
2297 2721 2529 2806 φέρουσα
2549 2722 2642 2782 καὶ
2672 2721 2921 2792 ξαίνουσα
2946 2719 3079 2780 αὐτὰ
3098 2722 3161 2781 Γ.
3183 2721 3277 2781 καὶ
3304 2720 3514 2791 ξαίνου-

1973 2836 2045 2875 σα
2075 2810 2195 2895 ἔρια
2220 2813 2290 2873 R.
2323 2810 2413 2872 καὶ
2437 2811 2552 2893 ἔρια
2581 2809 2829 2882 ξαίνουσα
2858 2807 2993 2871 αὐτὰ
3012 2808 3141 2869 AJd.
3175 2810 3403 2871 Scholia
3437 2812 3514 2890 89

1973 2916 2031 2962 et
2051 2911 2126 2981 94
2148 2922 2262 2962 om.
2291 2903 2354 2963 Γ.

2325 2995 2357 3030 τ

2055 3064 2155 3121 97,
2188 3063 2262 3119 29
2296 3064 2357 3101 ου
2381 3047 2450 3101 R.
2476 3039 2615 3102 οὕτω
2635 3038 2770 3100 δασὺ
2801 3042 2888 3114 Γ.,
2930 3041 3033 3118 qui
3059 3038 3170 3101 Καὶ
3210 3051 3270 3099 et
3294 3031 3360 3112 ἦν
3394 3060 3511 3100 om.

1973 3133 2165 3211 Pergit
2186 3137 2259 3191 R.
2294 3129 2437 3210 λέγει
2465 3121 2554 3189 οὗν
2579 3131 2658 3203 τὸ,
2671 3132 2734 3191 Γ.
2764 3127 2909 3208 λέγει
2931 3128 2995 3188 τὸ
3022 3129 3129 3188 αίδ.

2064 3251 2193 3305 102,
2216 3232 2288 3288 32
2317 3219 2489 3293 Οὗτος
2515 3250 2631 3309 στρ.
2656 3228 2724 3288 Γ.
2755 3258 2833 3270 -
2858 3228 2932 3284 33
2956 3223 3048 3283 καὶ
3068 3222 3291 3307 ἄρξας-
3307 3224 3517 3286 συνέτε-

1976 3340 2044 3396 με
2076 3330 2211 3396 post
2235 3313 2366 3396 γυνή
2395 3315 2564 3393 pouit
2587 3319 2662 3373 R.
2679 3311 2873 3395 Λέσὸῳ
2902 3314 3192 3372 Mennius
3220 3316 3373 3372 Lect.
3398 3322 3513 3373 At-

1977 3409 2076 3467 tic.
2120 3408 2179 3482 6,
2226 3416 2279 3476 4.
2320 3403 2528 3485 Λήμνῳ
2555 3408 2628 3462 Β.
2654 3401 2780 3459 ΑΜ.
2807 3415 2865 3460 et
2902 3402 3112 3462 suidas
3154 3422 3199 3461 s.
3222 3401 3514 3485 Ἀγύρριος.

1975 3495 2152 3579 Λήμιρ
2177 3498 2242 3557 Γ.
2265 3495 2432 3555 Cous.
2460 3491 2736 3571 Xenoph.
2765 3495 2837 3550 H.
2859 3495 2958 3552 Gr.
2980 3502 3045 3566 4,
3071 3492 3128 3565 8,
3152 3494 3248 3566 31,
3265 3493 3513 3552 Diodor.

1986 3597 2077 3660 14,
2121 3609 2220 3664 99.
2250 3617 2319 3630 —
2358 3584 2435 3644 35
2463 3582 2553 3643 τὸν
2581 3581 2817 3661 πώγωνα
2854 3583 2917 3642 Γ.
2946 3623 3027 3637 -
3058 3583 3129 3655 37
3168 3582 3412 3643 λανθάνει
3445 3585 3523 3649 ὥς

1972 3701 2008 3756 γ
2064 3769 2195 3840 105,
2244 3768 2320 3826 38
2344 3760 2624 3834 Nisi—let
2645 3761 2870 3822 addidit
2896 3767 2969 3821 Β.
2990 3766 3133 3820 Tum
3160 3763 3351 3840 pergit
3373 3760 3435 3820 τὸ
3460 3761 3517 3821 δὲ

1976 3857 2092 3934 ίξῆς
2133 3854 2430 3937 ὑπίρὸατον
2455 3851 2642 3916 τούτου
2674 3865 2785 3912 etc.
2810 3884 2890 3897 —
2916 3855 2991 3927 39
3022 3850 3114 3910 καὶ
3148 3849 3264 3909 ἔστι
3298 3850 3361 3911 τὸ
3400 3850 3522 3925 ίξῆς

1975 3952 2040 4011 Γ.
2069 3947 2225 4009 ἕνεκα
2245 3953 2317 4007 Β.
2345 3944 2519 4005 ἕνεκεν
2550 3945 2613 4004 Γ.
2652 3962 2743 4019 μοι
2769 3942 2903 4020 (pro
2920 3942 3024 4018 τοι)
3056 3939 3246 3999 οὔνεκα
3266 3939 3395 4002 Ald.

2056 4059 2199 4115 ⁰109,
2241 4037 2314 4107 43
2340 4034 2420 4094 8κ’
2448 4031 2696 4116 ἀργύριον
2723 4031 3035 4089 Bentleius.
3068 4028 3399 4107 Legebatur
3417 4026 3446 4088 ὃ
3465 4029 3521 4088 κ’

1977 4125 2245 4212 ἀργύριον.
2266 4124 2385 4184 ἀλλ’
2403 4121 2529 4182 ὅταν
2558 4119 2801 4203 ἀργύριον
2821 4119 3029 4180 suidas
3047 4138 3091 4177 s.
3112 4120 3232 4178 Θεῖ.
3257 4125 3521 4196 Sequens

1977 4217 2238 4276 scholion
2269 4234 2386 4275 om.
2420 4216 2482 4275 Γ.

2064 4328 2087 4366 ι
2105 4327 2126 4363 ι
2140 4313 2172 4374 4
2195 4302 2343 4386 παρὰ
2370 4302 2432 4362 τὸ
2457 4302 2556 4374 τὴν
2593 4301 2764 4383 τύχην
2785 4302 2819 4376 ἢ
2840 4299 2979 4361 κατὰ
3007 4293 3289 4375 συντυχίαν
3310 4297 3372 4356 Γ.

2063 4426 2123 4463 ιι
2142 4403 2175 4462 5
2205 4407 2242 4476 ἡ
2272 4421 2388 4461 om.
2422 4404 2493 4459 R.
2533 4398 2599 4458 τὸ·
2640 4401 2839 4481 πλῆρες
2860 4401 2897 4470 ἡ
2925 4393 3030 4473 ἐμὴ
3069 4389 3317 4473 ἐμπειρία
3357 4393 3513 4470 Md„

1976 4513 2106 4572 quae
2136 4512 2269 4563 122,
2294 4511 2318 4548 1
2348 4507 2463 4548 om.
2493 4486 2603 4547 καὶ.
2629 4486 2906 4548 Scholion
2937 4491 3042 4551 124
3075 4502 3192 4541 om.
3221 4480 3310 4555 Γ.,
3338 4482 3440 4560 qui
3476 4492 3513 4553 4

1973 4581 2093 4650 τοὺς
2124 4579 2404 4659 πώγωνας.

2063 4683 2194 4757 126,
2225 4679 2259 4736 5
2277 4698 2360 4759 sq.
2389 4671 2862 4749 Σηπία-εἰκασία
2884 4671 2980 4730 hic
3004 4690 3122 4730 om.
3150 4673 3240 4742 R„
3265 4668 3514 4748 sedpost

1975 4769 2313 4844 ὀπτηθιίσαις
2345 4766 2506 4826 addit
2537 4760 2827 4846 ἄπρόλογος
2857 4757 2912 4819 δὲ
2942 4765 2977 4832 ἡ
3003 4757 3230 4822 εἰκασία.

2063 4892 2085 4928 ι
2098 4874 2195 4943 28,
2236 4890 2304 4927 10
2327 4870 2381 4926 ἐν
2400 4874 2515 4931 ταῖς
2538 4859 2846 4936 ἐκκλησίαις
2864 4857 3236 4942 πιριστίαρχος
3254 4856 3509 4916 ἐκαλεῖτο.

1977 4957 2104 5019 Ald.
2141 4957 2387 5040 περίστια
2406 4952 2463 5013 δὲ
2493 4952 2738 5032 λέγονται
2763 4951 2828 5011 Γ.

1990 5102 2000 5111 .
2074 5077 2201 5134 129,
2231 5074 2300 5114 12
2336 5054 2579 5113 αὐτοῢΓ.
2624 5082 2684 5095 -
2725 5058 2790 5114 13
2824 5050 2926 5134 γὰρ
2947 5047 3077 5133 πρὸς
3098 5052 3170 5110 R.
