3859 5725
438 229 555 284 524

436 371 551 411 om.
578 355 648 410 V.
683 352 754 412 Θ.
798 353 1012 430 Regius
1043 374 1058 411 ε
1087 349 1219 411 Δέον
1256 352 1421 409 εἰπεῖν
1467 348 1707 410 Καλλίαν
1743 347 1832 407 τὸν
1875 354 1969 408 τοῦ

435 435 774 514 Ἱππονίκου,
811 439 1112 500 διαὸἄλλων
1154 438 1309 498 αὐτὸν
1345 441 1417 505 ὥς
1452 436 1593 498 πάνυ
1621 436 1812 518 πόρνον
1835 481 1852 510 ,
1880 435 1970 496 τὸν

433 524 741 587 Ἱπποὸίνου
769 549 926 609 φησιν
942 572 959 601 ,
987 526 1107 599 ἤτοι
1130 533 1221 586 τοῦ
1246 527 1486 605 μεγάλως
1508 524 1845 607 πορνεύοντος
1867 548 1881 563 ·
1909 523 1972 584 τὸ

434 612 535 697 γὰρ
557 614 717 680 ἵππος
744 616 1015 695 πολλαχοῦ
1041 614 1129 675 ἐπὶ
1158 613 1405 693 μεγέθους
1451 612 1856 691 ἐπιλαμβάνεται.
1893 646 1972 657 —

436 701 473 775 ἢ
500 702 563 763 τὸ
584 703 863 764 ἱπποὸίνου
894 704 1013 763 ἀντὶ
1033 710 1127 764 τοῦ
1152 701 1270 770 τοὺς
1294 702 1488 770 ἵππους
1515 702 1642 781 (sic)
1683 699 1969 761 συνουσιά-

434 794 610 860 ζοντος
626 838 644 868 ,
669 792 789 865 Ιἤτοι
815 791 1160 864 κτηνοὸάτου.

517 882 661 957 439,
696 882 770 939 36
801 885 1016 938 τοιαῦτα
1040 885 1120 938 Μ.
1149 878 1446 938 λαλούντων
1466 880 1537 941 Θ.
1562 911 1642 924 -
1666 881 1736 951 37
1770 879 1971 960 Κοριν-

432 965 561 1033 θίοις
587 972 672 1026 Μ.
698 1002 782 1018 --
810 968 885 1025 38
911 985 997 1043 sq.
1022 963 1290 1033 καὶ-ἕως
1334 970 1384 1025 οἱ
1414 971 1484 1026 R.
1533 963 1752 1044 ἕπέμενέ
1790 988 1849 1025 τε
1880 955 1969 1024 οὗν

432 1054 561 1114 αὐτὸ
585 1053 755 1133 λέγων
772 1097 788 1124 ,
813 1058 861 1114 οἱ
899 1054 955 1114 δὲ
978 1056 1171 1114 ceteri.
1197 1083 1278 1100 ὰ-
1303 1058 1379 1132 39
1398 1052 1700 1135 σιχαθέντες
1717 1054 1788 1115 Θ.
1828 1055 1972 1112 εἰσα-
2051 1089 2058 1096 ›

430 1140 643 1223 χθέντες
666 1148 749 1202 Μ.
769 1140 1144 1224 συγχανθέντες
1170 1147 1244 1202 G.
1273 1142 1647 1222 συγχανθέντες
1673 1139 1764 1200 καὶ
1788 1143 1859 1208 εἰς
1876 1143 1972 1223 ὄρ-

430 1227 532 1308 γὴν
575 1229 860 1312 τραπέντες
903 1231 1035 1291 Ald.
1077 1266 1158 1276 —
1189 1240 1263 1299 4ο
1306 1229 1558 1312 Κόρινθον
1606 1228 1846 1289 τουτέστι
1882 1229 1970 1289 τὸν

430 1316 640 1398 κήρυκα
662 1319 795 1379 And.
818 1353 897 1366 —-
925 1329 993 1389 4ι
1037 1318 1200 1379 ταυτὸ
1234 1323 1305 1379 R.
1325 1324 1495 1378 ταῦτα
1529 1320 1602 1380 Θ.
1630 1323 1713 1378 Μ.
1743 1316 1814 1376 τὰ
1838 1316 1972 1377 αὐτὰ

431 1406 568 1466 ΔΜ.
598 1404 668 1465 τὰ
695 1405 833 1468 αὐτὰ
864 1407 1125 1486 λεγόντων
1173 1406 1510 1488 πραττόντων
1539 1411 1610 1465 V.
1640 1440 1721 1451 —
1746 1415 1818 1474 42
1847 1403 1972 1471 Διὸς

430 1502 558 1561 παῖς
596 1500 664 1555 R.
706 1499 832 1574 βασ.
871 1494 1164 1577 Κορινθίων
1198 1500 1364 1553 V.-
1399 1498 1472 1564 43
1519 1507 1653 1574 post
1681 1493 1972 1575 Κορινθίοις

430 1582 592 1642 addit
642 1589 801 1644 Junt.
850 1583 1128 1665 Μεγαρέας
1164 1583 1291 1665 φασὶ
1339 1584 1629 1664 Κορινθίων
1686 1582 1935 1649 ἀποίκους
1955 1626 1971 1656 ,

430 1672 607 1730 πολλὰ
650 1679 755 1738 τοῖς
798 1671 1092 1755 Κορινθίοις
1134 1672 1250 1730 κατ’
1279 1671 1432 1752 ἰσχὺν
1458 1674 1553 1743 τῆς
1587 1671 1791 1738 πόλεως
1817 1669 1972 1729 ὑπεί-

428 1780 541 1817 κειν
559 1781 574 1796 ·
602 1758 739 1818 ἄλλα
761 1782 821 1818 τε
846 1759 951 1841 γὰρ
975 1759 1193 1819 πλείονα
1218 1758 1338 1827 τοὺς
1371 1758 1673 1840 Κορινθίους
1696 1757 1971 1840 προστάσ-

432 1867 542 1904 σειν
559 1888 575 1916 ,
596 1846 815 1905 καὶτῶν
846 1848 1163 1925 Βακχιαδῶν
1193 1846 1242 1906 εἴ
1265 1870 1343 1913 τις
1383 1846 1704 1924 τελευτήσει,
1730 1846 1970 1929 (διῴκουν

431 1932 488 1992 δὲ
514 1934 662 1994 αὐτοὶ
699 1933 796 2007 τὴν
840 1933 1041 2013 πόλιν,)
1082 1934 1186 1995 ἔδει
1214 1928 1302 1995 οῧν
1343 1935 1631 2018 Μεγαρέων
1662 1937 1852 2017 ἄνδρας
1879 1935 1970 1995 καὶ

429 2029 679 2100 γυναῖκας
705 2020 949 2091 ἐλθόντας
976 2025 1069 2091 εἰς,
1091 2022 1341 2103 Κόρινθον
1388 2022 1723 2102 συγκηδεύειν
1767 2023 1854 2082 τὸν
1888 2046 1973 2082 νε-

429 2108 554 2192 κρὸν
581 2113 686 2167 τῶν
727 2111 1064 2190 Βακχιαδῶν.
1098 2116 1170 2181 ὡς
1197 2109 1254 2170 δὲ
1287 2109 1485 2191 ὅὸρεως
1521 2110 1669 2170 οὐδὲν
1712 2110 1970 2171 ἀπέλιπον

430 2200 479 2257 οἱ
504 2197 772 2279 Κορίνθιοι
790 2244 807 2274 ,
827 2198 895 2257 τὰ
923 2199 978 2258 δὲ
1008 2203 1111 2258 τῶν
1142 2199 1431 2283 Μεγαρέων
1454 2199 1650 2282 ἔρρωτο
1667 2245 1685 2274 ,
1723 2199 1815 2259 καὶ
1842 2199 1974 2282 πρὸς

426 2287 607 2345 ἐλπίσι
645 2293 739 2346 τοῦ
780 2285 946 2364 μηδὲν
993 2292 1178 2348 παθεῖν
1222 2285 1553 2356 ἀποστάντας
1580 2286 1768 2356 αὐτοὺς
1788 2333 1804 2363 ,
1850 2289 1971 2348 ἀλλ’

428 2377 647 2456 ἀφεῖναι
664 2398 678 2412 ·
705 2373 977 2451 πέμπουσι
1009 2374 1073 2448 δὴ
1097 2375 1345 2458 πρέσὸεις
1372 2380 1420 2434 οἳ
1460 2374 1758 2457 Κορίνθιοι,
1796 2400 1966 2448 κατη-

427 2461 751 2545 γορήσοντας
788 2462 1077 2545 Μεγαρέων
1100 2488 1115 2504 ·
1161 2463 1214 2524 οἳ
1248 2463 1619 2547 προσελθόντες
1642 2467 1713 2531 εἰς
1746 2463 1844 2537 τὴν
1875 2466 1972 2523 ἰκ-

428 2548 657 2621 κλησίαν
684 2595 701 2625 ,
737 2549 875 2610 ἄλλα
918 2574 978 2610 τε
1013 2550 1185 2612 πολλὰ
1215 2550 1509 2626 διεξῆλθον,
1552 2551 1642 2611 καὶ
1670 2551 1818 2618 τέλος
1836 2595 1854 2625 ,
1891 2553 1971 2610 δι-

430 2636 596 2704 καίως
625 2636 861 2708 στενάξοι
889 2644 918 2699 ὁ
945 2638 1067 2707 Διὸς
1108 2639 1359 2721 Κόρινθος
1380 2684 1398 2714 ,
1441 2641 1488 2698 εἰ
1532 2639 1607 2718 μὴ
1633 2637 1789 2719 λάὸοι
1818 2639 1968 2713 δίκην

428 2724 557 2807 παρ’
578 2727 765 2785 αὐτῶν.
787 2729 869 2809 ἐφ’
894 2719 971 2795 οἷς
998 2728 1434 2810 παροργισθέντες
1473 2731 1523 2787 οἱ
1551 2730 1829 2811 Μεγαρεῖς,
1852 2729 1972 2796 τοὺς

428 2812 677 2898 πρέσόεις
698 2814 857 2883 λίθοις
880 2814 1077 2877 έὸαλον
1099 2863 1117 2892 ,
1143 2816 1233 2877 καὶ
1264 2816 1403 2878 κατὰ
1428 2816 1616 2900 μικρὸν
1645 2816 1969 2891 ἕπιὸοησοίν-

428 2927 535 2964 των
559 2906 715 2964 τινῶν
750 2913 860 2972 τοῖς
892 2905 1213 2987 Κορινθίοις,
1241 2907 1331 2966 καὶ
1357 2906 1538 2987 μάχης
1567 2905 1854 2987 γενομένης
1884 2931 1971 2966 νι-

428 2991 720 3068 κήσαντες,
769 2998 906 3076 φυγῇ
935 2999 1041 3053 τῶν
1072 2994 1361 3077 Κορινθίων
1411 2994 1786 3078 ἀποφυγόντων
1833 2999 1966 3078 ἑφα-

427 3082 709 3161 πτόμενοι,
746 3086 1031 3153 κτείνοντες
1056 3085 1171 3164 ἅμα
1208 3085 1384 3146 παίειν
1421 3086 1510 3147 τὸν
1555 3087 1677 3154 Διὸς
1715 3085 1968 3169 Κόρινθον

429 3169 687 3230 ἐκέλευον.
734 3171 851 3236 ὅθεν
886 3172 1045 3256 φησὶν
1084 3178 1113 3233 ὁ
1161 3174 1361 3252 Δήμων
1396 3175 1473 3234 ἔτι
1498 3173 1588 3233 καὶ
1616 3181 1706 3235 νῦν
1745 3175 1834 3234 ἐπὶ
1863 3177 1968 3234 τῶν

429 3257 561 3337 ἄγαν
606 3260 1007 3340 σεμνυνομένων
1045 3261 1136 3321 καὶ
1168 3264 1347 3331 δεινῶς
1388 3261 1832 3322 ἀπαλλαττόντων
1869 3261 1967 3335 τὴν

427 3346 717 3427 παροιμίαν
730 3348 1004 3429 τετάχθαι.
1024 3356 1166 3423 Quae
1176 3371 1250 3409 ex
1266 3352 1570 3410 scholiasta
1583 3351 1815 3410 Pindari
1836 3365 1969 3410 sunt

426 3434 585 3494 illata
606 3440 768 3495 Nem.
795 3457 850 3511 7,
876 3437 1005 3497 155.
1047 3442 1229 3497 Dum.
1251 3473 1327 3485 —
1360 3447 1433 3508 44
1461 3437 1608 3520 παρὰ
1639 3437 1729 3498 τὸν
1770 3445 1839 3498 G.
1867 3439 1965 3513 τὴν

428 3520 576 3602 παρὰ
623 3528 716 3582 τοῦ
756 3529 827 3583 V.
851 3526 1027 3595 —48
1068 3535 1262 3604 τιμᾶτε
1302 3532 1373 3587 G.
1416 3535 1639 3605 τιμᾶται
1690 3531 1758 3586 V.
1783 3562 1862 3573 —-
1893 3537 1968 3604 49

433 3608 692 3689 βασιλέως
718 3610 894 3670 habet
923 3618 1021 3686 G.‚
1047 3633 1163 3675 om.
1185 3620 1260 3675 V.
1749 3642 1753 3647 ·

512 3705 662 3771 440,
717 3718 786 3756 12
830 3697 960 3779 πρὸς
1005 3699 1162 3760 αὑτὸν
1190 3707 1261 3760 R.
1291 3736 1369 3747 —-
1404 3703 1585 3761 13-35
1629 3723 1746 3761 om.
1780 3705 1851 3766 Θ.
1883 3711 1968 3766 Μ.

432 3786 626 3844 36-38
656 3806 773 3847 om.
804 3791 890 3846 M.
921 3790 1085 3847 Conf.
1117 3790 1301 3849 schol.
1332 3810 1388 3849 v.
1415 3791 1712 3863 351..—37
1753 3791 1966 3873 διαιρεῖν

430 3875 504 3935 Θ.
531 3912 612 3925 --
638 3877 714 3933 38
733 3875 1170 3957 οἰκοδομούμενος
1203 3884 1270 3935 V.

510 3961 627 4039 459
652 3983 767 4022 om.
811 3970 889 4024 M.
914 4002 977 4016 --
1013 3966 1081 4023 51
1125 3971 1216 4025 τοῦ
1252 3965 1410 4031 ἰδίους
1440 3964 1681 4025 τουτέστι
1728 3968 1852 4026 πολ.
1895 3975 1965 4025 V.

427 4055 521 4109 τοῦ
548 4049 668 4118 τοὺς
693 4050 932 4111 τουτέστι
956 4055 1076 4113 πολ.
1099 4056 1193 4127 G.‚
1217 4055 1319 4132 qui
1340 4055 1414 4111 52
1443 4058 1598 4113 τοῦτο
1621 4076 1734 4113 om.
1762 4057 1965 4137 εἴρηται

428 4136 567 4198 κατὰ
589 4141 914 4223 παραγωγήν
940 4143 1062 4201 Ald.
1104 4142 1161 4202 δὲ
1187 4164 1300 4202 om.
1328 4145 1425 4221 V.,
1457 4147 1617 4222 prius
1647 4142 1738 4203 καὶ
1759 4165 1872 4203 om.
1899 4152 1962 4202 R.

428 4233 524 4303 V.,
546 4230 791 4289 alterum
812 4235 841 4290 ὁ
860 4250 974 4288 om.
995 4236 1064 4291 R.
1093 4236 1165 4289 V.
1194 4233 1379 4313 a-J,
1406 4230 1442 4303 ἢ
1472 4232 1796 4311 συμπολίτας
1821 4238 1961 4311 Reg.

511 4318 628 4385 460
662 4339 778 4378 om.
805 4322 975 4378 etiam
1000 4320 1071 4380 Θ.
1103 4323 1180 4378 Μ.

510 4407 626 4473 465
652 4407 705 4465 τί
732 4403 991 4486 δὲ-λέγει
1017 4411 1084 4466 V.

509 4495 646 4569 467,
664 4516 739 4554 no
757 4493 824 4554 τὰ
839 4498 944 4555 τῶν
956 4497 1202 4568 Θησεῖων
1221 4495 1352 4574 [sic]
1367 4501 1435 4555 V.
1456 4494 1753 4577 Εὐριπίδην
1777 4499 1842 4554 V.
1856 4499 1962 4555 Se-

427 4586 665 4662 quentia
691 4586 1039 4664 corrigenda
1065 4599 1198 4644 sunt
1222 4606 1293 4644 ex
1314 4586 1536 4644 scholio
1564 4606 1618 4644 v.
1647 4586 1778 4659 475.
1803 4624 1867 4637 -
1886 4589 1960 4645 23

428 4671 600 4732 πολλὰ
623 4675 677 4732 ἐν
706 4676 907 4734 codex.

512 4764 628 4837 469
655 4764 737 4821 sic
763 4768 854 4837 R„
873 4761 1036 4830 οὕτως
1063 4760 1289 4823 Ἀττικοὶ
1318 4761 1377 4821 τὸ
1406 4761 1504 4843 ἔχῃ
1532 4760 1747 4821 ἀπὸτοῦ
1769 4760 1963 4842 ἔχομαι

430 4848 668 4931 δευτέρου
692 4850 997 4930 προσώπου.
1036 4849 1228 4920 ἄλλως.
1268 4850 1384 4910 ἀντὶ
1407 4855 1501 4910 τοῦ
1523 4850 1684 4929 μέσον
1717 4850 1960 4931 ἐλήφθης,

429 4937 491 4996 ἐκ
516 4960 577 5015 μ.
611 4961 657 4995 τ.
686 4942 801 5001 ἀθλ.
829 4944 898 4998 R.

510 5036 645 5101 470,
673 5028 741 5087 31
774 5049 858 5106 sq.
882 5049 995 5087 om.
1027 5032 1197 5088 etiam
1226 5031 1297 5087 Θ.

1611 218 2068 280 ADNOTA'I'IO
2110 220 2192 282 IN
2233 221 2491 284 SCHOL.
2812 227 2836 264 *

2141 353 2276 426 473,
2306 355 2382 429 39
2410 358 2636 433 συγχεῶ.
2670 356 3046 418 scribebatur
3071 358 3302 439 συγχέω.
3326 361 3624 420 Correxit
3673 421 3676 424 .

2058 440 2334 499 Matthiae.
2360 446 2642 502 Futurum
2672 445 2843 525 ἐκχεῶ
2873 460 3154 506 memorat
3175 447 3624 508 Choeroboscus

2059 526 2118 584 in
2141 529 2381 589 Bekkeri
2401 532 2618 590 Anecd.
2644 554 2701 612 p.
2733 555 2750 590 1
2766 554 2898 608 ²90·
2924 540 3109 594 Dum.
3134 535 3324 614 κόμαις
3341 542 3370 597 ὃ
3392 534 3496 615 μὲν
3525 538 3615 597 Θ.

2058 647 2120 659 -
2140 624 2214 684 4ο
2236 619 2375 696 ῥανῶ
2389 640 2446 676 τε
2460 617 2641 680 πεδόσ’
2659 622 2933 681 Matthiae.
2954 622 3107 703 ῥᾶναί
3129 647 3186 682 τε
3198 624 3243 681 δ’
3256 626 3331 686 Θ.
3347 624 3488 684 ΔΙά.
3501 623 3622 704 ῥεῖ-

2058 723 2182 763 νατε
2210 705 2259 764 δ’
2286 710 2357 762 V.
2383 744 2445 756 —
2466 716 2496 775 4
2511 729 2535 765 1
2565 711 2971 789 αἱματοσταγεῖν
2996 717 3065 770 V.
3086 713 3156 773 Θ.
3177 710 3390 771 ὖσονται
3414 713 3620 770 Bent-

2059 790 2218 851 leius.
2248 794 2579 873 Legebatur
2607 796 2898 877 ῥεύσονται.
2929 800 2996 858 In
3033 798 3311 858 addendis
3336 798 3622 858 Diodor-

2057 878 2200 937 fius:
2228 881 2639 942 «Probabilior
2681 905 2836 944 nunc
2880 886 3021 944 mihi
3060 886 3287 946 videtur
3331 887 3619 946 Barnesii

2058 972 2339 1029 correctio
2363 974 2678 1048 αἱμοσταγεῑ
2705 976 2980 1054 πρηστῆρε
3005 971 3275 1054 ῥεύσονται
3296 973 3469 1033 κάτω.
3491 1001 3518 1026 1·

2139 1063 2275 1128 474,
2310 1067 2383 1126 42
2411 1058 2685 1138 πλεύμονα
2709 1057 2981 1138 πνεύμονα
3010 1066 3081 1120 R.
3110 1066 3251 1139 Reg.
3290 1083 3305 1119 ε
3339 1057 3616 1138 Πλευμό-

2055 1164 2160 1202 νων
2187 1144 2304 1205 ἀντὶ
2321 1152 2416 1206 τοῦ
2445 1147 2758 1225 πνευμόνων
2780 1170 2795 1186 ·
2819 1151 2868 1207 οἱ
2890 1147 2992 1226 μὲν
3015 1147 3117 1233 γὰρ
3141 1154 3360 1230 Δωριεῖς
3383 1149 3448 1208 τὸ
3466 1150 3503 1208 λ
3525 1150 3614 1215 εἰς

2056 1229 2351 1379 :spineum
2370 1278 2388 1308 ,
2415 1233 2478 1294 τὸ
2508 1230 2669 1309 ἦλθον
2710 1227 2865 1309 ἦνθον
2893 1234 3135 1316 λέγοντες
3151 1260 3166 1276 ·
3199 1240 3248 1297 οἱ
3276 1238 3334 1296 δὲ
3362 1235 3610 1298 Ἀττικοὶ

2140 1320 2386 1381 ἐναντίον.

2140 1400 2278 1474 475,
2304 1410 2378 1471 44
2404 1422 2488 1480 sq.
2511 1402 3082 1488 Μύραινα-μύρεσθαι
3112 1425 3224 1464 om.
3245 1410 3316 1464 R.
3337 1442 3400 1456 --
3420 1405 3504 1464 45
3519 1407 3614 1487 τῷ

2059 1500 2117 1546 et
2140 1491 2216 1559 46
2241 1490 2502 1572 μύραιναν
2528 1513 2642 1552 om.
2667 1499 2733 1553 V.
2760 1494 2883 1553 Ald.
2908 1505 3082 1568 -47.
3106 1494 3414 1577 Ταρτησίας
3427 1496 3611 1574 γαλῆς

2060 1580 2410 1639 mentionem
2446 1583 2584 1640 facit
2603 1583 2874 1643 AElianus
2891 1589 3022 1642 ναι·-
3067 1585 3214 1643 Hist.
3243 1584 3344 1644 lib.
3384 1584 3448 1641 14
3468 1629 3486 1656 ‚
3522 1592 3558 1652 4
3584 1627 3608 1661 ,

2059 1663 2160 1723 ubi
2180 1667 2308 1725 vide
2328 1670 2712 1728 Perizonium.
2740 1675 2832 1729 De
2847 1670 2995 1731 urbe
3014 1672 3142 1730 vide
3162 1677 3313 1733 sam.
3342 1672 3608 1731 Bochai·-

2062 1766 2180 1812 tum
2206 1758 2297 1813 De
2321 1758 2509 1815 colon.
2537 1758 2790 1817 Phoenic.
2817 1758 2916 1817 lib.
2959 1779 2978 1816 ι
3008 1754 3175 1837 ‚'cap.
3206 1762 3299 1828 34.
3328 1765 3515 1818 Κυετ.
3537 1795 3609 1807 -

2061 1840 2137 1899 48
2161 1844 2475 1928 Toepmccbc
2501 1851 2570 1906 R.
2590 1859 2650 1905 et
2685 1845 2894 1905 Suidas
2917 1867 2963 1904 s.
2988 1846 3046 1904 h.
3078 1868 3129 1906 v.
3164 1852 3303 1924 Reg.
3334 1870 3349 1905 z
3370 1849 3422 1906 Τ
3425 1870 3565 1928 αρτη
3588 1880 3606 1889 —

2061 1928 2150 1996 σὸς
2173 1930 2326 1998 πόλις
2369 1932 2600 2015 Ἰὸηρίας
2638 1933 2761 2016 περί
2799 1956 2904 1992 που
2935 1932 3003 1993 τὰ
3033 1933 3260 2016 Γάδειρα
3281 1957 3296 1971 ·
3340 1932 3497 1993 ἄλλοι
3542 1933 3606 1991 δέ

2059 2039 2188 2099 φασι
2214 2021 2334 2100 περὶ
2351 2020 2449 2094 τὴν
2476 2020 2690 2103 Ἄορνον
2712 2020 2928 2100 λίμνην.
2955 2021 3097 2099 λέγει
3123 2019 3180 2079 δὲ
3209 2026 3377 2081 ταῦτα
3396 2022 3602 2095 πάντα,

2058 2104 2123 2164 ἵν’
2151 2106 2384 2188 ἐκπλήξῃ
2409 2116 2589 2169 τοῦτον
2614 2108 2701 2168 διὰ
2725 2108 2833 2190 (τὸ)
2854 2115 2948 2169 τοῦ
2973 2108 3136 2169 τόπου
3154 2108 3418 2181 ἀσύνηθες.
3446 2109 3604 2170 ἄλλοι

2059 2195 2116 2252 δὲ
2157 2196 2398 2274 λέγουσιν
2438 2200 2510 2263 ὥς
2543 2200 2601 2256 οὗ
2636 2195 2794 2275 μόνον
2839 2196 2987 2277 ἰχθύς
3017 2199 3131 2257 ἐστι
3166 2196 3426 2280 μύραινα,
3454 2197 3602 2257 ἄλλα

2057 2281 2147 2341 καὶ
2173 2284 2350 2364 θηρίον
2374 2275 2439 2357 ἦν
2463 2309 2516 2343 τι
2541 2284 2659 2367 περὶ
2699 2284 2790 2344 τὸν
2817 2284 3091 2368 εἰρημένον
3125 2285 3294 2345 ’τόπον
3319 2284 3457 2344 οὕτω
3493 2309 3601 2345 κα-

2057 2370 2309 2450 λούμενον
2327 2418 2344 2447 ,
2369 2373 2606 2455 χαλεπὸν
2646 2382 2750 2439 τοῖς
2787 2375 3165 2455 ἐντυγχάνωσι
3205 2375 3294 2435 καὶ
3334 2375 3604 2447 δυσάντη·

2057 2483 2165 2520 τον.
2189 2500 2255 2514 -
2276 2463 2345 2521 51
2399 2463 2489 2524 ἐπὶ
2510 2461 2737 2535 πλησίον
2779 2477 3110 2542 suspectum
3137 2476 3241 2525 est.
3263 2470 3446 2524 Diuo.
3474 2465 3604 2523 ἑπι-

2057 2546 2306 2610 πλύνσιον
2334 2556 2492 2609 V..—
2513 2553 2585 2610 52
2613 2552 2904 2634 Εὐριπίδου
2924 2598 2942 2628 ,
2970 2552 3043 2612 53
3071 2543 3147 2621 οἷς
3170 2555 3393 2613 ἐνταῦθα
3418 2553 3602 2622 παίζει

2058 2637 2129 2698 Θ.
2154 2639 2318 2701 Conf.
2347 2641 2527 2699 schol.
2553 2660 2609 2698 v.
2649 2641 2782 2713 467.

2141 2736 2287 2800 477,
2322 2750 2346 2786 1
2391 2730 2464 2789 Οἱ
2505 2728 2783 2809 Τιθροίσιοι
2826 2728 2932 2789 ἀπὸ
2978 2734 3136 2789 R.—
3160 2748 3195 2787 τι
3229 2731 3326 2787 οὐκ
3363 2732 3436 2801 ἢκ
3463 2729 3603 2879 [sing

2059 2812 2114 2875 δὲ
2142 2820 2208 2874 V.
2237 2818 2337 2898 οὐχ
2358 2816 2542 2886 ἅπλῶς
2566 2816 2620 2877 δὲ
2641 2824 2715 2878 G.
2740 2855 2804 2868 —
2834 2820 2867 2878 5
2894 2839 2979 2897 sq.
3008 2816 3350 2900 Τιθρασὸς-
3370 2822 3435 2878 Δ.
3461 2821 3516 2878 ἐν
3568 2880 3583 2901 ³

2058 2907 2112 2964 αἱ
2138 2906 2199 2965 Γ.
2224 2911 2553 2966 κατοικοῦσιν
2583 2909 2653 2972 εἰς
2685 2905 2746 2966 τὸ
2769 2908 2938 2966 ἐκεῖσε
2964 2905 3143 2965 πεδίον
3172 2911 3313 2984 neg.

2141 3004 2277 3071 479,
2315 3015 2468 3070 9·¹7
2501 2996 2583 3053 sic
2603 3000 2696 3070 R„
2718 2991 2799 3053 ὅτι
2815 2994 2946 3076 πρὸς
2966 2993 3164 3064 τὸ-εἰς
3184 2998 3356 3055 τοῦτο.
3387 2991 3511 3053 ἰδὼν
3535 2993 3598 3054 δὲ

2055 3081 2462 3142 -πλουτοδότα,
2509 3083 2671 3142 Idem
2714 3094 2989 3160 praeterea
3027 3080 3205 3140 habet
3241 3081 3485 3159 glossam
3530 3081 3598 3141 τὸ

2057 3166 2209 3226 κάλει
2229 3166 2342 3227 θεὸν
2366 3172 2437 3234 ὥς
2463 3169 2593 3249 πρὸς
2618 3169 2715 3242 τὴν
2749 3168 2931 3228 θυσίαν
2951 3192 2967 3207 ·
2997 3181 3092 3247 et,
3120 3166 3181 3227 τὸ
3205 3167 3358 3226 κάλει
3385 3167 3500 3225 θεὸν
3523 3171 3600 3235 ὥς

2055 3254 2186 3336 πρὸς
2211 3255 2454 3333 βοήθειαν
2482 3256 2645 3335 λέγει.
2672 3296 2737 3310 -
2763 3278 2832 3316 io
2874 3248 3022 3322 οὗτος
3058 3276 3172 3314 om.
3196 3260 3264 3314 V.
3292 3292 3348 3306 --
3377 3278 3398 3313 1
3417 3275 3441 3313 ι
3484 3276 3596 3334 pro

2057 3344 2215 3410 οὕτως
2244 3349 2314 3404 R.
2335 3345 2536 3421 ἄλλως,
2566 3358 2625 3404 et
2650 3345 2815 3413 οὕτως
2837 3344 2996 3405 addit
3024 3357 3157 3422 post
3179 3341 3595 3401 ἀποδεδώκασιν.

2055 3471 2119 3483 -
2153 3435 2219 3491 16
2243 3447 2375 3492 ante
2401 3433 2683 3515 ἐκκέχυται
2704 3440 2774 3495 R.
2807 3433 2980 3493 habet
3002 3431 3407 3511 compendium
3433 3433 3595 3509 quod

2057 3523 2148 3579 vel
2180 3520 2507 3601 ἐπιλέγουσιν
2544 3523 2638 3581 vel
2677 3518 2911 3598 ἐπιλέγει
2946 3519 3033 3577 vel
3073 3516 3374 3596 ἐπιλέγεται
3410 3532 3593 3578 notat.

2056 3614 2128 3681 ὣς
2157 3609 2438 3689 ἐκκέχυται
2462 3608 2673 3689 λέγεται
2705 3608 2871 3689 (λέγει
2895 3609 2987 3689 V.)
3015 3609 3210 3668 ceteri.
3237 3644 3298 3656 -
3326 3628 3390 3680 17
3416 3612 3591 3666 τοῦτο.

2055 3697 2328 3779 ἐγκέχοδα.
2369 3699 2630 3782 παροιμία
2668 3698 2785 3757 ἀντὶ
2828 3696 2954 3777 (ἀπὸ
2983 3699 3084 3774 G.)
3128 3701 3222 3754 τοῦ
3250 3694 3409 3775 χέζω.
3443 3694 3594 3754 κάλει

2056 3787 2168 3847 θεὸν
2197 3788 2325 3869 πρὸς
2351 3792 2402 3868 β.
2426 3794 2496 3847 V.
2520 3793 2691 3847 τοῦτο.
2740 3787 2901 3867 ἔχεσα
2923 3784 3026 3845 ὑπὸ
3056 3789 3150 3844 τοῦ
3182 3783 3344 3849 δέους.
3382 3783 3494 3841 ἔστι
3535 3782 3591 3842 δὲ

2056 3873 2213 3951 μέσος
2254 3876 2653 3956 παρακείμενος.
2697 3875 2802 3934 ἀπὸ
2821 3881 2914 3934 τοῦ
2949 3872 3091 3952 χέζω
3121 3870 3269 3952 χέσω
3298 3872 3494 3950 κέχοδα
3521 3874 3592 3937 ὡς

2053 3963 2157 4022 ἀπὸ
2192 3969 2285 4022 τοῦ
2304 3963 2490 4046 φράσω
2513 3961 2776 4045 πέφραδα.
2802 3964 2959 4041 (Haec
2986 3961 3166 4020 etiam
3184 3961 3246 4018 in
3283 3958 3450 4037 Reg.)
3463 3958 3588 4041 πρὸς

2056 4054 2107 4129 β.
2146 4052 2217 4112 Θ.
2244 4090 2308 4101 —-
2333 4060 2502 4120 20-24
2528 4072 2645 4110 om.
2670 4053 2840 4110 etiam
2868 4052 2937 4111 Θ.

2137 4149 2271 4222 481,
2306 4151 2377 4207 25
2413 4148 2686 4230 φροντίζω,
2714 4148 2898 4228 ὦχριῶ
2925 4151 2993 4205 V.
3029 4146 3100 4207 Θ.
3129 4143 3416 4227 φροντίδων
3455 4142 3588 4203 iibri

2053 4247 2263 4311 praeter
2284 4240 2352 4294 R.
2376 4273 2440 4285 —
2462 4238 2535 4294 26
2556 4256 2642 4313 sq.
2667 4237 2995 4315 ὧρακιᾶσθαι
3020 4231 3076 4293 δὲ
3103 4231 3585 4311 λέγουσι-ὠχριᾶ-

2052 4325 2173 4381 σθαι
2204 4323 2296 4394 Θ.,
2318 4326 2417 4401 qui
2450 4322 2832 4392 ἀπὸ-αἷκίζειν
2861 4343 3054 4381 om.—
3077 4324 3150 4381 28
3174 4319 3345 4401 τούτῳ
3372 4318 3428 4378 δὲ
3452 4320 3586 4380 Θ.-

2056 4430 2129 4485 29
2153 4410 2233 4468 θλ.
2257 4408 2361 4492 γὰρ
2389 4412 2607 4493 καρδίας
2632 4416 2790 4471 τοῦτο
2817 4411 3020 4491 γίνεται
3042 4414 3108 4468 V.
3136 4414 3345 4467 Parum
3371 4406 3586 4487 proba-¹

2052 4498 2168 4557 bile
2191 4499 2332 4557 mihi
2367 4501 2598 4559 videtur
2634 4499 2941 4580 Sophoclis
2969 4500 3134 4557 illum
3166 4517 3400 4556 versum
3433 4515 3581 4571 esse,

2051 4607 2225 4664 quem
2254 4588 2578 4647 Brunckius
2614 4589 2829 4648 inserta
2852 4601 2983 4666 post
3023 4585 3086 4646 τὸ
3119 4585 3405 4665 particula
3428 4580 3486 4642 δὲ
3511 4583 3582 4644 ab

2051 4674 2211 4735 hiatu
2237 4676 2534 4736 liberabat.
2557 4677 2801 4736 Accedit
2824 4675 2893 4734 ad
2922 4675 3037 4733 hoc
3062 4678 3263 4754 inepta
3288 4673 3385 4732 ina
3408 4683 3467 4730 et
3483 4674 3580 4729 ni-

2051 4765 2159 4823 mis
2180 4782 2612 4843 supervacanea
2649 4764 2946 4823 annotatio
2979 4767 3140 4821 τοῧτο
3167 4760 3225 4821 δὲ
3253 4762 3467 4826 πολλοῖς
3499 4759 3580 4837 γί-

2049 4874 2209 4910 νεται.
2235 4852 2619 4927 Quamobrem
2640 4851 2880 4929 vestigia
2902 4849 3115 4909 codicis
3135 4850 3336 4909 Veneti
3356 4862 3580 4909 secutus
3603 4896 3614 4911 .

2050 4942 2131 5000 sic
2156 4943 2277 4999 haec
2300 4942 2643 5018 corrigenda
2667 4959 2791 4999 esse
2815 4950 2986 5018 puto,
3007 4937 3303 5019 ὧρακιᾶσαι
3341 4937 3395 4997 δὲ
3425 4937 3576 5015 λέγε-

2048 5053 2136 5088 ται
2163 5028 2223 5087 τὸ
2240 5027 2340 5087 ὑπὸ
2359 5027 2522 5110 φόὸου
2543 5029 2826 5112 ὠχριᾶσαι.
2853 5031 3006 5086 τοῦτο
3033 5022 3090 5083 δὲ
3133 5025 3404 5104 Σοφοκλὶς
3436 5015 3574 5083 εἶπεν
