3859 5725
102 4965 163 5012 ⁸
272 4988 434 5063 λώθη.
460 5028 524 5042 -
549 4995 618 5052 16
652 4994 810 5078 φησὶν
833 5015 948 5056 0111.
972 4995 1042 5058 Θ.
1068 5019 1227 5071 -17
1256 4997 1588 5084 dela-0⁴:913.
1610 5003 1681 5060 V.
1702 4995 1808 5066 ἀπό

1588 226 1956 327 „Quum
2121 292 2128 301 ,
3212 234 3319 283 (113

189 373 490 453 ὠνομάζετο
515 371 573 431 δὲ
598 370 689 430 καὶ
721 367 1059 450 Ἐλευθέριος.
1082 371 1149 427 In
1182 365 1280 425 illa
1309 382 1453 422 vero
1480 365 1570 420 τοῦ
1597 358 1719 425 Διὸς
1796 378 1859 414 τε
1881 356 2007 437 Ald,
2049 356 2126 416 ἔτι
2164 356 2284 417 τότε
2327 355 2480 436 apud
2525 355 2790 433 Thucyd.
2824 391 2889 405 -
2932 374 2999 429 ¹9
3024 352 3091 413 τὰ
3126 358 3193 410 V.
3219 371 3327 430 pro

190 471 283 524 τοῦ
308 458 635 540 Ἐλευθερίου
662 465 792 539 στοᾷ
821 452 1117 515 sedentem
1144 454 1380 513 adortus
1408 463 1493 510 est
1519 444 1720 507 Ischo-
1797 444 2129 525 τριακοσίων.
2169 440 2483 527 παρεγένετο
2533 445 2603 505 Θ.
2641 468 2666 495 οι
2701 440 3117 520 corrigendum
3166 437 3327 519 μύρια

193 552 458 615 maehum
479 554 743 609 Socrates
760 589 776 618 ,
798 563 1013 625 eosque
1037 542 1329 601 sermones
1344 536 1723 613 audivit,'qui
1800 532 2002 610 ἐγένετο
2029 553 2104 591 ex
2122 533 2385 609 Thucyd.
2409 558 2433 585 ν
2458 536 2642 591 Dum.
2670 531 2742 597 εἴς
2767 534 2837 591 R.
2861 535 2932 588 V.
2962 550 3077 586 om.
3102 529 3171 588 Θ.
3199 525 3328 587 Ald.

194 637 594 700 venustissime
609 627 1723 710 suntdescriptiaXenopb.inOEcon.:
1803 644 1861 679 τε
1910 641 2025 680 0111.
2064 625 2134 679 R.
2164 663 2225 673 .-
2265 640 2338 681 ao
2369 618 2436 678 τὰ
2477 617 2612 677 ἄλλα
2639 623 2709 678 R.
2739 617 2870 676 Ald.
2899 655 2963 669 -
2998 637 3067 675 21
3108 614 3333 675 scribe-

196 725 348 786 unde
383 724 555 783 simul
588 723 806 801 liquet,
858 721 987 777 foro
1028 712 1201 777 fuisse
1239 714 1528 793 junctum.
1563 711 1726 772 Sole·
1803 706 1977 765 batur
1996 707 2085 773 εἷς.

197 815 340 877 bant
380 824 607 885 autem,
652 810 700 868 si
746 807 904 889 quod
946 806 1177 889 gravius
1221 801 1550 863 adeundum
1583 809 1730 858 esset
1893 802 2063 869 1194,
2094 793 2167 851 25
2195 792 2223 851 6
2251 795 2382 852 Λυκ.
2402 794 2476 853 Θ.
2503 791 2632 851 Ald.
2656 817 2680 842 α
2700 791 3081 869 Lycophron,
3113 802 3174 847 ut
3207 810 3335 866 pro-

201 900 541 972 discrimen,
573 897 709 956 Jovi
741 915 849 954 suo
879 893 1172 956 servatori
1201 905 1336 949 vota
1374 888 1729 966 nuncupare.
1808 880 2002 939 babile
2030 882 2277 953 videtur,
2310 900 2374 938 ea
2411 880 2484 937 de
2519 900 2614 951 re,
2661 880 2824 956 cnjus
2864 899 3031 937 causa
3061 878 3218 935 testis
3263 876 3337 934 ab

202 989 354 1049 Hinc
389 986 555 1045 facile
598 982 960 1060 intelligitur,
991 1001 1109 1039 non
1147 976 1323 1049 alium
1369 997 1492 1036 esse
1530 981 1732 1035 Jovem
1812 970 2194 1028 Eratosthene
2222 966 2451 1038 citatur,
2485 968 2791 1044 scripserat
2819 967 2877 1023 in
2914 964 3077 1022 libris
3095 960 3215 1044 περὶ
3232 986 3342 1021 κω-

204 1074 463 1155 Σωτῆρα,
508 1070 672 1149 cujus
710 1070 804 1129 hic
835 1068 1189 1129 sacerdotem
1231 1064 1643 1149 'Aristophanes
1674 1060 1737 1121 in
1816 1056 2039 1139 μῳδίας,
2072 1076 2320 1136 quorum
2362 1056 2423 1115 in
2467 1055 2744 1112 Athenaeo
2779 1056 2841 1111 fit
2891 1051 3105 1110 mentio
3140 1074 3154 1108 ε
3187 1050 3342 1109 idem
3401 1052 3404 1055 ’

204 1180 433 1222 scenam
475 1156 560 1217 ire
579 1157 774 1235 jussit.
803 1154 941 1215 Erat
971 1152 1189 1233 alioqui
1228 1153 1287 1211 in
1319 1154 1535 1212 Piraeeo
1564 1149 1738 1208 etiam
1816 1157 1938 1202 erat
1981 1158 2040 1202 et
2082 1157 2252 1222 poeta
2291 1142 2599 1218 multisque
2648 1139 2936 1218 tragoediis
2981 1138 3346 1209 nobilitatus,

202 1244 342 1329 ἱερὸν
360 1250 450 1307 τοῦ
479 1240 603 1311 Διὸς
618 1247 710 1301 τοῦ
739 1243 988 1326 Σωτῆρος
1011 1240 1415 1319 navigantibus
1448 1248 1739 1317 opportu·
1818 1244 1875 1289 et
1925 1231 2361 1309 grammaticus,
2412 1242 2475 1287 ut
2520 1226 2723 1288 suidas
2768 1229 3050 1301 ostendit3
3083 1248 3190 1287 nec
3216 1248 3346 1285 raro

209 1353 382 1406 num,
428 1333 591 1406 cujus
620 1331 972 1393 mentionem
1011 1330 1146 1388 fecit
1188 1324 1397 1399 Strabo
1425 1347 1483 1402 9,
1511 1345 1573 1403 p.
1608 1322 1740 1394 606,
1821 1338 1950 1378 cum
1987 1318 2365 1377 Eratosthene
2393 1316 2566 1394 paulo
2594 1316 2868 1374 inferiore
2907 1315 3019 1372 hoc
3051 1319 3110 1374 111
3141 1334 3348 1395 genere

206 1418 286 1491 133
314 1438 421 1499 nec
450 1414 639 1476 deerit
670 1416 847 1485 sorte,
873 1415 976 1492 qui
1009 1436 1133 1473 eam
1165 1414 1227 1473 in
1256 1412 1471 1485 aedem,
1501 1420 1744 1490 propter
1813 1406 1979 1489 jungi
2021 1406 2198 1476 solet,
2234 1404 2394 1462 velut
2430 1422 2463 1460 a
2508 1414 2705 1460 nostro
2754 1400 2934 1460 schol.
2963 1400 3036 1460 ad
3076 1407 3250 1481 vesp.
3291 1421 3347 1460 v.

210 1516 446 1589 portum
463 1506 631 1563 sitam
651 1549 667 1577 ‚
685 1500 1045 1562 commodius
1071 1498 1297 1582 ingredi
1328 1512 1495 1579 putet
1517 1496 1742 1575 ἔμπορον
1826 1515 1960 1569 702,
1995 1493 2065 1550 ad
2101 1497 2223 1550 Pac.
2249 1512 2304 1548 v.
2331 1510 2462 1563 701.
2481 1487 2600 1571 Πρὸ
2625 1486 2932 1572 ἀμφοτέρων
2961 1487 3187 1560 τούτων,
3218 1488 3356 1547 Plu-

213 1590 481 1665 σωθέντα,
512 1603 578 1650 ut
613 1588 777 1650 Jovis
804 1590 1052 1671 propitii
1095 1609 1305 1647 numen
1340 1588 1574 1645 victima
1610 1603 1747 1641 caesa
1826 1595 1947 1639 tum
1970 1578 2237 1638 videlicet
2255 1577 2497 1650 huncce,
2520 1590 2578 1635 et
2605 1576 3022 1636 Ecclesiazusas
3041 1576 3221 1633 nostri
3241 1577 3354 1635 Co-

214 1690 559 1743 veneretur:
588 1690 648 1735 at
674 1697 780 1754 ego
809 1698 941 1735 cum
972 1676 1276 1735 scholiaste
1320 1672 1487 1732 facin.
1518 1674 1746 1731 Hausr.
1827 1670 1984 1743 mici,
2009 1670 2170 1747 cujus
2205 1680 2264 1726 tu
2286 1666 2555 1724 dramatis
2584 1665 2703 1723 vid.
2733 1686 2788 1723 v.
2811 1685 2946 1741 970,
3004 1687 3021 1722 1
3043 1674 3184 1734 ¹4²3
3219 1684 3352 1721 nam

304 1790 326 1826 1
346 1769 475 1840 176,
506 1768 601 1826 36.
630 1770 718 1824 Ita
748 1767 933 1824 solent
968 1766 1154 1823 Graeci
1199 1763 1547 1845 posteriores
1571 1756 1749 1831 ελέξον
1827 1779 1996 1827 cave,
2017 1779 2088 1815 ne
2108 1777 2237 1814 cum
2263 1760 2690 1831 Jungerrnanno
2713 1753 2784 1811 ad
2809 1753 2946 1812 Poll.
2972 1775 3030 1828 9,
3062 1753 3157 1826 78,
3180 1775 3236 1809 n.
3263 1760 3357 1826 24,

219 1878 311 1936 μοι
336 1853 508 1914 ἕνεκεν
545 1859 641 1924 τῆς
675 1851 974 1925 Θεοτόκου,
1019 1873 1207 1931 quoeso
1239 1866 1291 1908 te
1329 1852 1417 1907 dic
1443 1850 1608 1918 mihi,
1638 1867 1756 1925 per
1829 1842 2151 1929 ἀμφοτέρους
2177 1842 2618 1920 Lycophronem
2644 1855 2701 1900 et
2721 1842 3162 1919 Aristophanem
3195 1842 3359 1900 intel-

219 1950 491 2021 vifflnem
519 1944 848 2019 De‘Pat-am.
878 1942 1104 1999 Hznsr.
1828 1932 1993 2010 ligas.
2024 1959 2047 1984 υ
2077 1934 2301 1992 11111151.
2341 1967 2407 1980 -
2441 1931 2515 1987 26
2550 1932 2579 1988 ὁ
2606 1926 2728 2009 Ἐρ.
2772 1929 2900 1988 Ald.
2941 1932 3090 1986 τοῦτο
3116 1928 3187 1991 Θ.
3231 1924 3360 1986 Ald.

1832 2020 1993 2102 δᾷδας
2009 2024 2191 2079 τοῦτον
2216 2024 2289 2078 V.
2321 2058 2386 2073 --
2423 2019 2497 2075 28
2536 2015 2637 2099 γὰρ
2665 2037 2780 2075 0111.
2809 2018 2902 2085 9.,
2940 2018 3040 2093 qui
3074 2014 3199 2096 πρὸς
3231 2017 3362 2095 ἀμφ.

1837 2106 1920 2165 lb.
1963 2105 2301 2184 Ποταμίους,
2339 2128 2416 2184 29
2442 2102 2731 2166 Φιλύλλιον
2769 2107 2988 2162 Hemst.
3038 2101 3365 2181 Legebatur

1836 2193 2438 2275 Ποταμοὺς-ψυλλῶν
2468 2190 2683 2274 (φύλλον
2718 2191 2832 2271 9.).
2869 2231 2932 2244 -
2964 2194 3057 2253 30.
3101 2192 3366 2268 Pythium

1837 2285 2134 2344 Sti-attidis
2179 2298 2373 2344 utrum
2414 2283 2847 2361 intelligendum
2868 2282 2942 2343 sit
2969 2280 3251 2359 Apollinis
3276 2280 3367 2339 sa·-

1838 2395 1977 2432 num
2000 2375 2057 2431 in
2085 2373 2227 2432 urbe
2245 2418 2261 2447 ,
2282 2395 2354 2433 an
2373 2374 2616 2433 alterum
2643 2378 2863 2433 OEnoae
2881 2415 2896 2441 ,
2925 2372 2997 2430 de
3029 2389 3148 2449 quo
3171 2369 3364 2429 Philo-

1839 2463 2056 2520 chorus
2093 2461 2250 2540 apud
2297 2463 2475 2522 schol.
2524 2461 2798 2540 Sophocl.
2851 2460 2924 2519 ad
2983 2458 3205 2537 OEdip.
3250 2457 3371 2514 Col.

1849 2560 2018 2621 1041,
2073 2548 2311 2609 definire
2354 2572 2466 2609 non
2507 2569 2742 2629 possum
2782 2573 2796 2607 :
2838 2548 2980 2607 illud
3017 2560 3207 2605 tamen
3234 2564 3376 2602 vero

1840 2634 2073 2696 videtur
2097 2637 2353 2697 similius.
2378 2637 2645 2696 Meminit
2674 2635 3008 2714 ejusssufliou
3031 2631 3296 2709 Thucyd.
3318 2651 3368 2701 a,

1850 2726 1940 2798 15,
1971 2738 2027 2784 et
2072 2726 2131 2798 6,
2166 2727 2272 2796 ’54,
2324 2725 2424 2785 ubi
2471 2725 2600 2784 vide
2638 2726 2958 2796 Dukerum3
3002 2721 3242 2800 parique
3280 2720 3366 2779 lo·

1844 2814 2059 2895 quendi
2089 2812 2333 2871 formula
2354 2816 2526 2870 lsaeus
2563 2832 2616 2889 p.
2651 2812 2744 2883 55,
2776 2821 2844 2880 14
2877 2831 2888 2869 :
2919 2806 3235 2890 ἀναθήματα
3259 2806 3366 2869 ἀνέ-

1845 2902 1999 2960 θεσαν
2016 2899 2261 2983 τρίποδας
2293 2902 2346 2957 ἐν
2382 2898 2613 2971 Πυθίου,
2637 2895 2795 2976 quod
2830 2899 3034 2960 Suidas
3079 2896 3378 2956 illustrabit

1849 2991 1903 3047 in
1923 2988 2138 3050 Πύθιον.
2172 2989 2530 3045 flamm-31
2556 2987 2783 3070 πάρεστε
2805 2992 2867 3046 V.
2897 3008 2994 3067 περ
3023 2981 3227 3044 ἐστὲΘ.
3254 2984 3378 3046 Ald.

1849 3116 1911 3128 -
1937 3079 2009 3135 32
2041 3075 2334 3137 Φιλυλλίου
2359 3082 2577 3136 Hemst.
2608 3074 2932 3154 Legebatur
2958 3072 3196 3136 Φυλλίου
3228 3070 3371 3153 (φύλ-

1850 3167 1944 3224 λον
1972 3162 2090 3242 9.).

1943 3257 2112 3331 1195.
2139 3254 2290 3314 Vide
2324 3253 2396 3312 ad
2430 3256 2600 3331 1193,
2644 3262 2730 3322 14.

1945 3365 1967 3400 1
1985 3364 2090 3420 197
2117 3343 2335 3401 scholio
2368 3363 2421 3400 v.
2452 3343 2599 3418 1198
2629 3341 2885 3420 adjungit
2909 3345 3000 3410 V„
3034 3339 3269 3416 praefixo
3289 3336 3384 3398 ἄλ·-

1859 3434 1992 3506 λως,
2021 3432 2352 3508 omissoque
2381 3429 2484 3512 γὰρ
2511 3444 2642 3508 post
2662 3429 2790 3498 ἔθος.
2824 3466 2885 3479 --
2914 3430 2989 3498 45
3012 3426 3287 3509 ἡψημένας
3313 3429 3377 3490 Θ.

1862 3519 2136 3600 ἑψημένων
2165 3524 2306 3597 Reg.
2336 3519 2470 3579 Ald.
2495 3517 2770 3597 ἐψημένων
2797 3522 2867 3577 V.
2890 3554 2955 3568 -
2982 3520 3058 3586 46
3089 3516 3384 3592 corrigen-

1864 3608 2003 3666 dum
2044 3621 2130 3667 est
2164 3605 2450 3679 ποικίλοις,
2497 3606 2654 3685 quod
2695 3606 2973 3666 tantillum
3016 3604 3220 3661 vitium
3261 3620 3378 3672 eos»,

1864 3697 1967 3773 qui
1995 3696 2316 3754 scholiastae
2342 3694 2535 3753 verbis
2560 3695 2647 3754 usi
2670 3706 2834 3764 sunt,
2860 3693 3076 3752 fefellit.
3097 3687 3395 3773 Scholinm

1866 3795 2060 3840 autem
2086 3802 2223 3840 mox
2240 3781 2312 3840 ad
2338 3780 2467 3840 Ἐπὶ
2493 3785 2587 3851 τῆς
2609 3781 2839 3863 κεφαλῆς
2865 3777 3151 3855 adjectum
3170 3779 3283 3836 huc
3303 3798 3400 3836 re-

1870 3869 2065 3927 vocari
2094 3869 2323 3946 malim3
2357 3869 2535 3927 hocce
2559 3881 2760 3928 contra
2787 3868 2952 3928 istius
2970 3868 3032 3928 in
3053 3867 3243 3924 locum
3266 3883 3390 3924 suc·

1870 3956 2095 4018 cedere.
2125 3959 2345 4014 Heus-r.
2384 3989 2446 4003 -—
2487 3965 2558 4028 47
2605 3955 2696 4015 καὶ
2736 3953 2896 4019 οὕτως
2936 3953 3028 4013 ἀπ.
3059 3959 3200 4030 Reg.
3228 3962 3397 4026 -·.l=9

1872 4045 2200 4124 ἀφιεροῦντες
2224 4048 2444 4103 Hemst.
2473 4042 2671 4102 Codex
2698 4045 2957 4122 ἀφιεροῦν.
2983 4079 3048 4094 ·-
3074 4042 3145 4097 50
3171 4059 3282 4115 pro
3310 4039 3404 4098 αὖ·

1871 4127 1988 4194 τοὺς
2026 4130 2233 4207 reponi
2285 4128 2474 4188 malim
2509 4127 2732 4206 βωμούς.
2763 4133 2848 4190 Ita
2869 4127 3035 4205 jubet
3064 4123 3398 4184 scholiastes

1874 4230 2073 4275 noster
2091 4229 2148 4274 et
2176 4216 2248 4274 ad
2266 4220 2393 4273 Pac.
2418 4236 2476 4273 v.
2504 4236 2637 4291 922.
2662 4220 2880 4274 Htusr.

1964 4325 1987 4361 1
2005 4307 2133 4381 198,
2157 4324 2189 4361 2
2214 4300 2498 4382 ἀγάλματα
2523 4304 2697 4362 schol.
2721 4304 2882 4362 Pacis
2906 4304 2943 4360 l.
2971 4323 3018 4360 c.
3048 4314 3105 4359 et
3129 4297 3333 4360 Suidas
3353 4320 3398 4357 s.

1876 4390 2121 4473 Χύτραις.
2158 4393 2272 4450 θεοῦ
2301 4389 2461 4462 libri,
2493 4390 2672 4450 schol.
2702 4394 2831 4450 Pac.
2873 4401 2933 4447 et
2960 4387 3184 4448 Suitlas.
3214 4392 3391 4466 Lege-

1879 4479 2052 4540 batur
2075 4480 2221 4537 θεῶν.
2244 4512 2299 4521 -
2322 4477 2354 4535 3
2375 4473 2586 4544 τούτους
2605 4475 2978 4557 ἄφιδρυμίνους
2997 4478 3067 4535 θ.
3087 4469 3403 4553 χαριστήρια

1880 4567 2060 4626 schol.
2082 4572 2230 4635 Pac„
2257 4592 2282 4618 α
2301 4585 2427 4643 quae
2466 4565 2561 4623 hie
2600 4565 2771 4623 etiam
2797 4563 2973 4641 paulo
3004 4575 3137 4622 ante
3159 4560 3397 4620 videba-

1880 4675 2038 4728 mus,
2057 4652 2206 4711 etad
2226 4674 2277 4712 v.
2320 4654 2465 4721 1054
2485 4675 2501 4722 3
2521 4650 2697 4728 idque
2720 4669 3023 4708 occurrere
3052 4648 3398 4725 frequentius

1881 4739 2077 4819 negari
2113 4760 2227 4798 non
2273 4748 2465 4816 potest
2508 4760 2523 4794 ε
2569 4734 2906 4820 χαριστήριον
2946 4735 3067 4795 ναὸν
3100 4735 3404 4816 ἱδρύσασθαι

1883 4828 1955 4886 ad
1979 4825 2132 4904 Nub.
2173 4847 2233 4884 v.
2282 4825 2388 4898 523
2431 4822 2750 4910 χαριστήρια
2781 4827 2846 4901 τῇ
2878 4821 3046 4904 πόρνῃ
3074 4819 3408 4887 ἀποδιδόντας

1884 4911 2094 4972 Athen.
2132 4915 2221 4986 13,
2252 4932 2308 4990 p.
2340 4913 2476 4985 57²,
2506 4913 2589 4989 Ἐς
2621 4910 2882 4991 σωτηρίας
2907 4909 3248 4991 χαριστήριον
3277 4910 3398 4966 ἄπο·

1884 5003 2062 5062 δοῦναι
2092 5002 2182 5073 15,
2218 5020 2276 5077 p.
2299 5001 2435 5072 672,
2465 5006 2538 5071 A3
2565 4997 2883 5079 χαριστήρια
2910 5000 2986 5078 τῷ
3021 4995 3108 5057 Διὶ
3147 4992 3283 5055 θύειν
3307 4999 3402 5054 zv·

311 2053 336 2090 1
352 2035 461 2090 180
493 2031 577 2088 sic
601 2032 657 2087 in
682 2032 772 2099 V.,
801 2026 983 2097 θυσίας
1002 2024 1299 2086 ἶπιτελίσαι
1319 2023 1356 2096 ἢ
1383 2020 1755 2093 ἕξιλεώσασθαι

225 2117 287 2179 τὸ
310 2122 444 2177 θεῖον
476 2114 564 2175 ἐπὶ
593 2125 696 2184 τοῖς
714 2112 1017 2194 μέλλουσιν.
1040 2147 1102 2160 -
1136 2123 1210 2182 40
1238 2112 1306 2171 τὰ
1322 2116 1416 2184 τῆς
1434 2109 1612 2178 θυσίας
1630 2110 1753 2167 Ald.

229 2242 294 2257 -
319 2207 389 2274 43
419 2202 674 2270 ἐξιελοῦτο
697 2203 850 2263 9.-
874 2211 945 2271 44
977 2223 1061 2280 sq.
1090 2200 1243 2260 conf.
1281 2198 1460 2259 schol.
1488 2217 1545 2257 v.
1583 2220 1603 2255 1
1622 2196 1752 2255 185.

227 2328 291 2342 --
318 2293 412 2361 48.
449 2289 559 2347 Hic
588 2310 723 2349 usus
761 2289 926 2349 verbi
968 2288 1318 2371 φυλάττεσθαι
1359 2298 1445 2348 est
1471 2285 1758 2346 citerioris

230 2379 489 2437 Graeciae.
527 2380 749 2434 num.

317 2466 486 2537 1184,
522 2485 553 2533 7
607 2463 793 2522 codex
837 2461 1159 2544 ἔφοδήματα.
1205 2502 1266 2514 -
1308 2471 1375 2533 14
1412 2482 1539 2542 sqq.
1579 2464 1763 2537 Nugae

232 2565 397 2626 sunt,
424 2571 553 2630 quae
578 2564 771 2610 narrat
801 2551 871 2608 de
898 2571 1041 2610 voce
1064 2548 1229 2619 πάτος
1246 2593 1263 2623 ,
1292 2551 1454 2628 quasi
1492 2554 1762 2607 alimenta

233 2643 580 2720 significaret
619 2664 632 2698 :
667 2661 948 2720 nusquam
981 2642 1163 2716 enim,
1200 2642 1308 2700 etsi
1350 2640 1611 2718 analogia
1645 2654 1765 2696 non

235 2730 451 2802 obstet,
482 2749 549 2787 ea
578 2741 859 2805 potestate
896 2728 1236 2806 reperietur.
1275 2732 1498 2787 Entsr.
1528 2765 1593 2778 -
1631 2748 1697 2801 ¹7
1728 2726 1763 2800 ἢ

238 2838 314 2878 ex
339 2817 518 2896 Regio
547 2816 849 2896 legendum
870 2837 978 2895 pro
998 2815 1178 2896 ἤγουν.

327 2925 350 2962 1
366 2905 496 2976 185,
527 2925 600 2962 aa
630 2905 803 2970 κωλᾶς
826 2908 1045 2963 Hemst.
1073 2902 1247 2971 κωλᾶς
1268 2903 1398 2963 Ald.
1418 2938 1483 2953 -—
1507 2906 1580 2964 23
1613 2902 1769 2984 νόμος

238 2981 304 3062 ἦν
333 2989 461 3050 Αἱά.
498 3002 558 3048 et
593 2991 799 3049 Suidas
839 3011 887 3048 s.
933 2991 1283 3071 Κωλακρέται
1310 3004 1368 3049 et
1414 2990 1768 3069 Νομιζόμενα.

241 3116 303 3128 -
333 3087 406 3146 114
438 3075 512 3136 Ἢ
549 3076 729 3146 οὕτως.
752 3075 820 3135 τὰ
841 3082 914 3135 R.
941 3120 1005 3132 .-
1027 3078 1101 3136 25
1138 3078 1309 3137 κωλαῖ
1345 3078 1576 3138 suidas.
1623 3081 1772 3139 κῶλα

241 3164 382 3224 libri
406 3161 607 3222 scholl.

333 3271 501 3326 1190,
535 3254 608 3320 43
655 3250 711 3310 δὲ
760 3274 891 3334 φφος
929 3251 1137 3327 Paris„
1177 3253 1383 3314 eodem
1424 3255 1777 3333 compendio

252 3358 391 3399 usus
418 3339 491 3398 ad
515 3360 568 3398 v.
594 3342 726 3413 716.

337 3448 362 3485 1
378 3447 508 3503 191,
531 3425 566 3484 5
581 3446 603 3482 1
633 3427 927 3504 ἔγκαθιστῶ
950 3431 1090 3504 Reg.

336 3515 484 3590 1193
520 3512 603 3572 sic
632 3512 696 3571 in
724 3515 820 3588 IL,
856 3515 951 3584 τῆς
983 3512 1218 3586 Ἀθηνᾶς-
1263 3517 1332 3582 ε1ς
1372 3514 1470 3588 τὴν
1501 3513 1782 3598 ἀκρόπολιν

251 3597 911 3682 ἅνέφερον-ἐπανηλώθη,
933 3600 1111 3672 ἐπειδὴ
1139 3603 1206 3660 τὰ
1235 3602 1786 3682 χρήματα-Ἀθηνᾶς

253 3693 398 3747 ναοῦ.
422 3691 494 3746 111
516 3689 610 3762 V„
628 3690 723 3757 τὶῐς
747 3686 1040 3759 Ἀθηνᾶς-
1064 3688 1394 3763 ἐναπηλῶθη.
1427 3687 1646 3760 Ἄλλως.
1669 3691 1789 3750 ὀπί-

256 3774 843 3855 σω-ἀκροπόλεωᾳῶς
861 3774 1137 3852 μέλλοντος
1157 3775 1397 3859 προϊέναι
1412 3782 1505 3837 τοῦ
1529 3773 1787 3840 Πλούτου.

254 3866 559 3920 Postrema
576 3858 971 3927 ὡς-Πλούτου
993 3883 1064 3921 ex
1089 3865 1309 3923 scholio
1328 3886 1386 3924 v.
1420 3865 1592 3942 1195.
1627 3903 1689 3915 -
1722 3885 1792 3923 io

255 3949 350 4019 τ’ἥς
389 3970 444 4005 κ.
472 3967 534 4010 π.
564 3947 779 4019 Ἀθηνᾶς
815 3962 947 4025 post
985 3951 1198 4017 διπλοῦς
1223 3953 1397 4036 τοῖχος
1435 3951 1707 4030 leguntur
1733 3954 1791 4011 in

260 4042 336 4097 V.
384 4036 457 4095 Θ.
499 4033 622 4094 Ald.
662 4039 1046 4114 Transposuit
1074 4039 1361 4100 Meua-sius
1399 4044 1559 4099 Cecr.
1602 4062 1653 4100 c.
1693 4042 1787 4097 26.

262 4123 473 4202 Regius
503 4144 519 4181 2
552 4122 682 4182 Ὀπ.
706 4146 756 4182 τ.
784 4146 829 4182 ν.
858 4123 953 4194 τῆς
992 4123 1096 4184 Ἀθ.
1127 4121 1261 4204 ἔνι-ᾔ
1289 4123 1566 4207 ἀκροπόλει
1584 4128 1794 4186 διπλοῦν

261 4203 326 4283 ἦν
350 4218 523 4290 τεῖχος
550 4207 673 4290 ἔχον
717 4207 906 4288 θύραν,
940 4207 1073 4268 ὅπου
1104 4199 1169 4284 ἦν
1214 4211 1276 4270 τὸ
1320 4216 1438 4283 θησ.
1476 4216 1581 4271 τῶν
1609 4216 1795 4271 κοινῶν

261 4293 574 4378 χρημάτων.
603 4295 694 4354 καὶ
745 4298 983 4356 ἐκαλεῖτο
1004 4299 1158 4355 τοῦτο
1185 4297 1549 4377 ὀπισθόδομος.
1578 4301 1648 4367 ὣς
1673 4305 1796 4378 γοῦν

264 4382 554 4463 χρημάτων
577 4391 813 4462 ταμιεῖον
840 4384 982 4461 λέγει
1013 4386 1182 4442 ἐκεῖσε
1206 4384 1454 4468 πρότερον
1489 4387 1799 4469 ἐγκαθιδρῦ-

246 4478 388 4531 ’σθαι
427 4471 515 4530 τὸν
542 4471 814 4544 Πλοῦτον,
856 4471 945 4531 καὶ
972 4477 1062 4532 νῦν
1095 4463 1238 4541 αὖθις
1266 4476 1374 4533 ἐκεῖ
1400 4473 1558 4558 φησὶν
1584 4475 1800 4553 ἐγκαθι-

268 4557 491 4640 δρύσειν.
522 4596 583 4608 -
612 4579 682 4616 12
707 4557 887 4630 ἐπειδὴ
913 4563 982 4619 R.
1014 4559 1145 4618 ΑΜ.
1176 4559 1453 4623 ἀπέκειντο
1468 4563 1538 4622 Θ.
1565 4561 1725 4642 μέσον
1746 4562 1802 4621 81

271 4643 543 4703 Ald.-13
564 4644 678 4704 ἐστι
706 4665 824 4703 0111.
848 4649 919 4704 V.
949 4643 1070 4704 ἔνθα
1093 4646 1205 4706 ἐστὶ
1233 4653 1302 4709 R.
1324 4688 1386 4700 --
1414 4660 1480 4719 14
1512 4663 1645 4728 post
1678 4656 1803 4710 ναοῦ

272 4729 463 4809 pergit
489 4729 562 4790 Θ.
593 4744 651 4791 et
680 4731 812 4793 Ald.
832 4735 986 4792 τοῦτο
1021 4731 1076 4792 δὲ
1108 4723 1250 4794 εἶπεν
1277 4739 1346 4802 ὣς
1370 4733 1647 4813 ιῖἑλλοντος
1673 4761 1803 4822 προ-

269 4814 407 4874 ϊέναι
439 4821 529 4876 τοῦ
564 4816 824 4878 Πλούτου.
872 4820 949 4899 (v.
988 4821 1191 4900 1195.)
1223 4819 1341 4881 ἀλλ’
1367 4822 1804 4885 ἐκδότω-Φυλ-

271 4903 405 4962 λίου.
429 4901 500 4962 ἵν’
525 4902 662 4985 ἔχων
681 4910 893 4988 προηγῇ
914 4911 991 4990 τῷ
1010 4911 1111 4989 θεῷ
1137 4933 1152 4968 :
1182 4913 1275 4982 τῆς
1300 4909 1806 4992 Ἀθηνᾶς-ἐπανη-
