3859 5725
418 356 485 399 ιν
1768 336 2170 399 PRAEFA‘no

419 471 658 550 puerilis
697 471 1074 531 institutionis
1114 490 1313 530 caussa
1361 470 1615 530 scribere
1659 467 1946 543 solebant,

419 559 576 618 velut
601 557 674 617 de
695 559 1126 618 constructione
1156 557 1335 617 verbi·
1363 566 1672 638 κατηγορεῖν
1706 558 1777 616 ad
1801 558 1946 614 Plut.

420 665 569 723 919,
614 644 689 705 de
732 645 915 705 verbo
950 647 1092 724 ὀχεῖν
1121 645 1192 703 ad
1215 651 1355 705 Rau.
1389 648 1500 719 23,
1551 647 1624 706 de
1651 632 1952 705 Centauris

419 735 560 793 ibid.
591 736 1064 794 38.G10ssemata
1093 734 1480 792 interlinearia
1502 733 1737 811 copiosa
1755 731 1951 803 habet,

419 842 546 900 quae
599 822 670 881 ad
715 822 947 880 Plutum
990 820 1348 898 frequentius
1396 841 1567 896 quam
1611 820 1680 877 ad
1734 832 1952 876 ceteras

422 907 643 967 fabulas
666 909 915 987 apposui
934 953 948 978 ‚
977 928 1305 985 quanquam
1343 908 1401 965 in
1425 909 1516 965 his
1544 927 1777 985 quoqne
1806 905 1949 963 nihil

420 997 588 1055 omisi
609 998 767 1076 quod
799 994 916 1054 ullo
942 996 1117 1053 modo
1143 998 1283 1055 utile
1303 1016 1427 1054 esse
1451 1011 1663 1073 posset.
1694 1000 1759 1052 Iu
1782 995 1952 1052 Pluto

421 1104 537 1142 non
557 1105 765 1163 pauca,
786 1104 916 1161 quae
931 1085 1397 1142 Hemsterhusius
1421 1103 1494 1141 ex
1511 1084 1629 1141 suis
1652 1081 1953 1140 codicibus

425 1173 614 1232 minus
641 1173 960 1232 emendatis
988 1170 1281 1245 ediderat,
1313 1172 1541 1230 correxi
1564 1183 1624 1229 et
1656 1171 1955 1239 nonnulla,

422 1280 554 1339 quae
581 1263 663 1320 illi
691 1260 1118 1339 inexplicabilia
1148 1260 1533 1333 videbantur,
1581 1258 1956 1318 Laurentiani

423 1349 558 1409 libri
605 1369 719 1428 ope
763 1349 1054 1426 expedivi.
1106 1348 1405 1408 vocabula
1446 1347 1955 1406 Graeco-barbara

423 1438 533 1495 aevi
557 1436 728 1515 longe
756 1458 927 1514 quam
963 1440 1267 1496 Ravennas
1290 1449 1348 1496 et
1372 1442 1628 1495 Venetus
1671 1433 1957 1492 inferioris

424 1527 639 1605 passim
675 1526 879 1599 infert,
914 1538 980 1585 ut
1008 1524 1288 1608 τριτζέριον
1323 1526 1398 1585 ad
1427 1527 1572 1585 Plut.
1607 1544 1715 1598 ¹7²
1737 1570 1752 1598 ,
1777 1537 1835 1583 et
1864 1526 1959 1593 ζα-

425 1613 746 1693 ρομάγουλον
778 1613 919 1674 ibid.
951 1617 1083 1675 266.

505 1702 893 1760 Laurentiano
922 1703 1103 1761 altero
1124 1704 1231 1783 (Γ.)
1263 1724 1400 1762 usus
1427 1725 1555 1763 sum
1583 1702 1654 1761 ad
1677 1700 1960 1760 Ecclesia-

423 1807 607 1849 zusas.
651 1795 912 1849 Lacunas
941 1790 1114 1850 habet
1142 1812 1258 1849 non
1299 1812 1507 1870 paucas
1535 1805 1593 1849 et
1623 1790 1763 1848 nihil
1804 1809 1958 1867 prae-

425 1876 555 1936 buit
590 1878 749 1955 quod
770 1898 889 1936 non
926 1900 960 1937 e
1001 1885 1338 1938 Ravennate
1370 1881 1490 1959 peti
1537 1880 1808 1958 potuerit.
1859 1884 1962 1936 Est

424 1966 759 2024 chartaceus
785 1966 964 2025 seculi
992 1970 1183 2045 quarti
1202 1967 1428 2027 decimi.
1457 1972 1660 2025 Insunt
1685 1976 1960 2044 praeterea

426 2053 636 2112 sabulae
657 2054 915 2133 quinque
934 2099 951 2126 ,
980 2055 1081 2114 sed
1105 2058 1244 2134 ipsae
1275 2073 1507 2134 quoque
1531 2057 1673 2114 locis
1699 2055 1963 2133 plurimis

427 2140 700 2211 desectae,
739 2143 1132 2201 Acharnenses
1155 2187 1173 2219 ‚
1217 2144 1483 2221 Equites,
1518 2151 1701 2213 Aves,
1740 2147 1960 2219 Vespae‚

428 2232 550 2286 Pax
575 2273 592 2300 ,
654 2248 794 2286 cunr
842 2230 1194 2288 scholiorum
1258 2232 1547 2307 excerptis
1595 2229 1962 2287 vitiosissime

429 2318 660 2395 scriptis
698 2329 757 2375 et
800 2316 943 2374 nihil
979 2338 1221 2396 usquam
1249 2318 1389 2377 boni
1436 2317 1962 2396 suppeditantibus,

430 2405 590 2479 quod
632 2424 749 2462 non
797 2423 867 2462 ex
912 2401 1073 2462 libris
1118 2404 1545 2483 antiquioribus
1578 2404 1653 2463 ab
1696 2424 1786 2463 me
1815 2408 1963 2462 sumi

433 2491 708 2569 potuerit.

511 2579 953 2639 mediolanensis
1001 2582 1157 2657 (M.)
1209 2580 1596 2659 bombycinus
1654 2594 1740 2641 est
1787 2582 1963 2640 seculi

429 2669 619 2746 quarti
667 2667 893 2725 decimi.
959 2674 1164 2728 Insunt
1201 2672 1441 2745 Plutus,
1499 2671 1728 2743 Nubes,
1769 2677 1964 2744 Ranae,

431 2758 666 2833 Equites
687 2801 704 2831 ,
737 2762 888 2814 Aves
924 2778 1055 2816 cum
1084 2760 1371 2836 excerptis
1398 2761 1751 2818 scholiorum
1789 2761 1965 2819 modo

432 2844 813 2925 amplioribus
855 2846 1028 2905 modo
1060 2845 1460 2922 brevioribus,
1494 2871 1564 2907 ex
1600 2848 1812 2927 quibus
1850 2871 1964 2925 po-

434 2936 638 2994 tiorem
682 2935 946 2994 lectionis
988 2936 1380 2996 diversitatem
1422 2938 1495 2996 ad
1527 2942 1714 2996 Ranas
1758 2938 1963 2995 attuli:

432 3042 503 3080 ex
535 3043 646 3101 qua
669 3023 1019 3100 intelligetur
1038 3024 1298 3083 codicem
1322 3028 1585 3103 quamvis
1608 3027 1967 3085 emendatio·-

433 3131 555 3169 rem
588 3111 903 3189 exemplari
932 3111 1185 3184 Aldino,
1231 3126 1423 3172 tamen
1468 3115 1798 3174 inferiorem
1843 3137 1967 3175 esse

435 3206 773 3259 Ravennate
787 3206 1128 3277 Venetoque
1147 3214 1204 3259 et
1221 3202 1359 3259 nihil
1382 3204 1520 3262 utile
1534 3203 1793 3282 praebere
1808 3205 1967 3283 quod

436 3291 554 3347 non
581 3289 658 3347 sit
687 3287 761 3346 ab
783 3288 893 3345 illis
923 3286 1084 3347 libris
1111 3303 1476 3367 occupatum.

514 3376 817 3436 Proximus
839 3388 971 3453 post
990 3375 1169 3434 libros
1189 3378 1435 3455 scriptos
1463 3378 1621 3437 locus
1644 3380 1838 3439 Suidae
1858 3380 1965 3439 de-

437 3466 625 3535 betur,
646 3464 744 3541 qui
767 3483 1029 3540 magnam
1047 3464 1396 3522 scholiorum
1414 3480 1636 3543 partem
1663 3468 1718 3524 in
1741 3468 1966 3526 lexicon

437 3573 604 3612 suum
635 3551 946 3622 transtulit,
971 3550 1305 3625 codicibus,
1341 3565 1405 3610 ut
1426 3573 1582 3612 nunc
1606 3555 1967 3613 manifestum

439 3643 521 3714 fit,
544 3659 683 3697 usus
716 3639 816 3716 qui
836 3639 1154 3695 Ravennati
1185 3644 1523 3717 venetoque
1548 3641 1819 3700 simillimi
1848 3643 1971 3700 fue-

440 3742 609 3787 runt:
635 3740 697 3785 ut
722 3746 839 3784 non
869 3726 1194 3784 mirandum
1223 3727 1298 3784 sit
1322 3728 1597 3785 lectiones
1625 3749 1810 3797 veras,
1840 3750 1969 3807 quae

440 3818 631 3878 Suidae
657 3815 912 3892 propriae
936 3815 1084 3886 sint,
1124 3827 1253 3891 post
1282 3835 1556 3874 excussos
1584 3816 1657 3875 ab
1687 3818 1856 3877 uobis
1895 3820 1968 3876 li·-

439 3907 580 3964 bros
608 3904 736 3962 illos
765 3902 864 3959 vix
889 3914 974 3958 tot
991 3901 1247 3980 singulas
1270 3923 1567 3981 superesse
1594 3918 1737 3982 quot
1770 3918 1969 3964 cente-

439 4014 541 4052 nas
565 4012 638 4049 ex
669 4009 740 4048 eo
775 4002 970 4066 petere
1002 3989 1328 4065 potuissent
1359 3993 1588 4067 priores
1615 3993 1969 4051 scholiorum

440 4082 691 4140 editores
710 4123 728 4154 ,
755 4079 799 4135 si
828 4078 1107 4154 praeclaro
1132 4077 1245 4136 hoc
1273 4081 1523 4156 antiquae
1547 4081 1813 4139 lectionis
1842 4083 1972 4141 thc-

442 4188 615 4228 sauro
660 4165 993 4242 diligentius
1037 4166 1121 4224 uti
1176 4166 1503 4225 voluissent.
1572 4170 1735 4227 Licet
1796 4170 1974 4248 igitur

442 4257 608 4315 valde
645 4255 949 4313 imminuta
976 4272 1129 4311 nunc
1159 4255 1233 4311 sit
1259 4255 1451 4313 Suidae
1480 4257 1695 4316 utilitas
1719 4300 1735 4329 ‚
1785 4271 1973 4317 tamen

443 4365 635 4425 opcrae
668 4342 916 4422 pretium
946 4361 1069 4400 esse
1103 4344 1301 4419 putavi
1338 4344 1642 4402 lectionem
1681 4346 1809 4422 ejus
1849 4346 1975 4424 ple-

376 4417 391 4436 ·
446 4451 690 4511 rumque
734 4445 1011 4490 annotare
1035 4475 1052 4507 ‚
1103 4452 1283 4509 quum
1341 4434 1654 4511 praesertim
1710 4437 1972 4494 nonnihil

444 4524 706 4584 conserat
722 4521 795 4578 ad
816 4520 1082 4579 codicum
1110 4534 1440 4580 nostrorum
1470 4523 1610 4581 vitia
1633 4524 1977 4601 corrigenda

444 4627 503 4671 et
529 4610 781 4670 vicissim
810 4629 883 4665 ex
925 4608 1067 4685 ipsis
1107 4607 1394 4667 interdum
1434 4610 1727 4670 emendari
1769 4616 1975 4691 possit,

446 4701 604 4762 velut
646 4719 691 4756 s.
729 4717 785 4754 v.
826 4695 1368 4775 ἐγκεκορδυλημένος,
1414 4697 1515 4757 ubi
1549 4702 1781 4777 Cypriae
1820 4705 1977 4759 vocis

447 4785 677 4872 κορδύλη
707 4785 865 4842 testis
888 4784 1132 4843 affertur
1158 4782 1346 4885 Κρέων
1371 4786 1425 4844 ἐν
1450 4784 1503 4844 α’
1528 4790 1633 4845 τῶν
1670 4790 1977 4870 ῥητορικῶν,

447 4875 607 4958 quod
653 4892 825 4932 nemo
866 4870 1157 4930 dubitabit
1201 4874 1341 4950 quin
1387 4893 1457 4931 ex
1503 4875 1720 4934 scholio
1754 4882 1978 4938 Veneto

446 4964 600 5027 Nnb.
643 4983 712 5019 ιο
737 4957 1136 5063 corrigendum
1163 4960 1242 5019 sit
1269 4963 1616 5041 Κυπριακῶν.

527 5061 685 5115 Inter
711 5050 893 5109 libros
914 5050 1063 5128 typis
1090 5050 1397 5127 impressos
1419 5052 1604 5129 prima
1626 5065 1713 5111 est
1728 5053 1977 5112 scholio·

452 5164 580 5206 rum
627 5140 805 5202 editio
846 5139 1051 5198 Aldina
1096 5159 1148 5199 a.
1200 5142 1348 5211 1498
1389 5160 1595 5200 novem
1650 5140 1977 5201 fabularum

2041 468 2215 545 (caret
2241 467 2390 526 enim
2415 467 3027 547 Thesmophoriazusis
3049 479 3107 525 et
3132 468 3466 545 Lysistrata)
3483 513 3500 542 ‚
3528 491 3567 532 a

2040 560 2234 614 Marco
2254 561 2495 614 Musuro
2516 557 2774 616 Cretensi
2804 567 3019 627 curata,
3048 557 3148 632 qui
3174 556 3285 614 hoc
3309 558 3367 614 in
3388 577 3573 635 opere

2038 641 2235 699 eadem
2266 656 2525 700 versatus
2557 654 2645 700 est
2686 642 2915 701 levitate
2957 663 3126 719 quam
3174 662 3247 700 ex
3285 644 3568 704 Athenaeo

2037 743 2095 788 et
2124 728 2408 805 Hesychio
2431 731 2679 808 turpiter
2701 731 2774 789 ab
2794 753 2865 790 eo
2891 732 3253 808 interpolatis
3277 735 3570 809 cognitam

2040 817 2335 877 habemus.
2385 824 2517 897 lpse
2541 820 2614 879 de
2637 841 2814 897 opera
2846 823 2902 879 in
2930 821 3166 879 scholiis
3193 819 3269 877 ab
3298 842 3358 878 se
3381 823 3573 897 posita

2040 907 2161 965 haec
2192 925 2376 983 pauca
2402 907 2636 965 tradidit
2677 911 2733 965 iu
2778 909 3111 987 praefatione
3156 930 3169 964 :
3208 935 3230 958 «ι
3250 908 3334 966 Τὰ
3367 907 3414 965 δ’
3438 912 3573 966 ὕπο-

2041 993 2295 1071 μνήματα
2320 993 2474 1053 ταυτὶ
2509 995 2598 1054 καὶ
2626 995 2785 1055 πόνου
2812 997 3009 1055 πολλοῦ
3042 996 3138 1053 καὶ
3183 995 3371 1076 χρόνου
3408 996 3577 1055 ἐδεῖτο

2042 1088 2264 1163 μακροῦ,
2300 1081 2348 1140 εἴ
2376 1106 2455 1150 τις
2479 1084 2613 1142 αὐτὰ
2625 1083 2754 1165 πρὸς
2779 1084 2840 1143 τὸ
2870 1086 3071 1164 βέλτιον
3091 1084 3352 1165 ἐγχειροίη
3370 1089 3576 1164 μεθαρ-

2044 1172 2309 1250 μόσασθαι
2356 1178 2560 1253 σχῆμα.
2614 1166 2688 1234 ὧν
2740 1176 2957 1257 θατέρου
3000 1174 3094 1254 μὲν
3137 1177 3577 1255 ἑπεκρατήσαμεν

2042 1260 2215 1320 καίτοι
2256 1260 2545 1342 κρείττονος
2581 1261 2617 1333 ἢ
2659 1262 2848 1345 φέρειν.
2895 1264 3018 1346 περὶ
3061 1265 3236 1324 στενὸν
3267 1264 3324 1323 δέ
3359 1288 3449 1342 μοι
3480 1284 3580 1322 κο-

2046 1350 2174 1427 μιδῆ
2204 1346 2270 1408 τὰ
2296 1355 2385 1407 τοῦ
2403 1347 2591 1429 χρόνου
2616 1349 2827 1422 συνέὸη.
2860 1355 2919 1411 οὐ
2950 1350 3051 1433 γὰρ
3084 1351 3238 1430 μόνον
3264 1350 3356 1417 τὰς
3383 1350 3580 1427 ἐξηγή-

2044 1459 2150 1501 σεις
2191 1435 2441 1517 συνείρειν
2482 1437 2925 1519 ἠργολαὸήσαμεν
2962 1438 3268 1520 πεφυρμένα
3307 1439 3471 1512 τέως,
3507 1442 3584 1505 ὥς

2044 1521 2160 1581 ἴστε
2191 1545 2292 1582 που
2321 1524 2412 1585 καὶ
2446 1524 2610 1597 αὐτοὶ,
2641 1524 2774 1583 ἀλλὰ
2804 1527 2893 1585 καὶ
2922 1527 3247 1594 τυπωθείσας
3271 1527 3373 1599 ἤδη
3400 1530 3584 1585 ἐπετε-

2044 1609 2327 1715 τρᾶμμεθα
2356 1612 2620 1692 διορθοῦν·
2655 1617 2708 1671 αἱ
2742 1613 2794 1671 δὲ
2832 1617 2937 1672 τῶν
2984 1616 3370 1697 χαλκογράφων
3400 1614 3583 1696 ἆμαρ-

2048 1699 2153 1755 τίαι
2187 1698 2388 1774 κάρηνά
2418 1702 2518 1758 εἰσι
2549 1701 2763 1781 λερναῖα
2790 1706 2884 1773 τῆς
2925 1704 3257 1783 παλιμφυοῧς
3287 1701 3441 1782 ὕδρας
3477 1725 3586 1762 πο-

2048 1784 2421 1870 λυπλοκώτερα
2475 1811 2566 1846 και
2613 1811 2708 1859 της
2744 1788 2924 1849 Ἰόλεω
2980 1789 3280 1871 ἐπικουρίας
3335 1790 3583 1867 δεόμενα.

2046 1869 2154 1953 ὅσῳ
2180 1874 2281 1979 γὰο
2311 1872 2670 1949 ἐξεκόπτομεν,
2690 1877 2887 1956 τοσῷδε
2911 1876 3117 1941 πλείους
3152 1881 3329 1953 ἡμῖν’
3301 1901 3488 1956 ανεφυο
3468 1901 3588 1937 ντο

2048 1965 2138 2018 τοῦ
2153 1962 2213 2018 τὸ
2235 1958 2331 2034 μὲν
2361 1961 2727 2036 μεταὸάλλειν,
2749 1962 2810 2022 τὸ
2833 1961 2890 2021 δὲ
2908 1963 3261 2042 προστιθέναι,
3276 1965 3336 2023 τὸ
3365 1965 3412 2022 δ’
3432 1967 3590 2044 α’,ραι-

2051 2051 2250 2128 ρεῐσθαι
2277 2051 2381 2106 τῶν
2402 2050 2674 2127 στοιχείων
2707 2050 2960 2131 ἀφορμαί.
2980 2080 3003 2104 ι»
3035 2052 3146 2110 Et
3129 2071 3187 2108 tn
3214 2053 3324 2110 fine
3346 2054 3590 2132 Avium,

2049 2162 2073 2188 e
2096 2135 2494 2218 Ἀριστοφάνους
2517 2139 2811 2218 κωμῳδιῶν
2838 2138 2968 2197 ἑπτὰ
2996 2140 3116 2216 (has
3143 2141 3302 2212 dicit,
3331 2142 3589 2217 Plutum,

2049 2224 2251 2284 Nubes
2275 2268 2291 2291 ,
2321 2232 2512 2284 Rauas
2533 2269 2548 2297 ,
2578 2227 2817 2304 Equites
2837 2271 2854 2299 ,
2884 2215 3279 2287 Acharnenses
3302 2274 3317 2301 ,
3346 2234 3590 2307 VespaS,

2052 2315 2223 2385 Aves)
2256 2312 2345 2372 καὶ
2372 2316 2476 2372 τῶν
2510 2316 2580 2379 εἷς
2600 2312 2759 2379 αὐτὰς
2785 2316 3011 2393 σχολίων
3046 2316 3282 2396 ἀρχαίοις
3313 2316 3594 2375 συντεθέν-

2051 2433 2155 2469 των
2188 2417 2580 2489 γραμματικοῖς
2604 2453 2619 2480 ,
2668 2408 2704 2467 ἃ
2741 2408 2805 2480 δὴ
2844 2410 3112 2492 σποράδην
3152 2413 3204 2469 ἐν
3251 2411 3592 2493 ἀντιγράφοις

2050 2496 2268 2574 κείμενα
2323 2495 2586 2601 διαφόροις
2635 2496 2727 2555 καὶ
2772 2496 3115 2578 πεφυρμένως
3149 2497 3477 2557 συνείλεκται(
3527 2522 3591 2558 τε

2052 2607 2143 2642 και
2183 2587 2256 2652 ὡς
2306 2576 2414 2642 οιόν
2462 2607 2492 2641 τ
2558 2576 2621 2654 ἦν
2672 2583 3061 2662 ἐπιμελέστατα
3108 2584 3399 2664 διώρθωται
3439 2586 3594 2666 παρὰ

2055 2669 2275 2751 Μάρκου
2292 2668 2600 2750 Μουσούρου
2626 2694 2715 2730 του
2739 2670 3007 2751 Κρητός.»
3040 2677 3119 2729 Μ·
3105 2672 3278 2749 tjoris
3306 2649 3592 2733 mo⁸meuti

2053 2772 2186 2816 sunt
2213 2779 2341 2836 quae
2381 2778 2453 2816 ex
2481 2758 2736 2817 editione
2777 2759 2902 2836 ipsa
2931 2779 3061 2817 cum
3101 2761 3314 2818 nostris
3344 2782 3593 2839 compa-

2054 2860 2179 2906 rata
2206 2845 2507 2905 codicibus
2534 2846 2726 2924 colligi
2753 2859 3013 2924 possunt.
3061 2852 3253 2926 Atque
3280 2848 3419 2907 illud
3451 2850 3591 2927 qui-

2054 2935 2183 2993 dein
2210 2936 2345 2993 satis
2366 2934 2727 2993 manifestum
2751 2948 2858 3007 est,
2882 2935 3108 3007 Aldum,
3128 2949 3192 2994 ut
3212 2929 3277 2995 in
3296 2938 3595 3016 plerisque

2054 3022 2325 3081 omnibus
2357 3024 2706 3100 scriptorum
2749 3022 3105 3081 editionibus
3147 3025 3359 3083 sactum
3399 3025 3476 3083 ab
3519 3045 3597 3085 eo

2055 3111 2348 3183 videmus,
2384 3112 2467 3168 ita
2496 3110 2905 3188 Aristophanis
2933 3131 3166 3188 quoque
3189 3132 3308 3170 non
3334 3126 3594 3172 vetustas

2053 3201 2435 3277 anquisivissc
2464 3198 2861 3270 membranas,
2911 3199 3011 3257 sed
3056 3200 3385 3259 recentibus
3415 3203 3593 3260 codi-

2056 3286 2221 3346 cibus
2256 3287 2576 3345 chartaceis
2598 3331 2613 3356 ‚
2644 3288 3013 3364 quamtumvis
3042 3288 3264 3346 vitiosis
3288 3333 3305 3361 ,
3349 3291 3435 3348 uti
3468 3309 3599 3348 ma-

2056 3378 2264 3448 luisse,
2306 3377 2404 3454 qui
2429 3377 2529 3434 vili
2569 3378 2758 3452 pretio
2803 3375 3004 3434 haberi
3032 3378 3393 3451 correctique
3421 3391 3599 3456 typo-

2057 3464 2229 3521 thetis
2254 3464 2399 3523 tradi
2429 3475 2683 3541 possent,
2723 3463 2875 3521 libro
2903 3475 3092 3521 autem
3121 3466 3275 3542 typis
3301 3466 3598 3543 exscripto

2059 3566 2328 3628 tanquam
2361 3552 2504 3609 nulli
2538 3548 2784 3627 amplius
2804 3552 2936 3608 usui
2961 3551 3138 3608 futuri
3166 3552 3594 3629 abjicerentur:

2057 3639 2210 3696 unde
2242 3638 2408 3697 facile
2444 3639 2722 3714 explicari
2750 3650 2942 3714 potest
2971 3638 3130 3715 quod
3160 3638 3445 3697 editiones
3485 3643 3597 3698 ΑΙ-

2057 3726 2224 3798 dinae,
2250 3727 2296 3785 si
2316 3728 2388 3785 ad
2410 3726 2639 3784 codices
2659 3727 2979 3802 exigantur,
3000 3746 3115 3783 non
3138 3739 3252 3783 tam
3277 3746 3409 3784 cum
3430 3725 3599 3785 libris

2057 3817 2299 3874 vetustis
2321 3836 2492 3893 quam
2515 3835 2645 3872 cum
2671 3816 2985 3873 chartaceis
3014 3815 3195 3872 infimi
3217 3816 3327 3873 aevi
3353 3835 3602 3872 consen-

2062 3904 2167 3960 tire
2184 3904 2572 3981 reperiuntur,
2600 3923 2705 3960 nec
2721 3901 3044 3961 mirandum
3072 3903 3439 3980 exemplaria,
3461 3904 3601 3980 qui-

2060 3990 2170 4049 bus
2204 3990 2388 4049 Aldus
2419 4011 2556 4050 usus
2585 4003 2671 4049 est
2693 4036 2710 4065 ,
2752 3993 2829 4049 ita
2855 3991 3158 4050 evanuisse
3186 4003 3251 4047 ut
3283 3991 3384 4047 vix
3410 4009 3598 4049 unum

2060 4079 2421 4156 alterumque
2442 4079 2772 4156 investigari
2798 4098 2832 4136 a
2850 4077 3098 4156 posteris
3124 4078 3412 4153 potuerit:
3436 4079 3597 4153 quod

2063 4168 2120 4224 in
2158 4166 2361 4226 codice
2390 4167 2662 4242 Hesychii
2709 4167 3009 4225 Marciano
3057 4166 3312 4243 propitia
3358 4165 3596 4223 fortuna

2059 4258 2287 4317 accidit.
2339 4257 2616 4316 Codicum
2660 4277 2797 4315 vero
2839 4256 3247 4334 Aristophanis
3291 4276 3323 4312 a
3358 4261 3598 4314 Musuro

2062 4366 2466 4425 expressorum
2488 4366 2666 4422 genus
2695 4344 2913 4421 duplex
2945 4343 3052 4400 fuit
3075 4367 3088 4400 :
3124 4344 3218 4400 alii
3245 4343 3400 4400 enim
3425 4343 3598 4401 scho-

2064 4436 2139 4496 lia
2167 4447 2360 4492 vetera
2386 4446 2523 4491 sunt
2563 4433 2891 4510 complexi,
2933 4432 3031 4489 alii
3066 4432 3597 4491 recentissimorum

2064 4523 2565 4599 grammaticorum
2591 4522 2991 4579 annotationes
3032 4518 3438 4597 praebuerunt,
3486 4541 3594 4578 co-

2065 4613 2346 4692 piosiores
2375 4610 2447 4668 ad
2473 4611 2721 4680 Plutum,
2746 4608 2961 4679 Nubes,
2990 4613 3201 4681 Ranas,
3227 4628 3356 4686 quae
3386 4608 3597 4667 fabulae

2066 4699 2457 4781 praeeuntibus
2503 4698 2892 4776 grammaticis
2931 4697 3261 4773 Byzantinis
3313 4710 3435 4754 tum
3479 4696 3600 4754 fere

2066 4789 2199 4848 solae
2253 4787 2484 4845 tractari
2527 4787 2585 4843 in
2627 4786 2840 4843 scholis
2882 4783 3183 4856 solebant,
3225 4784 3473 4841 rariores
3525 4782 3597 4841 ad

2067 4878 2316 4954 reliquas
2352 4875 2683 4933 comoedias.
2729 4878 2952 4931 Horum
2992 4870 3273 4929 librorum
3320 4870 3536 4928 scholia
3563 4889 3596 4927 a

2066 4971 2304 5023 Musuro
2347 4984 2464 5021 non
2507 4982 2638 5021 raro
2669 4964 2747 5019 ita
2782 4973 2917 5019 sunt
2965 4961 3361 5038 conglutinata
3415 4971 3479 5015 ut
3522 4957 3598 5015 ah

2067 5073 2185 5111 uno
2235 5051 2552 5128 eodemque
2599 5049 2974 5127 grammatico
3026 5051 3242 5125 scripta
3287 5045 3592 5103 videantur

2067 5160 2195 5218 quae
2229 5142 2542 5198 multorum
2570 5139 2897 5197 seculorum
2919 5137 3224 5195 intervallo
3251 5145 3383 5192 sunt
3407 5133 3598 5211 dispa-
