3859 5725
1460 284 1844 347 SCHOLIA
1896 287 1984 348 IN
2034 241 2275 354 AVES.

264 416 502 499 θηρεύειν
528 414 621 473 καὶ
644 414 1024 495 προκαλεῖσθαι
1049 413 1361 496 βοσκόμενα.
1384 418 1444 475 οὐ
1461 419 1583 499 περὶ
1604 422 1710 478 τῶν
1735 440 1831 481 κο-

3364 323 3480 376 235

2006 438 2125 481 1111.
2170 421 2293 501 [κᾶν
2319 425 2570 506 λαχόντες
2593 430 2827 510 ἀρχίδιον
2853 452 2870 494 z
2908 433 3351 521 Ὑποκοριστικῶς
3384 443 3481 516 τὴν

264 503 439 584 ψίχων
466 501 523 562 δὲ
558 507 742 576 τοῦτο,
785 503 899 562 ἐπεὶ
929 503 1228 581 δεδεμένους
1257 501 1320 563 ἂν
1348 495 1511 581 εἶπεν,
1554 506 1692 566 ἀλλὰ
1731 522 1833 586 με-
1870 464 1880 528 1
1919 508 2111 588 ἀρχήν.
2137 510 2414 572 διαὸάλλει
2439 511 2494 573 δὲ
2519 517 2707 586 αὐτοὺς
2736 523 2806 588 ὣς
2830 520 3116 604 ἅρπαγας.]

263 591 398 664 τέὸη
422 589 511 650 ἐπὶ
544 588 882 672 περιστερὰς,
900 589 936 662 ἢ
961 590 1199 671 φάττας.)

349 699 472 740 1087.
516 676 797 760 θηράσατε.
818 689 877 738 Β.

211 790 239 829 ο
349 787 475 828 1088.
515 764 793 848 [εὔδαιμον
817 767 976 848 φῦλον
1006 787 1020 827 :
1054 766 1128 827 ‘11
1150 766 1359 848 ἀντῳδὴ
1394 769 1488 827 καὶ
1516 767 1830 851 ἅντιστροφὴ

266 852 424 932 ὁμοία
444 853 556 913 ἐστὶ
572 859 640 934 τῇ
655 855 766 935 ᾠδῇ
794 852 884 913 καὶ
903 859 1123 936 στροφῇ.
1150 856 1242 914 καὶ
1256 855 1392 930 αὕτη
1415 856 1518 939 γὰρ
1536 855 1721 917 κώλων
1739 857 1831 916 καὶ

267 940 464 1021 στίχων
478 941 589 1000 ἐστὶ
615 944 696 1001 ιδ’.
711 940 804 999 καὶ
816 938 886 999 τὰ
902 939 997 1019 μὲν
1020 941 1434 1021 ἔχειδακτυλικὰ
1449 943 1701 1024 ἰσόμετροι
1723 946 1831 1011 τοῖς

266 1008 497 1106 ἐκείνης,
529 1027 597 1088 τὰ
630 1027 685 1088 δὲ
707 1027 971 1087 παιωνικὰ
1005 1030 1395 1109 ἐπιμεμιγμένα
1423 1040 1709 1113 κρητικοῖς.
1741 1031 1830 1091 ἐπὶ

265 1121 343 1198 τῷ
357 1116 498 1175 τέλει
514 1119 573 1176 αἱ
587 1116 821 1188 συνήθεις
834 1118 926 1176 δύο
938 1119 1120 1177 διπλαῖ
1134 1116 1232 1186 ἔξω
1245 1118 1586 1200 νενευκυῖαι.]
1607 1124 1660 1181 ἐν
1687 1120 1829 1200 σχή-

190 1222 240 1262 10
266 1227 398 1284 ματι
433 1203 640 1285 εἴρηται
659 1209 689 1264 ὀ
730 1203 910 1284 λόγος,
957 1204 1204 1282 εὔδαιμον
1245 1209 1424 1288 φῦλον,
1467 1206 1517 1266 οἱ
1554 1212 1828 1288 χειμῶνος.

264 1292 396 1375 πρὸς
424 1292 528 1373 γὰρ
559 1291 622 1351 τὸ
651 1292 1035 1372 σημαινόμενον
1063 1300 1154 1353 τοῦ
1184 1293 1348 1375 φύλου
1386 1296 1734 1369 πληθυντικὸν
1771 1294 1827 1356 ὂν

263 1377 298 1438 l
330 1403 367 1451 η
394 1378 456 1438 τὸ
482 1377 549 1439 οἵ.

294 1402 329 1461 φ
348 1487 471 1528 1030.
514 1469 610 1527 οὔκ
633 1467 1023 1549 ἀμφιέννυνται.
1053 1480 1113 1528 R.

347 1584 469 1628 1091.
511 1566 620 1626 οὐδ’
648 1557 716 1625 αὗ
735 1564 902 1648 θερμὴ
939 1585 955 1628 :
992 1566 1147 1635 Τινὲς
1180 1567 1240 1626 τὸ
1270 1566 1486 1646 πνίγους
1515 1566 1655 1627 κατὰ
1691 1591 1829 1647 γενι-

188 1673 238 1715 16
262 1652 366 1726 κήν
388 1653 571 1736 φάσιν,
597 1653 687 1713 ἵνα
710 1645 777 1735 ᾖ,
810 1652 927 1713 οΰδὲ
961 1658 996 1726 ἠ
1041 1652 1220 1738 θέρους
1266 1655 1529 1736 θερμασία
1572 1653 1828 1715 ἐπίκειται

262 1746 480 1892 &9²:6⁹⁴-
533 1828 743 1912 φύλλων
789 1830 845 1888 έν
898 1830 1155 1898 κόλποιςε
1191 1829 1366 1935 Ὦσεὶ-
1391 1829 1567 1909 ἔλεγεν
1610 1828 1712 1913 ὑπὸ
1760 1829 1830 1890 τδι

264 1920 467 2067 witz.
508 2008 538 2064 ὁ
561 2004 731 2075 τέττιξ
757 2006 1015 2079 δηλονότι.
1058 2006 1180 2088 τρία
1205 2004 1260 2065 δὲ
1293 2005 1420 2085 γένη
1461 2004 1733 2085 τεττίγων,
1771 2008 1827 2064 αἱ

184 2117 236 2159 w
263 2093 363 2172 μὲν
389 2093 492 2174 γὰρ
527 2092 720 2173 ἀχέται
751 2095 843 2154 καὶ
879 2094 1114 2176 ἄρσενες,
1145 2098 1200 2153 αἱ
1239 2093 1294 2153 δὲ
1324 2097 1597 2176 κερκῶπαι
1637 2096 1693 2152 αἱ
1734 2092 1829 2165 θή-

262 2185 404 2241 λειαι
419 2226 437 2259 ,
462 2182 636 2263 ἕτερον
667 2183 723 2240 δὲ
750 2181 896 2261 γένος
924 2182 1089 2262 σίγιον
1117 2185 1360 2242 καλεῖται
1386 2180 1534 2264 παρὰ
1564 2180 1662 2256 τὴν
1694 2205 1824 2241 σιω-

259 2267 482 2417 ”4¹:001
507 2356 616 2439 [ὑφ’
631 2354 772 2434 ἡλίῳ
794 2355 975 2430 μανεὶς
993 2380 1009 2422 2
1028 2357 1296 2440 Τέρπεται
1315 2322 1417 2442 γὰρ
1441 2357 1532 2418 καὶ
1560 2356 1826 2437 ἐπιμαίνε-

258 2467 352 2504 ται
377 2448 454 2525 τῷ
471 2444 607 2524 ἡλίῳ
629 2448 658 2502 ὁ
684 2438 896 2515 τέττιξι]

180 2568 232 2609 115
348 2561 468 2602 1000.
511 2539 708 2621 ἐαρινά.
734 2552 793 2600 R.
812 2552 871 2599 V.
891 2540 1146 2623 παρθένια
1183 2564 1200 2603 t
1227 2542 1347 2619 (Διά
1367 2542 1425 2602 τὸ
1450 2544 1712 2621 ἐπιμελῶς
1733 2539 1828 2609 τὰς

258 2636 514 2707 γυναῖκας
539 2627 744 2696 καὶτὰς
762 2628 1063 2711 παρθένους)
1087 2628 1155 2689 τὰ
1186 2630 1360 2713 μύρτα
1383 2630 1586 2691 ἐσθίειν.
1620 2628 1828 2709 (λευκό-

258 2737 430 2796 τροφα
458 2713 542 2787 δὲ,
575 2714 691 2773 ἀντὶ
722 2720 833 2793 τοῦ)
862 2715 1025 2775 λευκὰ
1059 2716 1152 2776 καὶ
1179 2717 1432 2801 τρυφερά.
1463 2724 1684 2778 τοιαῦτα
1721 2716 1825 2798 γάρ

260 2806 367 2863 εἰσι
391 2802 555 2882 μήπω
578 2803 927 2865 πεπανθέντα.

346 2920 468 2960 1100.
511 2898 625 2959 ἀντὶ
652 2906 745 2960 τοῦ
774 2902 1174 2985 κεχαριτωμένα
1198 2902 1346 2978 ἄνθη.
1381 2924 1440 2973 R.
1463 2923 1527 2970 V.
1554 2902 1828 2974 πλεονάζει

177 2986 566 3054 εοδὲὁτέ.Ὓ.

346 3103 468 3145 1102.
512 3084 618 3152 τοῖς
651 3085 854 3167 κριταῖς
889 3105 903 3145 :
947 3085 1215 3155 Πολλάκις
1249 3090 1303 3147 ἐν
1331 3098 1447 3157 ταῖς
1485 3088 1827 3171 παραὸάσεσι

257 3169 354 3231 καὶ
382 3174 432 3230 οἱ
463 3171 679 3243 ποιηταὶ
717 3171 932 3252 λέγουσι
966 3172 1086 3233 τινὰ
1117 3177 1188 3242 εἰς
1215 3174 1283 3234 τὰ
1319 3181 1518 3238 ἑαυτῶν
1549 3177 1824 3260 χρήσιμα,

257 3257 348 3318 διὰ
365 3266 460 3318 τοῦ
478 3265 692 3340 χορικοῦ
707 3259 989 3342 προσώπου
1000 3304 1017 3333 ,
1031 3263 1101 3328 ὡς
1118 3267 1205 3320 νῦν
1225 3262 1351 3344 πρὸς
1367 3264 1484 3332 τοὺς
1498 3264 1673 3347 κριτὰς
1694 3268 1828 3324 ἀπο-

254 3347 419 3406 τείνει
451 3346 540 3405 τὸν
573 3345 746 3428 λόγον,
774 3345 919 3416 ὅπως
959 3346 1023 3407 ἂν
1055 3351 1199 3433 αὐτῷ
1237 3350 1573 3434 ψηφίσωνται
1609 3353 1706 3426 τὴν
1744 3353 1827 3413 νί-

175 3459 229 3498 35
257 3456 383 3495 κτν.

318 3473 467 3580 Ι1104.
509 3520 692 3603 πολλῶ
725 3526 829 3580 τῶν
866 3522 1201 3606 Ἀλεξάνδρου
1244 3547 1259 3587 :
1295 3529 1407 3586 Τοῦ
1452 3526 1714 3607 Πάριδος,
1752 3519 1825 3587 ὧν

255 3608 422 3668 ἔλαὸε
453 3607 602 3690 παρὰ
632 3609 948 3691 Ἀφροδίτης.
979 3611 1087 3671 ἀπὸ
1110 3619 1285 3672 κοινοῦ
1319 3614 1376 3673 δὲ
1403 3613 1464 3674 τὸ
1480 3614 1741 3694 δώσομεν.

348 3724 472 3766 1100.
523 3707 765 3784 (γλαῦκες
799 3707 977 3786 ὕμᾶςτ
1016 3708 1151 3770 Ἀντὶ
1180 3716 1273 3770 τοῦ
1295 3710 1622 3790 νομίσματα.
1651 3717 1686 3785 ἡ
1722 3713 1825 3794 γὰρ

253 3790 428 3871 γλαὺξ
450 3793 623 3873 ὅρνεόν
644 3794 783 3853 ἐστιν
812 3794 1045 3867 Ἀθηνᾶς.
1071 3795 1201 3877 ὅπερ
1225 3797 1362 3858 πάνυ
1387 3804 1642 3878 τιμῶντες
1667 3802 1816 3874 Ἀθη·

172 3883 228 3939 40
255 3890 402 3940 ναῖοι
437 3880 525 3940 διὰ
544 3878 640 3953 τὴν
665 3881 798 3954 θεὸν,
829 3884 882 3940 ἓν
913 3888 1021 3950 τοῖς
1045 3886 1460 3968 τετραδράχμοις
1504 3889 1824 3971 ἐνεχάραξαν

249 3968 603 4048 νομίσμασιν.
632 3968 916 4029 αἰνίττεται
951 3970 1125 4032 δὲκαὶ
1162 3977 1235 4042 εἷς
1272 3975 1333 4034 τὸ
1369 3976 1686 4059 φιλάργυρον
1721 3983 1825 4063 τῶν

260 4055 577 4128 Ἀθηναίων.
698 4054 920 4126 Ἄλλως.
969 4064 1004 4130 ἡ
1040 4061 1204 4140 γλαὺξ
1254 4062 1342 4122 ἐπὶ
1387 4065 1732 4145 χαράγματος
1760 4059 1824 4139 ἦν

247 4143 665 4226 τετραδράχμου
686 4188 702 4217 ,
723 4147 793 4212 ὥς
816 4145 1131 4228 Φιλόχορος.
1174 4150 1368 4224 ἐκλήθη
1402 4151 1457 4211 δὲ
1495 4152 1554 4212 τὸ
1588 4153 1824 4231 νόμισμα

248 4232 314 4291 τὸ
341 4229 746 4313 τετράδραχμον
785 4233 902 4292 τότε
928 4239 962 4306 ἡ
995 4236 1180 4314 γλαύξ.
1212 4229 1278 4311 ἦν
1309 4238 1413 4321 γὰρ
1440 4239 1604 4319 γλαὺξ
1639 4241 1827 4315 ἐπίση-

53 4339 58 4346 ’
163 4342 220 4383 4⁶
251 4344 358 4399 μον
389 4319 487 4378 καὶ
504 4318 786 4400 πρόσωπον
814 4320 1029 4396 Ἀθηνᾶ,
1075 4328 1179 4383 τῶν
1220 4327 1486 4408 προτέρων
1516 4328 1822 4410 διδράχμων

247 4410 441 4481 ὄντων,
468 4406 725 4485 ἔπίσημόν
743 4432 802 4468 τε
833 4412 956 4489 βοῦν
982 4410 1250 4495 ἐχόντων.)
1291 4449 1361 4461 -—
1386 4416 1501 4476 ἐπεὶ
1525 4419 1579 4477 ἰν
1606 4419 1824 4501 Δαυρίῳ

248 4495 506 4577 μέταλλα
533 4487 596 4570 ἦν
626 4493 875 4580 ἀργυρίου
905 4497 1165 4572 Ἀθήνησι.
1193 4515 1255 4563 V.

343 4613 473 4653 1103.
514 4591 836 4675 κάκλέψουσι
862 4596 1023 4655 ῑΔέον
1048 4600 1210 4657 εἰπεῖν
1238 4599 1328 4658 καὶ
1359 4600 1646 4662 λεπίσουσι.
1673 4605 1826 4665 λεπί-
1861 4633 1870 4685 q

245 4685 448 4753 ζουσαι
480 4678 581 4762 γὰρ
603 4678 665 4739 τὸ
697 4681 801 4763 ᾠὸν
826 4681 1101 4764 ἐκφέρουσι
1123 4684 1189 4743 τὰ
1211 4686 1437 4749 νεόττια.

157 4799 220 4838 ου
335 4797 467 4838 1110.
509 4774 761 4858 ἐρέψομεν
793 4798 808 4838 :
844 4777 949 4838 Διὰ
981 4779 1049 4839 τὰ
1094 4784 1148 4839 ἐν
1180 4785 1288 4849 τοῖς
1325 4792 1470 4853 ναοῖς
1518 4786 1823 4866 ἀετώματα.

245 4864 373 4924 ἀντὶ
402 4868 498 4923 τοῦ
517 4863 842 4943 στεγάσομεν
869 4866 998 4949 πρὸς
1018 4868 1325 4947 ἀετώματα.
1357 4871 1580 4954 τὰς’γὰρ
1608 4881 1711 4935 τῶν
1748 4883 1822 4937 tc·

247 4956 361 5034 ρῶν
393 4950 584 5029 στέγας
601 4951 775 5033 πτερὰ
795 4953 888 5013 καὶ
907 4955 1387 5034 ἄετοὺς,καλοῦσιν,
1410 4958 1483 5028 ὥς
1505 4984 1664 5044 φησιν
1695 4963 1825 5027 Ἴων

247 5044 305 5112 ἐν
340 5039 711 5120 Ἀγαμέμνονι.

2002 617 2124 658 1112.
2172 597 2289 669 ὀξὺν
2326 603 2624 683 ἱερακίσκον
2660 627 2676 667 :
2715 606 2855 668 Ἀντὶ
2888 617 2979 670 τοῦ
3012 613 3258 694 ἁρπαγὴν
3292 617 3480 688 ὀξεῖαν.

1919 682 2174 762 Δίδυμος,
2201 687 2364 769 τάχος
2384 693 2456 758 ὡς
2478 690 2716 773 ἱέρακος,
2742 693 2829 754 ἵνα
2853 698 3058 777 ταχέως
3074 700 3232 783 φύγῃ.

2001 792 2122 832 1113.
2168 781 2536 856 πρηγορεῶνας
2565 799 2579 839 :
2601 781 2829 861 Δίδυμος
2846 784 2963 853 τοὺς
2983 788 3236 869 βράγχους
3257 794 3360 851 τῶν
3384 795 3478 874 ὀρ-
3507 812 3533 851 5

1916 856 2044 916 νέων
2068 860 2258 941 κυρίως
2288 864 2404 930 τοὺς
2430 866 2739 944 λεγομένους
2768 871 3061 948 προλόὸους
3079 919 3094 946 ,
3123 876 3204 935 ὅτι
3230 879 3480 960 συλλέγε-

1915 968 2004 1004 ται
2028 949 2082 1005 ἐν
2113 952 2288 1017 αὐτοῖς
2313 950 2381 1010 τὰ
2422 953 2582 1015 σιτία.
2608 956 2818 1036 λέγεται
2853 959 2909 1018 δὲ
2950 961 3043 1020 καὶ
3070 965 3156 1022 ἐπὶ
3195 966 3481 1047 ἀνθρώπων

1916 1035 2224 1115 πρηγορεὼν
2244 1038 2406 1099 πάλιν
2422 1044 2451 1099 ὃ
2476 1042 2716 1124 βρόγχος.
2744 1045 2988 1129 ἑκάτερον
3007 1048 3063 1109 δὲ
3082 1052 3187 1111 ἀπὸ
3214 1060 3303 1112 τοῦ
3318 1077 3482 1136 προα-

1915 1121 2132 1202 θροίζειν
2162 1126 2270 1183 ἐκεῖ
2296 1126 2394 1200 τὴν
2417 1131 2633 1210 τροφήν.

2006 1230 2130 1271 111⁴.
2177 1210 2239 1271 ἂν
2260 1212 2314 1272 δὲ
2339 1213 2415 1292 μὴ
2440 1217 2649 1298 κρίνητε
2676 1239 2692 1279 :
2726 1219 2857 1280 Ἐὰν
2898 1222 2952 1282 δὲ
2994 1224 3067 1303 μὴ
3100 1231 3241 1304 ἡμᾶς
3273 1228 3481 1311 κρίνητε
3512 1252 3561 1291 10

1915 1305 2084 1370 νικᾶν,
2106 1300 2341 1360 ἐπίθεσθε
2359 1301 2538 1386 ὥσπερ
2567 1308 2615 1364 οἱ
2641 1307 2938 1388 ἀνδριάντες
2964 1312 3247 1390 μηνίσκους
3268 1318 3354 1376 ἐπὶ
3368 1328 3484 1388 ταῖς

1914 1388 2186 1466 κεφαλαῖς.
2220 1395 2427 1449 ποιοῦσι
2464 1389 2566 1473 γὰρ
2595 1392 2750 1469 ἔνιοι,
2779 1395 2917 1456 ὥστε
2956 1398 3030 1476 μὴ
3060 1402 3384 1483 ἐφάπτεσθαι
3415 1407 3484 1467 τὰ

1914 1471 2089 1550 ὄρνεα.
2213 1474 2431 1545 Ἄλλως.
2477 1479 2788 1556 μηνίσκους,
2824 1486 3184 1566 σκεπάσματα
3219 1492 3340 1570 (τῶν
3385 1496 3483 1553 ἀν-

1915 1558 2188 1639 δριάντων)
2204 1607 2221 1636 ,
2245 1562 2382 1645 ἅπερ
2401 1565 2693 1626 ἐπιτιθέασι
2715 1578 2832 1638 ταῖς
2845 1574 3099 1653 κεφαλαῖς
3120 1580 3223 1635 τῶν
3240 1580 3481 1662 ἀνδριάν-

1912 1670 2019 1705 των
2049 1647 2137 1707 διὰ
2159 1650 2220 1710 τὸ
2241 1651 2315 1729 μὴ
2340 1655 2634 1714 ἀποπατεῖν
2666 1657 2785 1717 κατ’
2809 1661 2982 1720 αὐτῶν
3018 1662 3086 1722 τὰ
3120 1665 3294 1747 ὄρνεα.
3325 1669 3481 1748 φησὶν
3514 1688 3561 1728 15

1914 1724 2023 1807 οὗν,
2049 1733 2129 1795 ὅτι
2165 1736 2428 1819 μέλλομεν
2461 1746 2607 1821 ὑμῶν
2645 1757 2990 1808 καταπατεῖν.
3029 1786 3109 1798 -
3146 1756 3484 1816 κατασκευά-

1915 1843 2063 1883 σατε.
2088 1835 2149 1881 V.

1997 1930 2121 1971 1115.
2166 1911 2368 1993 [μήνην
2398 1936 2412 1976 :
2444 1917 2733 1989 Μηνίσκον.
2756 1919 2899 2002 μήνη
2932 1921 3035 2005 γὰρ
3061 1925 3248 2009 ἔοικε]

2012 2016 2132 2057 1118.
2176 1998 2273 2080 [τὰ
2298 2000 2394 2078 μὲν
2425 2001 2520 2085 ἱέρ’
2545 2009 2672 2084 ἡμῖν
2710 2027 2726 2067 :
2760 2010 2997 2089 Κορωνὶς
3026 2013 3288 2073 εἰσιόντων
3340 2006 3483 2085 αὖθις

1913 2086 2019 2141 τῶν
2061 2088 2375 2167 ὑποκριτῶν.
2407 2094 2454 2149 οἱ
2486 2091 2541 2150 δὲ
2571 2093 2745 2174 στίχοι
2774 2096 3015 2174 ἰαμὸικο)Ι
3042 2101 3309 2185 τρίμετροι
3341 2107 3477 2164 ἀκα-
3509 2123 3563 2163 20

1911 2170 2170 2245 τάληκτοι
2191 2176 2235 2234 ο’
2245 2221 2263 2250 ,
2286 2168 2362 2236 ὧν
2389 2180 2688 2250 τελευταῖος

2036 2309 2190 2368 τόξευε
2210 2318 2303 2370 πᾶς
2332 2332 2417 2372 τις.
2439 2318 2688 2381 σφενδόνην
2704 2321 2774 2379 τίς
2793 2339 2872 2387 μοι
2888 2324 3027 2377 δότω.

1913 2432 2003 2492 ἐπὶ
2024 2438 2101 2517 τῷ
2127 2435 2266 2496 τέλει
2290 2441 2562 2525 κορωνίς]
2894 2473 2901 2480 ·

1992 2520 2061 2580 τὰ
2082 2522 2178 2601 μὲν
2201 2524 2296 2607 ἱέρ’
2323 2531 2451 2603 ἡμῖν
2479 2530 2619 2589 ἐστιν
2642 2551 2657 2593 :
2683 2531 2771 2593 Τὰ
2785 2536 2840 2593 ἐν
2858 2539 2965 2603 τοῖς
2992 2536 3188 2616 θύμασι
3214 2542 3479 2623 σύμὸολα.

1915 2619 1975 2666 R·
2012 2620 2139 2670 Vict.
3510 2655 3562 2694 25

1995 2695 2019 2775 (
2026 2701 2165 2778 1121).
2211 2701 2326 2759 ἀλλ’
2362 2705 2536 2763 οὑτοσὶ
2557 2704 2765 2788 τρέχεις
2791 2710 3112 2792 Σύμμαχος·
3136 2715 3271 2777 οὕτω
3296 2720 3482 2781 συντό-

1912 2804 2011 2850 νως
2049 2787 2225 2869 τρέχει
2265 2789 2394 2848 ὡσεὶ
2433 2791 2798 2872 Ὀλυμπιακὸς
2841 2801 3239 2885 σταδιοδρόμος,
3279 2807 3344 2888 [ἢ
3377 2809 3483 2869 ἀπὸ

1910 2876 2005 2931 τοῦ
2015 2875 2362 2958 παραρέοντος
2376 2888 2642 2957 ποταμοῦ.
2669 2884 2782 2944 ἀντὶ
2804 2892 2916 2960 τοῦ,
2940 2886 3091 2960 δίκην
3117 2891 3372 2972 ῥεύματος
3385 2919 3484 2955 τα-

1911 2957 2048 3037 χέως
2070 2964 2391 3045 φερόμενος].
2430 2972 2458 3026 ὁ
2509 2968 2565 3027 δὲ
2605 2971 2834 3050 Δίδυμος
2858 3018 2875 3047 ,
2926 2975 3076 3055 παρὰ
3115 2979 3175 3036 τὸ
3212 2982 3481 3063 Πινδάρου

1915 3051 2073 3116 [Nem.
2095 3071 2144 3122 1,
2172 3053 2216 3131 1]
2241 3079 2266 3104 ιι
2293 3051 2580 3134 ἄμπνευμα
2604 3058 2792 3136 σεμνὸν
2809 3060 3062 3143 Ἀλφειοῦ.
3087 3092 3109 3116 ν
3138 3066 3295 3146 διχῶς
3317 3068 3376 3127 δέ
3401 3093 3481 3130 τι·
3507 3088 3562 3131 30

1910 3159 2019 3209 νες,
2043 3135 2256 3218 ἄλφειον
2278 3137 2471 3201 πνέων.

1995 3244 2112 3284 1126.
2157 3224 2473 3306 Προξενίδης
2506 3230 2600 3288 καὶ
2636 3233 2909 3314 Θεαγένης
2940 3257 2956 3297 :
2998 3237 3099 3299 Ἐκ
3141 3240 3340 3302 τούτων
3378 3267 3476 3304 πι-

1912 3318 2127 3371 στοῦται
2163 3313 2224 3372 τὸ
2266 3313 2626 3377 ἀνυπόστατον
2662 3326 2755 3378 τοῦ
2792 3322 3026 3403 τείχους,
3065 3327 3246 3400 ἐπειδὴ
3289 3333 3482 3392 καπνοὶ

1909 3392 2048 3474 ἦσαν
2081 3400 2173 3460 καὶ
2203 3404 2510 3479 κομπασταὶ
2535 3406 2628 3464 καὶ
2655 3406 2812 3484 μόνον
2841 3411 3142 3493 ὑπόσχεσις.
3175 3417 3395 3492 τοιαύτη
3426 3421 3482 3481 δὲ

1910 3488 2002 3548 καὶ
2028 3492 2064 3559 ἡ
2091 3494 2185 3547 τοῦ
2207 3488 2411 3570 τείχους
2438 3493 2709 3571 οἰκοδομή.
3506 3535 3560 3576 ³5

1992 3576 2021 3631 ὃ
2054 3575 2418 3652 Κομπασεὺςτ
2450 3576 2681 3651 Ἐπαιξε
2719 3583 2867 3665 παρὰ
2902 3585 2989 3645 τὸν
3028 3586 3257 3667 κόμπον.
3298 3595 3481 3675 προεί-

1915 3684 2071 3742 ρηται
2099 3661 2154 3721 δὲ
2180 3663 2301 3745 περὶ
2338 3667 2510 3726 αὐτῶν
2536 3670 2847 3753 ἀμφοτέρων
2889 3671 2970 3734 ὅτι
2994 3679 3327 3756 κομπασταί.
3361 3684 3481 3756 Τη-

1909 3749 2183 3822 λεκλείδης
2210 3751 2265 3811 δὲ
2305 3754 2359 3811 ἐν
2398 3754 2663 3827 Ἡσιόδοις
2702 3764 2774 3829 ὡς
2810 3763 3126 3845 παρειμένον
3163 3769 3239 3853 τῷ
3273 3768 3480 3851 σώμαῑι

1912 3840 2167 3919 κωμῳδεῖ
2193 3839 2366 3901 αὐτόν.

1994 3945 2117 3986 1128.
2162 3925 2281 3985 ὅσον
2323 3932 2351 3987 ὁ
2396 3929 2596 4010 δούριος
2637 3952 2654 3993 t
2699 3936 2782 3995 Οὐ
2822 3939 3038 4000 πιθανὸν
3084 3947 3270 4013 κοινῶς
3308 3947 3478 4026 λέγειν
3508 3973 3561 4013 10

1912 4013 2088 4086 αὐτὸν,
2118 4012 2257 4072 ἀλλὰ
2282 4014 2403 4098 περὶ
2430 4024 2520 4077 τοῦ
2558 4022 2765 4099 χαλκοῦ
2800 4031 2893 4084 τοῦ
2921 4030 2974 4086 ἐν
3014 4029 3315 4112 ἀκροπόλει.
3352 4035 3476 4094 ἀνέ-

1910 4123 2053 4159 κειτο
2080 4098 2184 4182 γὰρ
2213 4102 2265 4159 ἔν
2295 4103 2578 4183 ἀκροπόλει
2602 4107 2800 4190 δούριος
2823 4109 2983 4181 ἵππος
3014 4117 3309 4202 ἐπιγραφὴν
3338 4120 3476 4203 ἔχων

1912 4215 1939 4239 «ι
1960 4187 2297 4266 Χαιρέδημος
2320 4192 2627 4271 Εὐαγγέλου
2650 4198 2711 4255 ἐκ
2735 4198 2932 4273 Κοίλης
2955 4202 3188 4278 ἀνέθηκε.
3211 4234 3235 4259 υ
3262 4208 3477 4280 δύναται

1913 4272 1969 4332 δὲ
2012 4273 2102 4333 καὶ
2130 4279 2158 4333 ὁ
2185 4278 2239 4335 ἐν
2268 4277 2413 4359 Ἰλίῳ
2452 4282 2836 4359 λαμὸάνεσθαι.
2919 4291 2973 4348 ἐν
3018 4293 3299 4371 ἀκροπόλει
3338 4300 3477 4378 χαλ-Ι

1910 4367 2031 4429 κοῦς
2052 4360 2210 4430 ἵππος
2235 4364 2469 4426 ἀνέκειτο
2496 4371 2636 4429 κατὰ
2656 4371 2881 4450 μίμησιν
2902 4382 2993 4435 τοῦ
3019 4377 3267 4442 Ἰλιακοῦ.
3501 4408 3558 4456 ιο

2000 4469 2120 4508 1131.
2168 4450 2288 4532 [τοῦ
2338 4453 2568 4536 μάκρους
2620 4480 2636 4519 :
2687 4461 3001 4538 Σημείωσαι
3049 4465 3130 4524 ὅτι
3174 4467 3236 4527 τὸ
3285 4470 3485 4558 μάκρος

1910 4534 2103 4617 λέγει]

2002 4643 2126 4683 1133.
2172 4626 2457 4704 Αἰγύπτιος
2489 4631 2826 4716 πλινθοφόρος
2860 4655 2875 4695 2
2915 4639 2985 4697 Οἱ
3021 4638 3303 4717 Αἰγύπτιοι
3342 4648 3469 4706 ἐκω-

1912 4713 2180 4794 μῳδοῦντο
2211 4719 2280 4782 ὡς
2309 4716 2611 4799 ἀχθοφόροι.
2637 4721 2730 4779 καὶ
2756 4724 2810 4780 ἐν
2835 4724 3130 4806 Βατράχοις
3155 4728 3306 4810 [1400]
3334 4761 3357 4787 ⁴1
3390 4733 3475 4803 οὓς

1911 4826 1935 4850 «ι
1962 4801 2055 4859 οὐκ
2084 4798 2148 4858 ἂν
2178 4801 2377 4882 ἄραιντ’
2411 4806 2518 4864 οὐδ’
2556 4806 2743 4867 ἑκατὸν
2785 4809 3084 4890 Αἰγύπτιοι.
3110 4842 3134 4866 υ
3255 4815 3472 4889 Ἄλλως.
3499 4855 3554 4894 ⁶0

1908 4885 1989 4945 ὅτι
2009 4886 2139 4947 ἴδιον
2165 4892 2269 4948 τῶν
2295 4892 2595 4970 Αἰγυπτίων
2624 4894 2871 4974 ἐνόμισαν
2900 4898 2960 4957 τὸ
2988 4901 3311 4985 ἀχθοφορεῗν.

1998 4993 2118 5033 1137.
2163 4974 2371 5057 γέρανοι
2400 4979 2667 5058 θεμελίους
2694 5001 2709 5043 t
2739 4982 2841 5042 Διὰ
2868 4984 2929 5044 τὸ
2955 4989 3010 5046 ἐν
3045 4985 3169 5070 ὕψει·
3192 4991 3468 5074 πέτεσθαι,

1909 5059 2002 5118 καὶ
2035 5064 2100 5141 τῇ
2139 5065 2211 5133 εἷς
2250 5064 2368 5126 εὐθὺ
2405 5070 2545 5149 ὁρμῇ
2584 5067 2680 5142 τὴν
2709 5070 2795 5129 ἐπὶ
2827 5071 2896 5132 τὰ
2923 5073 3071 5135 κάτω
3098 5076 3220 5138 θέαν
3247 5082 3467 5158 ἐμποδί-
