3859 5725
1726 248 1946 310 PLUI'
1971 251 2032 310 1.

3353 260 3464 322 5⁵8

333 402 571 446 acumen
604 385 765 444 visus
792 381 1129 440 incredibile
1151 379 1432 440 tribuisse.
1466 379 1694 438 Suidas:
1720 382 1863 457 Λυγ-
1949 381 2147 460 ponit,
2173 395 2232 439 et
2252 401 2368 440 om.
2395 383 2452 442 ἐκ
2470 384 2574 440 τῶν
2600 383 2835 464 Δελφῶν.
2856 420 2919 431 -
2941 381 2973 439 5
2999 383 3158 454 αὐτῆς
3179 385 3275 455 τῆς
3296 382 3478 449 θυσίας

330 471 465 538 κέως
510 467 894 551 ὀξυωπέστερον
940 467 1150 548 βλέπεις
1166 491 1178 504 ·
1226 453 1372 536 οὗτος
1412 470 1615 547 ἐγένετο
1645 467 1863 549 ἁδελφὸς

333 559 486 620 Ἴδα·
521 563 591 624 ὡς
626 557 682 616 δὲ
716 557 1087 640 Ἀριστοφάνης
1130 559 1182 614 ἐν
1226 550 1498 627 Δαναΐσιν,
1545 553 1651 624 υἱὸς
1690 556 1862 634 Αἰγύ-

332 671 494 708 πτου·
516 656 770 710 τοσοῦτον
808 648 862 709 δὲ
895 646 1291 720 ὀξυωπέστατος
1321 638 1383 719 ἦν
1413 660 1525 708 etc.
1564 653 1702 720 Quae
1734 659 1866 726 post

334 739 632 814 Apollonii
682 759 883 797 versus
944 749 1289 815 sequnntur,
1338 737 1484 798 nihil
1543 755 1747 794 eorum
1804 736 1863 794 in

334 827 547 884 Suida:
580 840 637 885 et
675 839 808 886 snut
836 846 977 884 sane
990 839 1142 886 notae
1192 825 1530 886 recentioris
1559 826 1866 901 minusque

334 929 618 994 spectatae.
646 922 958 977 Hans-n—
981 918 1050 974 31
1072 920 1234 976 Nem.
1275 936 1323 984 1,
1362 936 1385 972 1
1405 916 1493 983 15,
1514 915 1688 974 modo
1716 915 1765 972 is
1792 914 1867 971 sit

336 1003 520 1076 locus,
549 1025 667 1064 non
691 1005 837 1063 alius
867 1006 1073 1082 aliquis
1106 1023 1179 1064 ex
1228 1003 1450 1064 amissis
1484 1002 1719 1064 Pindari
1746 1021 1867 1062 car·

335 1092 606 1166 minibus,
652 1112 823 1171 quem
876 1093 943 1150 in
984 1092 1179 1152 animo
1232 1090 1568 1152 scholiastes
1625 1088 1864 1148 habuit:

336 1200 465 1238 uam
489 1182 569 1238 ibi
597 1181 833 1257 quidem
860 1178 1011 1261 δρυὸς
1047 1181 1100 1237 ἐν
1122 1176 1362 1258 στελέχει
1396 1178 1688 1240 sedentem
1706 1181 1867 1255 Lyn-

335 1287 470 1327 ceus
505 1268 679 1326 videt.
712 1272 935 1328 Hansr.
989 1267 1081 1327 ml
1127 1268 1365 1330 accessit
1395 1285 1469 1328 ex
1513 1269 1606 1340 6.,
1632 1265 1735 1348 qui
1793 1264 1866 1323 35

334 1353 538 1436 ἔνερθεν
556 1401 574 1434 ,
606 1355 679 1414 36
706 1377 821 1415 om.
844 1348 944 1429 εἷς,
972 1358 1044 1429 37
1070 1353 1164 1414 καὶ
1181 1343 1261 1427 οὗ,
1287 1356 1474 1422 38-43
1503 1374 1618 1416 om.
1645 1354 1699 1412 ἐν
1726 1354 1866 1432 rifi—0·

330 1444 583 1525 καρτερὸς
598 1436 1089 1512 Ἰδας.-46οὗτος
1119 1465 1237 1503 om.
1255 1450 1328 1503 V.
1358 1442 1456 1508 lh.
1490 1433 1608 1523 εὗρε
1626 1439 1867 1519 μέταλλα

335 1545 443 1590 etc.
458 1534 849 1611 Palaepliatum
867 1533 1171 1609 descripsit
1194 1552 1245 1592 c.
1276 1551 1371 1604 ιο,
1390 1530 1488 1592 ubi
1510 1551 1567 1589 v.
1587 1529 1827 1592 Galeum
1848 1552 1865 1585 ε

334 1621 473 1678 item
497 1622 839 1700 Apostolius
874 1641 966 1692 12,
999 1622 1086 1678 13.
1112 1624 1409 1677 limasr.—
1445 1626 1517 1694 47
1544 1630 1600 1676 et
1629 1637 1754 1696 sqq.
1787 1617 1868 1674 sic

334 1710 395 1768 in
420 1714 484 1780 V.
510 1711 605 1779 6.,
644 1710 817 1768 ἄλλων
850 1708 945 1768 καὶ
975 1706 1061 1767 διὰ
1099 1713 1253 1770 τοῦτο
1291 1705 1489 1788 ᾆρρήθη
1535 1703 1753 1786 (εὑρέθη
1776 1705 1868 1781 V.)

336 1797 438 1857 ὑπὸ
457 1800 555 1874 γῆς
576 1801 727 1878 δρᾶν,
751 1795 932 1867 ἐπειδὴ
958 1793 1023 1853 τὰ
1046 1791 1298 1876 εἰρημένα
1326 1794 1463 1872 τύχῃ
1483 1792 1588 1851 τινὶ
1618 1790 1870 1864 ἐπενόησε

335 1884 427 1943 καὶ
471 1876 604 1965 εὗρε.
627 1922 690 1936 --
720 1887 783 1942 51
818 1882 1085 1966 ἀναφέρει.
1134 1886 1351 1940 Omnes
1391 1882 1525 1939 edd.
1566 1877 1868 1962 περιφέρει·

218 2047 223 2052 ⁴
336 1992 442 2030 uec
462 1973 753 2051 discrepat
783 1972 1139 2050 ApostoliuS.
1165 1975 1281 2028 Res
1310 1971 1437 2047 ipsa
1464 1969 1717 2048 postulat
1736 1970 1870 2025 ἀνα-

337 2056 517 2140 φέρει,
544 2059 702 2137 quod
734 2060 944 2136 legitur
977 2059 1039 2116 in
1063 2058 1399 2136 Palaepliato
1429 2080 1442 2115 :
1481 2057 1657 2135 paulo
1693 2068 1826 2115 ante
1854 2078 1868 2113 ε

337 2144 554 2229 ἀνέφερε
580 2147 670 2208 τὸν
697 2146 919 2226 χαλκόν.
947 2152 1168 2210 Enusr.

421 2257 488 2293 21
509 2258 527 2293 ι
558 2235 618 2295 τὸ
640 2260 698 2294 π.
724 2259 793 2314 με
818 2235 1009 2316 βλέψαι
1036 2255 1152 2293 om.
1182 2233 1361 2292 Paris.

416 2333 532 2391 214
561 2322 633 2384 Ὀ
667 2345 782 2382 om.
813 2328 884 2383 V.
914 2327 943 2381 ὁ
975 2321 1091 2382 Ἀπ.
1127 2342 1242 2380 om.
1270 2326 1339 2382 G.

420 2431 454 2468 2
472 2413 554 2470 15.
584 2412 671 2473 Ad
700 2413 854 2470 hunc
881 2431 1107 2474 versum
1133 2411 1193 2472 in
1218 2416 1286 2468 V.
1310 2408 1664 2486 adscriptum
1687 2428 1871 2466 συναι-

336 2497 478 2578 ρέσει
504 2513 561 2558 et
583 2499 765 2573 τοῦδε,
793 2517 924 2576 quae
952 2518 1064 2556 om.
1089 2502 1160 2556 G.
1187 2496 1609 2574 Corrigendum
1644 2496 1873 2555 videtur

337 2585 666 2668 συναίρεσις,
701 2587 858 2665 quod
895 2598 1119 2663 spectat
1161 2585 1235 2643 ad
1272 2572 1467 2662 ὦγαθέ.
1495 2585 1647 2642 τοῦδε
1679 2597 1869 2642 autem

336 2677 642 2755 suppletur
667 2676 741 2734 ad
769 2676 1086 2757 φροντίζετε.
1113 2678 1293 2734 Dim).
1317 2710 1380 2721 —
1406 2694 1429 2729 1
1449 2693 1466 2727 ι
1499 2673 1781 2751 χαλεπανῇ
1799 2671 1870 2729 Θ.
1899 2725 1905 2731 .

417 2786 532 2824 220
554 2766 614 2824 in
634 2769 700 2823 R.
727 2765 870 2822 nihil
900 2776 1112 2842 praeter
1134 2762 1275 2832 haec,
1302 2758 1724 2840 σχετλιαστικόν.
1756 2757 1873 2817 ἀντὶ

335 2858 428 2912 τοῦ
452 2855 664 2933 ἀτυχεῖς
679 2899 699 2925 ,
718 2852 941 2919 ἀθλίους.
964 2856 1032 2913 In
1052 2856 1140 2925 V.‚
1170 2848 1458 2930 πονήρους,
1480 2848 1688 2915 ἀθλίους
1708 2893 1725 2922 ,
1748 2849 1874 2907 ἀτυ-

336 2951 448 3022 χεῖς
466 2988 482 3015 ,
510 2940 839 3023 ἀπράκτους,
870 2943 940 3005 ὡς
978 2936 1152 3021 ‹pap-lv
1170 2983 1187 3011 ‚
1214 2936 1456 3020 πονήρως
1493 2942 1622 3013 ἡμῖν
1662 2935 1779 3017 ἔχει
1805 2933 1874 2993 τὰ

336 3029 648 3110 πράγματα.
668 3067 732 3078 -
754 3049 827 3085 22
850 3023 1086 3085 στικτέον
1115 3027 1185 3091 εἰς
1210 3023 1272 3083 τὸ
1291 3047 1350 3082 π.
1375 3046 1493 3101 quo
1524 3025 1873 3102 pertineant,

339 3138 545 3196 parum
568 3117 932 3195 exploratum
969 3112 1180 3171 habeo.
1216 3110 1495 3173 Nonnihil
1524 3111 1600 3171 ab
1636 3112 1725 3169 his
1752 3111 1873 3169 dis-

252 3248 257 3259 ·
338 3219 539 3283 crepat
562 3204 765 3264 Suidas
787 3204 848 3261 in
874 3200 1115 3283 Πόνηρος
1139 3224 1152 3259 ;
1180 3198 1474 3259 dubitabit
1487 3214 1679 3259 autem
1703 3219 1873 3258 nemo

341 3296 482 3373 quin
504 3295 666 3353 vocis
688 3292 915 3373 πόνηρος
945 3288 1241 3349 discordes
1262 3289 1776 3366 interpretationes
1801 3308 1873 3347 ex

340 3385 584 3444 diversis
628 3379 1065 3442 enarratoribus
1101 3380 1159 3437 in
1210 3398 1389 3437 unum
1439 3378 1551 3436 sint
1591 3377 1872 3440 conflatae.

338 3473 655 3550 ExemplO,
684 3469 847 3547 quod
875 3467 1148 3547 ponitur,
1186 3468 1463 3525 convenit
1508 3463 1650 3523 illud
1680 3466 1876 3524 Philo—

339 3561 500 3621 strati
528 3565 662 3621 Her.
688 3580 748 3637 p.
776 3560 914 3630 664,
953 3557 1045 3630 15,
1075 3552 1319 3637 πονήρως
1346 3546 1435 3614 οῧν
1466 3553 1534 3612 τὰ
1566 3550 1671 3630 ἐμὰ
1709 3543 1872 3634 εἶχεν.

340 3656 564 3708 Ηιιιιιετ.

421 3758 530 3796 22ι
561 3757 677 3797 om.
701 3741 771 3795 G.
792 3773 855 3786 -
878 3736 952 3793 26
977 3732 1199 3815 πόνηροι
1222 3730 1313 3792 καὶ
1342 3730 1468 3789 Ald.
1489 3768 1553 3780 —
1572 3750 1649 3808 29
1672 3729 1877 3807 ἀμετα-

342 3826 518 3894 ὅάτως
545 3824 673 3904 πρὸς
699 3822 909 3901 γενικὴν
935 3823 1236 3882 Kusterus.

425 3933 562 3977 222,
591 3915 664 3971 38
689 3932 816 3989 sqq.
849 3909 1089 3969 totidem
1121 3910 1243 3968 fere
1266 3906 1460 3966 verbis
1496 3906 1559 3965 in
1599 3905 1879 3965 Moscho-

340 4002 467 4078 puli
498 4000 651 4058 Ἔκλ.
681 3998 754 4057 Ἀ.
792 3998 877 4057 ’0.
910 3999 1198 4074 leguntur.
1230 4000 1457 4055 Hznsr.

426 4091 542 4146 223
575 4087 761 4145 simile
792 4086 1055 4143 scholion
1082 4086 1143 4143 in
1171 4091 1242 4142 V.
1271 4080 1768 4164 προπαροξυτόνως,
1797 4078 1880 4142 ὅτι

345 4174 586 4235 σύνθετόν
612 4177 724 4233 ἐστι
752 4172 814 4232 τὸ
839 4171 1042 4250 ὄνομα,
1081 4170 1311 4252 γεωργὸς
1343 4167 1696 4253 ξυγγέωργος,
1725 4171 1879 4252 σοφός

343 4264 609 4342 πάνσοφος
623 4307 641 4330 ,
665 4260 825 4327 καλός
846 4259 1136 4337 πάγκαλος.

429 4365 567 4428 224,
596 4355 668 4424 46
697 4353 893 4431 aptius
922 4357 1075 4411 τοῦτο
1105 4350 1181 4413 δέ.
1204 4356 1468 4411 Πιττα-
1492 4349 1565 4423 47
1606 4346 1753 4409 ἔστιν
1777 4348 1879 4432 γὰρ

344 4443 616 4526 πετρώδης
644 4447 713 4501 R.
742 4444 815 4501 Θ.

424 4534 567 4602 226,
591 4531 662 4588 52
690 4529 836 4589 male
859 4530 941 4586 ait
964 4528 1026 4589 τὸ
1054 4527 1293 4611 μετέχειν
1317 4549 1471 4586 nunc
1491 4528 1875 4589 accusativum

344 4640 549 4699 regere
568 4639 722 4678 nunc
741 4619 1081 4696 genitivum.
1109 4622 1258 4677 Nam
1282 4617 1520 4697 proprie
1540 4636 1772 4695 semper
1791 4636 1881 4673 re·

347 4711 433 4785 git
458 4707 869 4768 accusativum.
894 4705 1141 4778 Quando
1169 4717 1362 4764 autem
1400 4705 1656 4783 genitivo
1675 4704 1876 4783 jungi·

350 4809 476 4868 tur,
512 4795 573 4855 id
604 4796 667 4855 fit
694 4814 799 4872 pcr
830 4793 1059 4871 ellipsin
1101 4792 1410 4859 accusativi
1440 4789 1611 4873 μέρος.
1648 4796 1877 4869 Integra

348 4885 577 4963 phrasis
602 4885 754 4943 enim
776 4896 881 4955 est,
909 4882 1151 4963 μετέχειν
1173 4882 1276 4943 τινὶ
1299 4881 1453 4963 μέρος
1475 4881 1610 4949 τινὸς
1629 4880 1878 4964 πράγμαω

347 4993 465 5047 τος,
490 4985 556 5032 ut
582 4973 694 5035 hoc
724 4973 855 5030 loco
884 4972 1042 5051 apud
1072 4973 1387 5033 Comicum.
1416 4976 1598 5030 Kus'r.

433 5078 565 5135 227,
598 5061 631 5119 3
660 5061 822 5121 Ποῖον
849 5058 1056 5121 τοῦτοὸ
1084 5062 1169 5134 V.‚
1198 5061 1297 5139 qui
1329 5058 1539 5144 ἔρχεται
1578 5073 1711 5139 post
1735 5058 1872 5141 ἔχων

1951 469 2082 530 Ald.
2109 482 2168 527 et
2191 471 2321 527 fort.
2347 471 2420 531 Θ.
2445 494 2498 528 τι
2532 470 2695 529 addit
2735 474 2956 529 Heinst.
2987 509 3047 520 —
3077 474 3112 530 6
3155 493 3239 549 sq.
3277 470 3481 538 Ἄλλως

1950 555 2253 628 -λεὸήτιον
2290 578 2404 616 om.
2451 560 2517 617 V.
2547 558 2832 617 λοιπασθὲν
2871 566 2936 620 R.
2984 562 3056 619 Θ.
3098 558 3302 642 λειφθὲν
3348 560 3480 619 Ald-

1953 651 2148 718 Quum
2188 646 2378 712 λοιπάς
2405 659 2461 704 et
2485 646 2859 729 λοιπαδάριον,
2887 648 3045 726 quod
3079 669 3184 726 per
3228 654 3480 726 reliqua-

1953 741 2094 794 rium
2124 737 2445 816 explicatur
2472 735 2529 792 in
2559 737 2895 809 Glossariis,
2927 739 3274 796 recentiores
3295 736 3482 795 Graeci

1955 821 2237 895 dixerint,
2262 823 2504 881 verbum
2544 844 2779 901 qnoque
2808 823 3044 893 λοιπάζω
3078 825 3364 883 exstitisse
3397 823 3485 881 vi-

1955 910 2156 984 detur,
2176 911 2333 989 quod
2357 912 2638 988 Ducangii
2667 913 2961 970 Glossario
2984 914 3289 971 inseratur.
3331 910 3483 969 Sub-

1954 1000 2268 1060 stantivum
2307 997 2634 1080 λοιπασμοὺς
2670 1002 2944 1079 scriptori
2981 999 3389 1080 Philopatridis
3427 1021 3480 1058 c.

1956 1107 2031 1145 2ο
2059 1107 2168 1164 pro
2197 1088 2433 1164 vulgato
2456 1087 2808 1165 ἐλειπασμοὺς
2838 1090 3090 1147 restituit
3117 1092 3184 1148 Η.
3217 1089 3486 1148 Valesius

1956 1179 2015 1237 in
2046 1177 2517 1238 annotationibus
2547 1178 2802 1235 ineditis.
2827 1184 3010 1237 Dum.
3034 1217 3096 1227 -
3124 1200 3154 1252 7
3179 1175 3306 1237 ἔνιοι
3333 1176 3406 1254 δὲ,
3427 1177 3489 1237 τὸ

1956 1267 2217 1338 λεὸήτιον.
2251 1272 2380 1327 Non
2413 1281 2534 1339 est,
2574 1266 2734 1345 quod
2770 1269 2920 1327 forte
2949 1270 3080 1346 quis
3126 1269 3487 1348 suspicetur,

1957 1357 2134 1418 lectio
2152 1356 2346 1427 varia3
2382 1355 2483 1414 sed
2509 1375 2659 1413 nova
2687 1356 3093 1432 interpretatio
3126 1358 3284 1414 vocis
3324 1353 3488 1438 κρεά-

1955 1444 2065 1502 διον
2087 1467 2101 1480 ·
2135 1464 2254 1522 quo
2283 1456 2504 1519 spectat
2530 1445 2719 1520 glossa
2746 1450 2925 1502 Dorv.
2952 1443 3048 1518 τὴν
3071 1443 3291 1525 χύτραν.
3318 1446 3489 1504 Ratio

1955 1553 2072 1592 non
2098 1531 2389 1592 dissimilis
2414 1532 2640 1592 obtinet
2664 1534 2722 1591 in
2751 1542 2922 1615 κρεῖον
2951 1533 3105 1612 apud
3143 1537 3382 1591 Homer.
3415 1535 3486 1593 Il.

1956 1625 2003 1691 1,
2031 1622 2166 1692 206,
2202 1621 2360 1698 quod
2390 1621 2739 1700 capiendum
2772 1623 2922 1680 foret
2953 1643 3062 1700 pro
3102 1623 3230 1700 ipsa
3278 1642 3449 1679 carne
3469 1666 3485 1693 ,

1958 1728 2034 1766 an
2059 1729 2166 1787 pro
2192 1709 2414 1783 lebete,
2447 1723 2670 1768 veteres
2703 1710 3077 1769 dubitarunt:
3107 1731 3162 1768 ν.
3212 1710 3394 1768 schol.
3429 1722 3490 1768 et

1958 1798 2218 1858 Eustath.
2268 1818 2330 1876 p.
2378 1798 2491 1869 767
2510 1842 2527 1872 ‚
2572 1799 2820 1876 Hesych.
2873 1800 2933 1857 in
2996 1800 3217 1879 Κρεῖον,
3267 1797 3485 1880 Κρήϊον.

1957 1888 2178 1944 Ηειιετ.
2198 1923 2262 1936 -
2287 1907 2324 1962 9
2349 1886 2875 1963 interpunctionem
2906 1907 3032 1962 qnae
3054 1887 3112 1943 in
3149 1885 3348 1943 codice
3377 1899 3490 1953 est,

1958 1970 2343 2032 κατεσθίονται.
2382 1971 2473 2030 καὶ
2498 1974 2838 2031 δαπανῶνται
2867 1970 3097 2052 ἑψόμενα
3134 1971 3200 2042 ἣν
3239 1973 3492 2030 correxit

1961 2059 2313 2134 Scliaeserus,
2351 2061 2416 2132 ἣν
2467 2059 2539 2119 ad
2567 2057 2768 2144 χύτραν
2799 2054 3071 2118 refere'ns.
3107 2060 3302 2118 Bastio
3342 2062 3487 2118 scri-

1959 2148 2213 2207 bendum
2243 2148 2554 2207 videbatur
2577 2146 2630 2207 ἃ.
2660 2153 2748 2207 Dc
2783 2145 3019 2227 κρεάδιον
3058 2145 3283 2205 Bastius
3322 2148 3493 2205 affert

1961 2238 2305 2315 Alciphron.
2347 2240 2379 2296 3
2399 2280 2415 2307 ,
2442 2258 2537 2298 22.
2559 2242 2744 2295 Dum.
2780 2237 2941 2294 Idem
2973 2236 3233 2293 scholion
3265 2231 3492 2292 Bastius

1962 2326 2020 2383 in
2047 2327 2198 2386 notis
2230 2346 2364 2384 mss.
2397 2325 2659 2384 enotavit
2681 2346 2753 2384 ex
2776 2325 2979 2383 codice
3012 2321 3164 2382 2835
3186 2368 3202 2396 ,
3232 2321 3333 2381 u‘bi
3374 2325 3426 2381 ἐν
3452 2313 3492 2403 ᾗ

1961 2412 2052 2471 καὶ
2090 2412 2219 2495 κρέα
2261 2411 2336 2473 ἔδ.
2366 2414 2583 2491 Regius
2605 2426 2805 2472 noster
2833 2413 2968 2492 (282
2982 2414 3029 2490 ι)
3061 2436 3074 2469 :
3105 2413 3208 2491 Κρ.
3235 2407 3270 2482 ἢ
3300 2413 3492 2488 τμῆμα

1960 2504 2126 2580 κρεῶν
2155 2499 2314 2585 φησὶν
2330 2547 2347 2575 ,
2373 2498 2407 2572 ἢ
2436 2498 2533 2573 *dv
2562 2499 2759 2582 χύτραν
2778 2545 2796 2576 ,
2823 2501 2876 2558 ἐν
2912 2491 2950 2578 ᾗ
2992 2498 3061 2558 τὰ
3098 2498 3228 2581 κρέα
3262 2495 3492 2580 ἑψόμενα

1961 2586 2167 2648 ἔδονται
2194 2588 2356 2668 ἤγουν
2380 2589 2750 2649 κατεσθίονται
2786 2588 2879 2648 καὶ
2920 2589 3260 2650 δαπανῶνται
3295 2587 3489 2669 βραζό-

1961 2700 2095 2754 μενα
2116 2701 2130 2714 ·
2154 2676 2219 2748 ἢν
2246 2678 2302 2736 ἐν
2328 2679 2394 2756 τῇ
2424 2691 2532 2736 etc.

2042 2786 2158 2842 229
2184 2768 2244 2824 in
2270 2771 2343 2824 R.
2374 2765 2728 2844 adscriptum
2760 2764 2849 2824 ἐπὶ
2871 2769 2964 2823 τοῦ
2992 2767 3200 2823 ἀνῦσαι.
3227 2801 3291 2813 -
3325 2771 3390 2833 il.
3414 2763 3494 2823 Τὸ

1962 2853 2282 2934 εἰσενέγκαι,
2315 2878 2381 2928 ¹7
2417 2854 2641 2925 ἄνυσον,
2677 2853 2839 2933 ἤγουν
2874 2857 3118 2913 σπεῦσον.
3143 2877 3494 2935 περιφραστι-

1962 2947 2067 3011 κῶς
2084 2990 2102 3023 ,
2134 2944 2379 3008 Ἀττικῶς
2404 2946 2474 3003 Θ.

2045 3036 2181 3101 230,
2210 3033 2279 3088 18
2305 3029 2410 3089 Καὶ
2434 3028 2495 3089 τὸ
2518 3036 2586 3090 R.
2616 3068 2678 3081 -
2711 3048 2780 3088 21
2812 3050 2896 3108 sq.
2922 3028 3123 3095 πάντας
3147 3031 3219 3095 εἷς
3245 3027 3342 3105 τὴν
3370 3028 3488 3089 ὁδὸν

1963 3115 2163 3196 ἔλεγον.
2207 3122 2387 3176 Doris.

2047 3207 2161 3264 233
2181 3250 2198 3279 ,
2226 3207 2413 3283 ²9-31
2450 3225 2626 3284 supra
2654 3204 2729 3263 ad
2754 3225 2808 3263 v.
2854 3225 2970 3282 219
3002 3202 3298 3281 adscripta
3320 3203 3495 3263 habet

1964 3298 2030 3354 V.
2062 3293 2198 3370 (non
2230 3294 2321 3370 G.)
2355 3294 2468 3351 hoc
2502 3291 2679 3352 modo
2718 3314 2732 3348 ε
2761 3290 2975 3359 δικαίως
3009 3291 3198 3357 ἀδίκως
3226 3290 3286 3350 τὸ
3315 3292 3496 3360 ἅπλῶς

1965 3382 2203 3466 ἔρριπται
2219 3373 2325 3440 οἷον
2350 3380 2498 3461 πάσῃ
2521 3380 2701 3460 τέχνῃ.
2721 3380 2781 3437 οὗ
2806 3376 2906 3462 γὰρ
2930 3381 3031 3461 οὔχ
3056 3376 3327 3439 ὑπόκειται
3351 3382 3496 3461 αὐτῷ

1966 3470 2141 3537 ἄδικος
2166 3467 2331 3537 οὕτως
2359 3467 2719 3544 ἀπειλητικὸν,
2740 3466 2877 3526 ἀλλὰ
2902 3468 3234 3545 μειλικτιὲιῶς
3264 3488 3499 3547 προσαγ-

1965 3559 2154 3639 γέλλει.
2182 3602 2244 3611 -
2266 3561 2339 3617 30
2366 3556 2550 3638 ἁπάσῃ
2579 3557 2711 3616 Ald.
2738 3594 2799 3608 -
2829 3558 2894 3615 31
2921 3552 3271 3636 προαγγίλλει
3289 3562 3358 3615 R.
3383 3580 3495 3615 πα-

1969 3645 2243 3730 ραγγέλλει
2269 3652 2486 3707 Hemst.

2047 3738 2156 3805 234
2201 3736 2380 3795 habet
2418 3742 2487 3795 R.
2531 3734 2775 3818 φορτικὸν
2815 3739 3048 3813 ἡγοῦμαι
3067 3758 3079 3771 ·
3110 3746 3167 3792 et
3223 3736 3293 3791 23
3306 3735 3359 3809 5,
3404 3739 3497 3793 τοῦ

1967 3822 2232 3883 εἰσελθεῖν.
2261 3822 2475 3882 τοπικὸν
2504 3820 2565 3881 τὸ
2596 3823 2864 3904 ἐπίρρημα
2881 3868 2898 3897 ,
2931 3820 3127 3880 αὖτόθι.
3159 3818 3320 3894 ὅπου,
3347 3820 3496 3902 φησὶ,

1967 3908 2205 3969 εἰσέλθω.
2257 3910 2492 3989 Duplex
2534 3911 2592 3968 in
2636 3910 2728 3968 his
2775 3910 3132 3988 proponitur
3186 3910 3499 3986 explicatio

1967 3997 2235 4057 vocabuli
2262 3998 2455 4073 αὖτοῦ,
2484 3996 2639 4076 quod
2668 3996 2766 4056 alii
2804 4017 2913 4074 pro
2953 3997 3298 4076 pronomine
3331 4015 3499 4053 acce-

1972 4098 2183 4163 perunt
2202 4086 2681 4165 interpretatique
2703 4096 2837 4142 sunt
2854 4086 2946 4143 τοῦ
2971 4085 3240 4157 εἰσελθεῖν,
3269 4085 3365 4141 alii
3391 4104 3500 4161 pro

1968 4172 2246 4233 adverbio
2302 4170 2483 4232 αὐτόθι
2538 4174 2913 4252 significante.
2953 4178 3131 4234 Dum.
3170 4209 3234 4221 —
3277 4174 3351 4247 37
3422 4171 3498 4249 μὴ

1968 4284 2082 4322 om.
2117 4268 2206 4335 V.‚
2234 4284 2352 4322 non
2386 4267 2458 4323 G.

2050 4351 2185 4425 236,
2218 4359 2248 4419 4
2265 4372 2287 4407 1
2312 4351 2424 4409 Τοῦ
2448 4372 2562 4409 om.
2594 4352 2772 4409 Dorv.
2793 4384 2856 4397 -—
2877 4359 2949 4420 42
2977 4348 3229 4409 ἀπολαύω
3258 4352 3494 4431 Regius.

1967 4434 2223 4497 ἀπολάὸω
2253 4438 2428 4497 Paris.

2049 4531 2190 4603 237,
2220 4530 2292 4596 45
2312 4528 2377 4599 ἢν
2406 4526 2504 4607 μὲν
2534 4524 2635 4608 γὰρ
2669 4530 2742 4594 εἷς
2766 4525 3020 4611 φειδωλὸν
3049 4551 3061 4584 :
3087 4526 3244 4587 Φειδ.
3269 4530 3342 4585 V.
3377 4549 3497 4608 φει-

1967 4612 2129 4685 δωλός
2155 4639 2233 4682 τις
2263 4616 2392 4679 Ald.
2417 4612 2666 4697 φειδωλός
2690 4638 2770 4680 τις
2795 4613 2868 4673 ὢν
2909 4620 2977 4673 R.
3003 4617 3077 4674 Θ.
3116 4627 3174 4672 et
3203 4614 3407 4672 Suidas
3446 4637 3491 4674 s.

1967 4700 2237 4770 Φειδωλός
2266 4727 2279 4760 :
2311 4703 2468 4783 quod
2494 4725 2526 4762 e
2552 4703 2824 4781 proximo
2848 4700 3097 4785 φειδωλός
3143 4724 3219 4766 τις
3257 4698 3329 4759 ὢν
3354 4722 3490 4760 cor-

1967 4807 2222 4871 ruptum.
2247 4790 2308 4851 τὸ
2336 4782 2468 4851 εἶναι
2494 4795 2567 4852 Θ.
2598 4796 2688 4851 τοῦ
2717 4789 2914 4850 διδόναι
2944 4792 3120 4850 PariS.
3143 4829 3207 4841 --
3231 4790 3304 4860 46
3332 4795 3359 4849 ὁ
3391 4814 3490 4849 πε·-

1967 4879 2185 4965 ρίψηφος
2212 4880 2472 4939 additum
2501 4901 2574 4938 ex
2601 4886 2670 4939 R.
2696 4884 2767 4938 V.
2797 4884 2933 4951 (non
2957 4878 3053 4958 G.)
3077 4891 3135 4936 et
3164 4879 3356 4938 Suida.
3385 4883 3489 4936 «Iu

1967 4968 2200 5026 calculis
2228 4968 2473 5027 sollicite
2509 4967 2793 5047 ponendis
2821 4980 3150 5049 occupatus.
3181 4960 3323 5026 Vide
3352 4970 3488 5027 Sui-

1965 5058 2097 5116 dam
2114 5077 2157 5115 s.
2178 5054 2450 5135 Αογισταί.
2477 5083 2502 5111 n
2523 5056 2747 5118 Heusr.
2761 5052 3063 5122 τινὲς-καὶ
3081 5050 3143 5114 τὸ
3164 5056 3340 5114 δοῦναι
3367 5075 3487 5115 om.
