3859 5725
390 237 505 290 550

388 354 701 418 iambicum
749 378 881 418 cum
924 357 1306 436 ithyphallico
1361 355 1749 433 compositum
1795 373 1923 412 esse

389 445 689 504 credamus
710 490 729 519 ‚
783 447 919 505 licet
968 448 1127 508 nulla
1167 445 1306 506 dum
1368 444 1483 506 alia
1518 443 1691 520 hujus
1750 443 1921 504 metri

389 534 653 613 exempla
698 536 1074 596 innotuerint.
1101 539 1278 595 Dmn.
1299 571 1366 585 --
1406 554 1475 594 10
1514 533 1570 593 δὲ
1598 552 1717 596 om.
1746 536 1819 593 R.
1849 537 1919 590 V.

385 659 447 673 -
479 623 546 680 15
592 623 967 703 συνδυστυχεῖν
1005 625 1149 702 αὐτῷ
1181 622 1305 682 Α111.
1346 627 1618 684 Ceterum
1659 620 1924 682 scholion

388 711 500 768 1100
524 708 1147 791 τινὲς-συνδυστυχεῖν,
1192 711 1432 788 praefixo
1468 708 1668 781 ἄλλως,
1700 707 1923 768 scholio

386 798 461 859 ad
493 819 543 858 v.
575 798 684 871 175
714 802 873 876 (post
895 797 1162 872 κλέπτων,
1184 798 1224 857 1.
1257 798 1351 874 31)
1379 796 1645 875 adjungit
1671 802 1738 854 V.
1761 831 1827 846 --
1852 797 1921 852 16

386 887 517 962 δημ.
548 883 601 954 ὃς
623 885 972 965 ἀνεδημεύθη,
1006 908 1071 959 17
1103 908 1233 967 φησι
1252 898 1313 944 01
1335 884 1562 958 κλοπὴν,
1592 905 1665 961 19
1683 881 1740 946 δὲ
1763 881 1924 964 ἀργύ-

388 997 492 1056 ριος
521 975 803 1034 0011010-
831 995 902 1048 ²7
937 973 1320 1054 βελωνοπώλην
1342 980 1483 1053 Reg.

474 1063 607 1134 175,
635 1064 710 1121 32
737 1065 765 1121 δ
789 1063 883 1128 τὰς
913 1066 962 1141 β.
986 1085 1047 1120 π.
1073 1082 1189 1120 om.
1213 1066 1281 1122 G.

474 1153 585 1223 176
630 1147 895 1232 Ἀργύριος
942 1152 1073 1211 Ald.
1121 1164 1180 1210 et
1223 1152 1377 1210 infra
1419 1147 1707 1231 Ἀργύριον.
1744 1185 1807 1198 -
1847 1148 1921 1206 36

387 1252 521 1315 post
551 1238 708 1298 αὐτὸν
738 1241 875 1299 fort.
903 1240 1233 1299 addendum
1261 1240 1529 1321 κωμῳδεῖ.
1552 1245 1736 1299 Dum.
1759 1275 1823 1289 -
1848 1240 1921 1310 37

384 1321 473 1384 ὅτε
500 1329 569 1386 G.
602 1322 727 1385 ὅταν
756 1332 859 1399 V.,
896 1340 1145 1406 uterque
1189 1327 1396 1408 πάσχῃ.
1440 1327 1707 1399 Ἀθηναῖος
1741 1340 1799 1386 01
1849 1328 1923 1386 38

385 1419 632 1474 τοσοῦτον
667 1428 726 1473 01
768 1423 844 1483 40
891 1424 1113 1497 στρηνιᾷ
1157 1436 1271 1475 0111.
1314 1421 1384 1476 R.
1409 1459 1474 1469 --
1511 1426 1584 1486 40
1625 1413 1924 1496 ἐκερδάκιζε

387 1504 565 1562 Paris.
589 1505 731 1582 (1100
760 1507 949 1582 Reg.).
984 1510 1051 1563 In
1082 1504 1234 1564 libro
1267 1506 1583 1583 Poggiano,
1624 1506 1727 1583 qui
1767 1493 1942 1563 idem.

386 1590 645 1653 scholion
675 1589 873 1664 habet,
895 1592 1177 1670 scriptum
1202 1606 1311 1666 est,
1331 1591 1445 1652 ὅθεν
1476 1592 1781 1673 πορίζεσθαι
1812 1591 1923 1670 βίον

386 1677 689 1757 ἐκορδσὶκιζε
731 1679 824 1738 καὶ
871 1678 1225 1761 ἕπερδε--ἵνα
1263 1681 1404 1762 λάὸῃ
1434 1685 1638 1764 ἀργ.-
1661 1686 1733 1751 43
1781 1680 1922 1761 λάὸῃ

385 1771 551 1845 Reg„
581 1768 681 1844 qui
713 1775 785 1837 44
815 1768 1007 1838 addit,
1036 1768 1203 1851 ἕτεροι
1231 1770 1277 1828 δ’
1304 1771 1393 1829 ἐπὶ
1421 1770 1709 1849 θρασύτητι
1743 1775 1923 1830 τοῦτον

386 1856 752 1936 κωμῳδοῦσιν.
1000 1879 1005 1884 ·

474 1964 604 2017 177,
634 1947 709 2012 46
735 1944 990 2024 Φιλέψιος
1017 1944 1075 2005 δὲ
1105 1969 1162 2005 π.
1190 1946 1283 2006 καὶ
1305 1946 1462 2016 λάλος
1496 1947 1730 2027 ἱστορίας
1751 1946 1923 2023 λέγων

386 2029 629 2115 ἐτρέφετο
654 2038 724 2092 V.
741 2076 805 2088 -.
821 2050 893 2105 47
918 2032 1009 2093 καὶ
1035 2034 1338 2116 τιρατώδης
1358 2041 1427 2096 R.
1457 2035 1925 2117 τερατώδης-κω·

387 2119 541 2198 μικός
579 2140 697 2183 om.
741 2127 815 2181 V.
865 2126 1007 2181 Post
1037 2121 1381 2183 διαὸάλλεται
1410 2129 1482 2183 R.
1517 2126 1707 2203 pergit
1746 2125 1924 2183 λαλῶν

384 2205 941 2291 ἱστορίας-ἐτρέφετο,
972 2222 1042 2267 ut
1065 2215 1131 2269 V.
1150 2249 1216 2262 -
1237 2218 1315 2287 49
1344 2208 1400 2269 δὲ
1418 2210 1507 2269 καὶ
1537 2211 1769 2293 ἱστορίας
1791 2217 1925 2270 V.-

389 2296 465 2352 52
497 2296 801 2374 legendum
839 2296 1044 2376 ἔθελγε,
1089 2298 1248 2376 quod
1290 2298 1539 2376 conjecit
1562 2301 1923 2374 Dindorfius,

386 2401 461 2440 ex
493 2384 696 2461 Regio.

475 2475 585 2542 178
614 2490 727 2529 0111.
755 2475 850 2549 V.,
877 2485 1092 2549 praeter
1117 2493 1185 2536 ea
1213 2494 1343 2551 quae
1371 2475 1521 2535 intra
1543 2495 1617 2535 ex
1644 2496 1716 2536 eo
1745 2496 1926 2556 appo-

386 2571 708 2618 nuntur.—
745 2579 833 2618 10.
861 2565 1017 2619 Vera
1060 2562 1313 2622 nominis
1341 2563 1524 2623 forma
1553 2564 1926 2644 Ψαμμήτιχος

386 2658 494 2723 est,
518 2646 592 2705 de
611 2667 726 2725 qua
754 2668 811 2706 v.
836 2649 988 2706 Duk.
1008 2649 1081 2708 ad
1110 2650 1375 2727 Thucyd.
1403 2672 1453 2726 1,
1494 2660 1623 2722 1114.
1656 2658 1730 2712 Et
1751 2655 1926 2731 Ψαμ-

386 2732 614 2814 μήτιχος
645 2750 802 2795 recte
842 2737 901 2795 in
946 2738 1132 2799 schol.
1170 2744 1349 2818 vmp.
1384 2741 1515 2813 716.
1550 2747 1733 2800 Dum.
1756 2782 1820 2795 -
1851 2763 1925 2802 ao

385 2826 505 2885 imo
549 2828 654 2887 τῶν
697 2829 938 2910 Περσῶν.
960 2871 1023 2883 .-
1044 2849 1118 2889 aa
1151 2838 1257 2898 τοῖς
1296 2852 1411 2893 om.
1455 2837 1525 2891 G.
1545 2871 1608 2882 —
1630 2835 1705 2893 23
1735 2835 1921 2895 corri-

386 2916 635 2993 gendum
656 2918 917 2998 μυριάδας
932 2927 1067 3002 τρεῖς
1081 2941 1155 2981 ex
1177 2921 1399 2981 scholio
1418 2922 1737 3001 superiore.
1754 2927 1921 2984 Cous.

386 3003 566 3062 schol.
597 3009 769 3083 Vesp.
805 3028 835 3079 7
852 3007 939 3063 16.
962 3011 1145 3067 Dum.
1168 3009 1259 3069 Ad
1283 3013 1583 3089 sequentia
1598 3012 1799 3071 confer
1828 3014 1922 3072 in—

386 3092 1037 3170 terpretesThucydidis
1064 3116 1115 3166 1,
1141 3104 1249 3165 104
1264 3111 1323 3156 01
1346 3119 1471 3176 109.
1487 3136 1551 3149 -
1573 3119 1644 3171 27
1672 3099 1802 3180 πρὸς
1825 3100 1922 3171 τὴν

384 3182 734 3238 Paris.—28
765 3182 1173 3253 ἀναπλώσαντες
1213 3188 1424 3258 Paris.‚
1474 3208 1593 3247 non
1625 3193 1788 3266 Reg„
1821 3191 1922 3267 qui

385 3269 561 3327 etiam
583 3265 747 3329 ἕλεσι.
783 3269 914 3328 Α111.
943 3283 1002 3331 01
1032 3272 1210 3335 Paris.
1236 3272 1444 3348 ἵλλησι,
1473 3275 1637 3354 quod
1668 3279 1922 3336 correxit

384 3356 715 3417 Hem-sterh.
1676 3366 1685 3380 “

472 3464 604 3520 179,
626 3444 700 3519 37
721 3456 855 3505 ante
871 3443 961 3504 ἴνα
979 3448 1230 3507 indicavi
1250 3451 1531 3510 lacunam.
1553 3457 1739 3515 Dum.
1763 3459 1923 3513 Inter

386 3531 698 3591 Chabriam
730 3532 970 3611 (olymp.
1005 3555 1105 3610 91,
1134 3536 1194 3615 a)
1222 3549 1281 3599 et
1307 3539 1575 3605 Dioclem
1607 3541 1708 3618 (ol.
1737 3563 1836 3619 92,
1858 3542 1919 3623 4)

383 3620 692 3679 archontes
731 3623 866 3679 anni
910 3622 1199 3683 intersunt
1251 3628 1552 3704 quinque:
1581 3631 1739 3705 quod
1781 3652 1921 3710 ergo

382 3709 668 3788 sequitur,
697 3706 810 3767 ἔστι
844 3707 900 3769 δὲ
919 3708 1017 3779 ἕως
1034 3710 1315 3779 Διοκλέους
1341 3713 1433 3787 ἔτη
1466 3713 1550 3789 ιδ’,
1579 3737 1779 3777 eorum
1814 3720 1924 3780 ini-

383 3798 526 3855 tium
557 3807 644 3854 est
665 3815 701 3854 a
728 3797 907 3855 Laide
922 3810 1058 3856 nata
1079 3799 1431 3861 ducendum.
1452 3805 1635 3865 Simul
1657 3822 1921 3885 apparet,

382 3882 507 3941 haec
535 3902 669 3940 eum
693 3883 751 3941 in
777 3883 1016 3942 modum
1041 3905 1167 3945 esse
1196 3888 1441 3965 scripta,
1471 3903 1556 3964 ut,
1588 3894 1729 3970 quin
1756 3897 1922 3972 prio-

383 3990 505 4028 rem
533 3969 763 4027 Plutum
789 3968 846 4027 in
879 3970 1148 4031 manibus
1180 3973 1447 4050 haberet,
1476 3993 1777 4039 enarrator
1811 3983 1921 4043 iste

380 4078 499 4116 non
529 4057 828 4117 dubitarit.
854 4061 1150 4119 limn—
1170 4072 1244 4130 40
1269 4063 1521 4144 ἐπαίρειν.
1542 4067 1743 4126 Potius
1767 4069 1922 4130 duco

380 4147 631 4205 ἐπαινεῖν.
666 4150 967 4209 Husr.—
988 4157 1058 4217 41
1087 4148 1282 4209 Φάωνι
1302 4152 1553 4212 Clinton.
1580 4158 1735 4217 Fast.
1763 4160 1914 4220 Hell.

379 4235 502 4293 vol.
549 4256 613 4306 α,
651 4255 711 4319 p.
753 4254 859 4311 99,
885 4248 947 4295 et
972 4238 1294 4299 Meinekius
1321 4241 1471 4301 Hist.
1494 4246 1653 4303 Com.
1686 4265 1744 4322 p.
1788 4248 1917 4320 187.

379 4320 706 4401 Legebatut·
733 4320 979 4404 Φαίδρῳ.
998 4369 1063 4378 -
1090 4336 1165 4394 411
1200 4326 1524 4396 Φιλοκλέους
1552 4335 1774 4393 Hemst.
1806 4340 1920 4394 Le—

381 4411 627 4490 301111101-
652 4407 949 4478 Διοκλέους.
979 4415 1115 4474 Fuit
1153 4428 1345 4475 autem
1376 4417 1660 4482 Philocles
1687 4440 1914 4499 epony-

380 4520 508 4560 mus
547 4499 766 4578 olymp.
797 4519 892 4576 97,
925 4522 976 4563 1.
1015 4508 1155 4562 Post
1182 4505 1342 4575 αὖτῆς
1378 4506 1659 4569 excidisse
1684 4510 1919 4571 videtur

380 4584 733 4667 μεμνημένος.
767 4591 1027 4648 Β1110.-
1046 4600 1122 4661 44
1147 4591 1233 4651 τὸν
1263 4593 1318 4651 ἐν
1346 4601 1453 4665 τοῖς
1487 4594 1915 4679 Ἀριστοφανείοις

380 4673 806 4756 ἔγγεγραμμίνον
838 4676 1088 4758 δράμασι.
1123 4680 1540 4756 scribendum,
1591 4698 1764 4763 pum,
1823 4686 1913 4746 τόν

378 4786 516 4822 τισιν
552 4760 989 4844 Ἀριστοφανείοις
1027 4767 1481 4849 ἐπιγεγραμμένον
1524 4770 1821 4852 δράμασιν,
1851 4788 1914 4833 01

379 4851 708 4924 sensussit,
741 4872 957 4912 nomen
982 4855 1306 4916 Philonidis
1326 4858 1536 4921 fabulis
1565 4861 1911 4938 quibusdam

382 4937 791 5015 Aristophanis
850 4939 1198 5019 inscriptum
1251 4946 1459 5018 suisse;
1518 4948 1638 5006 sive
1698 4969 1909 5011 nomen

379 5025 698 5096 Philonidis
721 5046 831 5103 pro
859 5029 1266 5108 Aristophanis
1292 5035 1352 5093 in
1389 5036 1791 5096 commissione
1816 5040 1909 5097 fa-

1525 219 1988 282 ADNOTATIO
2025 222 2110 286 IN
2151 222 2425 286 scfloL.

2010 353 2276 416 buln-um
2305 355 2671 433 quarundam
2708 356 2786 415 ab
2814 355 3113 434 judicibus
3158 358 3565 428 comicorum,

2009 443 2243 502 volente
2275 445 2482 521 procul
2509 443 2692 506 dubio
2721 457 2782 506 et
2817 442 3104 523 probante
3132 446 3567 523 Aristophane,

2009 530 2070 588 in
2097 533 2359 610 catalogo
2381 533 2665 592 victorum
2686 533 2967 610 scriptum
2990 532 3184 595 fuisse.
3205 539 3386 593 Juvat
3403 535 3571 594 hano

2011 619 2541 697 interpretationem
2564 621 2724 697 quod
2751 621 2961 698 legitur
2982 621 3044 679 in
3067 633 3415 698 argumento
3437 624 3573 679 Ra·-

2011 728 2250 781 narum,
2276 708 2582 781 Φιλωνίδης
2613 709 2884 791 ἐπεγράφη
2925 708 3020 768 καὶ
3058 708 3224 770 ἐνίκα.
3274 711 3353 770 Et
3390 710 3569 787 apud

2012 796 2195 857 schol.
2235 802 2408 875 Vesp.
2466 799 2610 856 1013
2634 819 2648 854 :
2675 800 2770 858 οὐκ
2815 800 2878 858 ἐκ
2918 801 3010 855 τοῦ
3056 803 3311 879 φανεροῦ,
3359 798 3572 879 φησὶν,

2011 884 2275 965 ἐπικουρεῖ
2293 889 2322 943 ὁ
2342 883 2568 957 ποιητὴς
2585 884 3004 966 (Ἀριστοφάνης)
3024 894 3134 952 τοῖς
3161 892 3391 957 θεαταῖς,
3413 883 3570 944 ἀλλὰ

2012 970 2080 1028 δι’
2125 971 2317 1051 ἐτέρων
2360 976 2595 1043 ποιητῶν
2636 971 2842 1051 λάθρα,
2889 972 3070 1045 ἐπειδὴ
3113 973 3201 1033 διὰ
3246 973 3572 1036 Φιλωνίδου

2011 1058 2102 1117 καὶ
2136 1061 2537 1141 Καλλιστράτου
2557 1059 2730 1120 καθίει
2744 1062 2866 1121 τινὰ
2885 1064 2990 1121 τῶν
3011 1061 3316 1143 δραμάτων.
3335 1062 3572 1121 Confer

2012 1165 2120 1204 nos
2149 1149 2323 1205 etiam
2348 1148 2422 1207 ad
2449 1150 2649 1226 Equit.
2672 1170 2728 1210 11.
2763 1150 2898 1210 510.
2928 1151 3033 1210 Uti
3060 1162 3257 1210 autem
3279 1149 3392 1208 hoc
3421 1148 3570 1210 loco

2015 1234 2350 1296 Philonides
2373 1235 2827 1316 ἐπιγεγραμμένος
2855 1237 3067 1300 dicitur
3097 1246 3207 1304 τοῖς
3235 1237 3568 1318 Ἀριστοφα-

2011 1321 2166 1390 vetem
2209 1323 2474 1405 δράμασι,
2521 1327 2601 1388 iu·
2642 1326 2980 1388 scholiastes
3019 1332 3169 1387 Rau.
3223 1328 3296 1399 78
3345 1325 3418 1383 de
3457 1329 3567 1383 Io·

2013 1411 2233 1489 phonte
2261 1414 2381 1472 11110
2411 1414 2724 1493 Sophoclis
2760 1414 2989 1485 scribit,
3019 1434 3152 1474 eum
3192 1415 3568 1474 comicorum

2004 1499 2155 1576 jocis
2193 1502 2550 1581 exagitatum
2595 1505 2772 1564 fuisse
2816 1503 2907 1566 ἐπὶ
2951 1507 3029 1583 τῷ
3067 1510 3185 1570 ταῖς
3221 1506 3314 1560 τοῦ
3353 1502 3569 1583 πατρὸς

2011 1589 2328 1670 τραγῳδίαις
2367 1591 2773 1673 ἐπιγράφεσθαι.
2808 1597 2989 1654 Κυετ.
3029 1594 3214 1668 Lege,
3241 1589 3568 1663 Φιλωνίδην

2012 1674 2068 1733 δὲ
2097 1678 2156 1735 οὐ
2183 1677 2271 1738 τὸν
2301 1678 2592 1761 ὑποκριτήν
2618 1701 2778 1760 φησι,
2804 1677 2894 1740 τὸν
2939 1687 3049 1746 τοῖς
3082 1677 3196 1762 Ἀρ.
3220 1679 3570 1759 ἐπιγεγραμ-

2014 1762 2170 1842 μένον
2207 1766 2492 1848 δράμασιν.
2537 1773 2840 1828 Dosums.
2880 1767 3132 1828 Defendi
3181 1780 3372 1846 potest
3403 1770 3566 1827 scri-

2014 1867 2185 1932 ptura
2216 1857 2464 1934 vulgata.
2490 1857 2717 1920 Deinde
2759 1862 2982 1920 1101031.
3023 1854 3222 1916 οἴονται
3248 1855 3566 1936 ὁμωνυμία,

2013 1942 2115 2019 qui
2177 1945 2485 2006 articulum
2543 1964 2776 2006 servare
2857 1943 3127 2006 debebat.
3179 1949 3363 2003 Dum.
3386 1977 3453 1990 —
3481 1955 3566 2020 49

2011 2033 2352 2094 Nicocharis
2393 2034 2574 2094 verba
2615 2047 2960 2114 repetuntur
2995 2035 3058 2094 in
3098 2033 3321 2092 scholio
3365 2033 3442 2092 ad
3499 2053 3562 2094 v.

2017 2120 2155 2192 303,
2187 2122 2341 2180 unde
2369 2136 2698 2182 correctum
2719 2121 2818 2196 ἠδέ
2842 2124 2890 2184 τ’
2919 2124 3016 2183 ἀπ.
3041 2122 3284 2182 Aldinae.
3314 2122 3565 2182 Rectius

2014 2208 2258 2268 fortasse
2292 2209 2398 2284 ἤδη
2423 2210 2470 2271 τ’
2514 2212 2803 2272 Meursius
2830 2212 2890 2271 in
2921 2212 3074 2272 Bibl.
3115 2212 3320 2270 Attica.
3362 2201 3408 2282 ἦ
3437 2210 3563 2281 δῆτ’

2013 2296 2324 2357 Bentleius.
2343 2340 2408 2350 -
2428 2298 2502 2357 50
2531 2298 2821 2366 Φιλλύλιος
2844 2305 3260 2376 Jungermann.
3303 2300 3379 2358 ad
3407 2301 3561 2359 Pol-

2016 2387 2130 2445 100.
2165 2408 2255 2462 10,
2286 2391 2385 2465 93.
2416 2388 2652 2457 Φύλλιος
2677 2390 2808 2450 And.
2831 2431 2892 2444 --
2913 2390 2986 2449 52
3008 2384 3162 2470 Λαΐῳ
3179 2389 3562 2450 Casaubonus

2012 2477 2315 2536 Animadv.
2346 2478 2419 2538 ad
2446 2480 2655 2541 Athen.
2679 2499 2714 2537 α
2732 2523 2749 2553 ,
2778 2499 2872 2551 ²7·
2899 2472 3151 2538 λα1Α111.
3170 2512 3236 2528 -
3260 2499 3282 2535 1
3314 2500 3403 2558 sq.
3434 2478 3558 2539 ὄνου

2011 2562 2100 2622 τὸν
2130 2566 2444 2628 Bentleius.
2469 2565 2692 2639 ἀνόητον
2711 2566 2842 2625 Ald.
2872 2580 2933 2626 01
2960 2565 3052 2627 καὶ
3080 2569 3191 2625 οὐκ.
3207 2608 3273 2619 -
3291 2575 3326 2634 4
3349 2568 3558 2645 ὠγκᾶθ’

2014 2654 2328 2731 Bergkius,
2377 2651 2638 2720 Μελιτεὺς
2677 2655 2988 2717 Bentleius.
3037 2656 3218 2733 ὀγκᾶθ’
3257 2658 3288 2714 δ
3335 2656 3558 2734 μιλίτου

2013 2740 2273 2801 Aut-5
2317 2742 2691 2802 scribendum
2735 2744 2991 2810 numeris
3015 2743 3357 2804 melioribus
3381 2741 3556 2806 ἔὸλα-

2013 2851 2132 2889 στεν
2159 2829 2328 2890 πόλει.
2367 2832 2608 2891 Videtur
2642 2846 2836 2895 autem
2873 2832 2970 2893 1110
3001 2851 3199 2895 versus
3225 2853 3300 2893 ex
3326 2832 3446 2894 alio
3474 2834 3556 2897 sa-

2011 2919 2163 2977 bulae
2191 2921 2321 2978 loco
2348 2932 2616 3000 sumptus
2646 2941 2771 2980 esse
2801 2941 2978 3000 quam
3003 2922 3106 2999 qui
3132 2924 3427 3000 praecedit.
3457 2926 3554 2983 Vi-

2011 3005 2083 3064 de
2112 3008 2368 3066 Meiuek.
2410 3012 2580 3069 Com.
2616 3013 2664 3079 1,
2699 3028 2760 3086 p.
2805 3010 2923 3081 793
2957 3009 3181 3087 sep—5
3218 3008 3554 3088 ὂπαγομὲνης

2010 3095 2209 3153 intulit
2233 3100 2429 3155 lunt-2
2457 3097 2615 3174 quod
2647 3097 2695 3155 si
2725 3100 2984 3155 veterum
3015 3095 3299 3159 librorum
3330 3096 3445 3157 fide
3471 3100 3554 3158 fa-

2011 3196 2168 3242 ctum
2199 3197 2519 3255 constaret,
2545 3186 3029 3263 amplecteremur
3065 3186 3254 3244 sorte:
3284 3199 3374 3245 est
3397 3189 3550 3247 enin

2010 3271 2301 3349 ἐπάγεσθαι
2349 3271 2663 3350 aliquando
2711 3277 2971 3344 allicere,
3030 3272 3315 3331 blanditiis
3363 3278 3449 3333 ad
3494 3296 3553 3332 se

1998 3364 2328 3437 perducere,
2353 3361 2644 3421 meretrici
2669 3360 2913 3421 verbum
2938 3363 3137 3440 utique
3165 3363 3554 3435 conveniens,

2009 3469 2046 3507 a
2085 3469 2201 3528 qua
2229 3461 2514 3527 potestate
2554 3450 2651 3508 illa
2699 3451 2903 3515 itidem
2949 3451 3223 3511 dicuntur
3260 3450 3552 3532 ἐπαγωγὰ,

2010 3558 2140 3616 quae
2162 3540 2275 3599 vim
2305 3538 2580 3617 pellacem
2619 3558 3008 3619 magnumque
3045 3540 3398 3599 lenocinium
3449 3542 3553 3601 ha·

2010 3625 2168 3686 bent.
2189 3631 2406 3687 Verum
2425 3626 2488 3685 in
2514 3625 2808 3705 ὑπάγεσθαι
2825 3629 3042 3687 residet
3065 3628 3295 3688 diversa
3315 3629 3550 3707 quidem

1978 3712 1986 3719 ’
2012 3736 2358 3793 parumper,
2386 3715 2488 3776 sed
2516 3716 2706 3775 affinis
2734 3728 2924 3779 tamen
2956 3718 3316 3794 significandi
3347 3719 3548 3791 virtus,

2008 3805 2147 3859 dolis
2167 3807 2412 3877 aliquem
2430 3823 2658 3878 capere,
2683 3805 3081 3881 deceptumqeoe
3119 3827 3243 3865 31111.-
3261 3815 3550 3884 potestatis
3595 3830 3604 3839 ·

1991 3889 2199 3962 fimet-e
2224 3911 2243 3945 .·
2269 3890 2428 3967 quod
2472 3909 2506 3948 a
2549 3891 2741 3951 Laidis
2785 3891 3041 3967 insidiis,
3068 3914 3214 3971 quas
3263 3915 3386 3955 non
3427 3909 3545 3957 tam

2010 3978 2346 4050 Philonidae,
2376 3997 2553 4055 quam
2593 3979 2813 4039 divitiis
2839 3983 2967 4059 ejus
2991 3982 3282 4055 struebat,
3309 3985 3548 4047 minime

2009 4063 2305 4125 abhorret.
2333 4065 2632 4127 lamblich.
2679 4065 2740 4124 in
2781 4073 2970 4128 Protr.
3009 4089 3082 4127 ex
3122 4070 3364 4130 Platone
3387 4094 3404 4129 ε
3433 4074 3546 4132 ἐνε-

2010 4153 2178 4232 δρεῦει
2205 4152 2295 4213 ni
2342 4152 2618 4234 θηρεύεται
2640 4154 2737 4228 τὴν
2781 4154 2936 4225 δόξαν
2981 4157 3070 4217 ἐπὶ
3112 4158 3330 4239 ἀπάτῃ,
3375 4162 3467 4220 καὶ
3509 4161 3552 4219 ἃ
3585 4210 3592 4223 .

2007 4250 2234 4300 ποιεῖται
2250 4286 2266 4313 ,
2307 4246 2480 4303 ταῦτα
2506 4242 2896 4312 καλλωπίζεται
2924 4243 3254 4325 ὑπαγόμενος
3290 4245 3409 4314 τοὺς
3447 4250 3547 4307 ἀν·-

2008 4328 2272 4410 θρώπους·
2307 4332 2611 4395 commode
2658 4333 2998 4394 scholiastes
3033 4332 3104 4395 ad
3146 4340 3254 4414 Eq.
3293 4356 3349 4395 v.
3389 4340 3544 4415 269,

2006 4418 2296 4501 ὑπέρχεται
2321 4423 2592 4501 exponit,
2619 4422 2880 4502 ὑπάγεται
2901 4420 2990 4483 τὸν
3025 4424 3191 4501 δῆμον
3213 4424 3544 4507 ὑποτρέχων,

2005 4506 2095 4567 καὶ
2151 4508 2451 4571 κολακεύει·
2493 4510 2795 4588 elegantur
2838 4516 2946 4570 Ion
2986 4512 3144 4590 apud
3187 4513 3400 4573 Athen.
3450 4520 3542 4590 13,

2005 4617 2067 4675 p.
2100 4598 2240 4671 604,
2269 4602 2346 4670 D,
2375 4600 2448 4664 ὣς
2487 4588 2543 4655 εὖ
2590 4598 2889 4677 ὑπηγάγετο
2932 4596 3022 4658 τὸν
3067 4600 3269 4671 παῖδα,
3298 4622 3360 4660 se
3403 4602 3542 4661 bene

2002 4689 2206 4745 callido
2231 4700 2535 4747 commento
2560 4690 2836 4763 decepIsse
2861 4708 3119 4762 puerusn.
3152 4692 3289 4747 Haec
3316 4709 3424 4767 pro
3447 4710 3544 4748 ve-

2003 4775 2113 4833 teri
2140 4774 2390 4835 lectione
2413 4774 2696 4835 firmanda
2733 4787 2869 4837 sunt
2907 4776 3063 4836 satis.
3083 4776 3374 4836 Praeterea
3410 4777 3535 4837 dis-

2002 4862 2341 4921 tinctionem
2357 4875 2491 4939 post
2531 4856 2725 4928 Δαΐδος
2739 4863 2971 4938 sustuli,
2993 4875 3064 4921 ut
3074 4864 3270 4944 aptior
3284 4866 3538 4925 oriretur

2000 4950 2494 5031 sequentibusque
2542 4972 2869 5030 congruens
2925 4951 3085 5013 hunc
3146 4955 3207 5013 in
3259 4954 3531 5013 modum:
3603 4994 3612 5001 -

1997 5043 2264 5099 videatur
2278 5055 2463 5101 autem
2481 5063 2671 5101 amore
2683 5040 2866 5117 fuisse
2893 5056 3089 5118 captus
3129 5046 3323 5100 Laidis
3344 5049 3525 5111 istim,
