3859 5725
1302 310 1474 374 scfl
1491 313 1703 376 oLlA
1750 316 1843 376 IN
1891 316 2532 385 LYSISTRATAM.

3410 352 3519 404 261

395 460 516 501 1060.
562 439 805 519 σπασμός
824 463 839 501 :
858 439 1104 509 Τέτανος.
1136 476 1191 485 -
1212 444 1260 502 οἱ
1274 443 1377 525 γὰρ
1399 446 1646 526 σπασμὸν
1671 447 1877 529 ἔχοντες
1964 450 2057 511 καὶ
2079 452 2176 526 τὴν
2199 456 2486 533 ἡγεμονίαν
2517 456 2635 526 τοὺς
2671 458 2969 534 Ἀθηναίους
2994 466 3178 528 λαὸεἶν
3214 470 3301 531 διὰ
3325 472 3421 542 τὰς
3446 498 3535 534 κα·

308 527 430 609 περὶ
452 528 540 587 τὸν
563 528 744 610 ὄρθρον
773 529 1041 589 αἴσθονται
1068 528 1288 610 σφόδρα.
1315 543 1373 591 R.
1402 545 1516 592 Bar.

392 636 513 678 10⁹0.
559 615 962 695 συγκόπτοντες,
984 616 1052 676 τὰ
1080 617 1267 696 ἱμάτια
1290 622 1677 689 συστέλλοντες.
1711 635 1772 682 R.

393 725 513 766 1092.
557 706 616 764 οὗ
662 702 950 776 Κλεισθένη
995 704 1277 786 βινήσομεν
1318 728 1335 770 :
1382 701 1553 779 Οὗτος
1594 709 1876 792 Σιὸυρτίου

254 820 282 860 5
310 791 435 859 παῖς
462 790 547 850 ἐπὶ
570 788 819 863 θηλύτητι
839 792 1269 875 κωμῳδούμενος.

392 898 511 939 1093.
555 880 603 937 εἰ
630 880 943 960 σωφρονεῖτε
968 898 983 939 :
1006 881 1178 942 Τοῦτο
1206 881 1380 963 φησίν·
1410 885 1455 942 εἶ
1486 882 1561 962 μὴ
1575 883 1876 965 περιὸαλεῖ-

307 972 428 1041 σθε,
465 965 604 1025 ἀλλὰ
630 965 827 1048 φανερὰ
866 964 1006 1037 ἕξετε
1040 966 1109 1027 τὰ
1148 970 1349 1044 αἰδοῖα,
1389 974 1773 1054 ἀκρωτηριάσει
1798 998 1877 1041 τις

307 1058 446 1133 ὑμᾶς
466 1058 570 1113 τῶν
589 1053 1009 1134 Ἑρμοκοπιδῶν.
1037 1054 1088 1125 ἐξ
1112 1048 1171 1115 οὗ
1196 1060 1352 1129 δῆλον
1372 1058 1450 1118 ὅτι
1473 1060 1609 1139 μετὰ
1624 1059 1686 1120 τὸ
1709 1062 1874 1121 εἰσελ-

306 1147 413 1201 θεῖν
443 1142 893 1222 ἅπεγυμνώθησαν
921 1149 1178 1225 φορτικῶς
1198 1144 1354 1206 πάνυ.

228 1255 283 1295 10
390 1258 518 1299 1094.
557 1238 956 1322 Ἑρμοκοπιδῶν
1008 1260 1023 1301 :
1073 1241 1322 1322 Παρόσον
1378 1247 1425 1303 οἱ
1486 1244 1874 1329 Ἑρμοκοπίδαι

305 1327 712 1409 ἠκρωτηρίασαν
739 1325 858 1395 τοὺς
881 1316 1114 1409 Ἑρμᾶς,
1140 1328 1224 1388 ὅτε
1257 1330 1344 1389 ἐπὶ
1373 1332 1619 1400 Σικελίας
1654 1332 1874 1413 ἔμελλον

305 1414 457 1471 πλεῖν
491 1411 626 1495 (πρὸ
660 1415 790 1472 ἐτῶν
831 1416 1103 1497 τεσσάρων
1137 1419 1233 1489 τῆς
1269 1417 1529 1486 καθέσεως
1565 1419 1753 1480 τούτου
1781 1426 1872 1479 τοῦ

306 1500 590 1582 δράματος.
613 1499 709 1572 τὴν
735 1501 791 1561 δὲ
812 1502 987 1562 αἰτίαν
1010 1502 1207 1575 ταύτην
1230 1507 1276 1564 οἱ
1301 1504 1397 1583 μὲν
1417 1507 1524 1574 τοῖς
1548 1508 1671 1589 περὶ
1696 1508 1875 1568 Ἄλκι-

306 1589 495 1661 ὅιάδην
518 1588 906 1673 προσέγραφον,
930 1593 1001 1659 ὥς
1019 1592 1345 1664 Θουκυδίδης
1361 1618 1372 1631 ·
1399 1598 1447 1654 οἳ
1473 1592 1529 1654 δὲ
1558 1596 1873 1677 Κορινθίοις,

230 1698 281 1740 15
307 1680 378 1746 ὣς
397 1676 711 1759 Φιλόχορος.
734 1677 893 1757 μόνον
915 1679 970 1739 δὲ
989 1679 1148 1761 φησὶν
1163 1684 1222 1739 οὔ
1240 1686 1592 1763 περικοπῆναι
1606 1683 1694 1743 τὸν
1710 1683 1876 1745 Ἀνδο-

308 1762 453 1824 κίδου
483 1763 733 1845 Ἑρμῆν.)

388 1871 509 1911 1093.
554 1850 736 1932 ἄνδρες
775 1855 824 1911 οἱ
873 1851 1281 1936 Ἕρμοκοπίδαι.
1328 1856 1760 1936 ἔκδεδαρμένους,
1808 1857 1877 1918 τὰ

305 1939 480 1997 αἰδοῖα
504 1938 937 2017 ἀνατεταμένους.

390 2045 511 2085 1100.
554 2027 603 2084 οἱ
627 2026 849 2086 Βοιωτοὶ
867 2026 997 2108 πρὸς
1021 2027 1141 2095 τοὺς
1164 2027 1439 2098 Λάκωνας.

218 2146 276 2187 m
389 2142 510 2182 1105.
553 2122 763 2199 παίζει,
789 2123 865 2204 μὴ
890 2124 1045 2205 μόνον
1063 2127 1452 2207 Λυσιστράτην.
1479 2128 1627 2211 παρὰ
1652 2129 1713 2190 τὸ
1733 2132 1875 2191 λύειν

298 2208 390 2269 τὸν
415 2210 659 2292 στρατόν.
888 2228 905 2243 ·
1590 2232 1602 2241 “

380 2295 481 2357 κᾶν
514 2300 643 2371 λῆτε
681 2320 699 2361 z
726 2298 827 2359 κᾶν
855 2298 1127 2381 βούλησθε.
1156 2302 1437 2363 διαὸάλλει
1460 2303 1595 2367 τινά.

384 2414 502 2455 1110.
545 2398 622 2478 τῷ
648 2398 728 2478 σῷ
761 2396 939 2479 πόθῳ,
968 2402 1035 2479 τῇ
1065 2403 1133 2479 σῇ
1169 2397 1353 2469 θέλξει.
1386 2399 1500 2481 ἴυγξ
1527 2400 1700 2485 ὄρνεόν
1734 2404 1875 2466 ἐστιν

297 2483 593 2555 ἐπιτήδειον
616 2482 747 2564 πρὸς
772 2482 868 2553 τὰς
893 2489 998 2544 τῶν
1021 2485 1249 2569 φίλτρων
1277 2487 1483 2557 κακίας.

217 2582 287 2624 25·
390 2589 508 2630 1113.
553 2567 630 2647 μὴ
680 2571 928 2640 συνόντας
967 2572 1215 2644 ἀλλήλοις
1261 2574 1401 2652 μήτε
1444 2580 1632 2657 πεῖραν
1675 2581 1873 2640 ἑαυτῶν

300 2655 640 2738 δεχομένους·
671 2660 964 2741 ὀργῶντας,
989 2659 1116 2742 πρὸς
1145 2661 1375 2743 εἰρήνην.

381 2774 504 2817 1114.
548 2757 623 2821 ὣς
639 2756 771 2837 πρός
791 2780 913 2816 τινα
940 2756 1422 2838 ἐξυπηρετουμένην
1450 2760 1516 2833 ἣν
1543 2764 1695 2822 καλεῖ
1716 2767 1875 2825 Διαλ-

295 2840 486 2922 λαγήν.
519 2842 613 2902 καὶ
637 2841 769 2913 ὅλως
797 2847 858 2904 ἐκ
887 2850 980 2905 τοῦ
1017 2843 1206 2928 μέρους
1239 2844 1424 2907 τούτου
1457 2849 1798 2933 Λυσιστράτη
1835 2851 1871 2926 ἢ

295 2931 578 3009 διαλλαγαὶ
605 2929 858 3006 κέκληται
885 2931 945 2991 τὸ
974 2936 1168 3015 δρᾶμα.

207 3033 271 3074 ³0
382 3037 502 3079 1117.
544 3023 615 3087 ὣς
645 3021 885 3102 ὀχληρῶν
922 3019 1087 3081 ὄντων
1122 3025 1227 3081 τῶν
1254 3022 1540 3098 Ἀθηναίων
1572 3028 1626 3086 ἐν
1654 3026 1870 3109 μάχαις.
1981 3073 1988 3081 -

380 3131 499 3174 1119.
543 3113 775 3174 σκώπτει
803 3115 988 3184 αὐτοὺς
1004 3120 1073 3185 ὡς
1101 3117 1443 3196 μαινομένους
1469 3120 1557 3181 ἐπὶ
1590 3128 1667 3205 τῷ
1696 3123 1867 3206 ἔρωτι.

298 3201 393 3274 τῆς
428 3199 711 3285 σάθης,το’ῦ
734 3204 951 3264 αἰδοίου.
1473 3281 1479 3286 ,

379 3318 499 3357 1121.
543 3297 607 3360 ἄν
635 3322 715 3359 σοι
743 3297 852 3380 δῴη
875 3296 911 3372 ἢ
934 3298 1030 3374 τὴν
1053 3310 1209 3383 χεῖρα
1232 3301 1267 3375 ἢ
1289 3304 1419 3365 ἄλλο
1446 3330 1516 3366 τι.

379 3404 500 3446 1123.
544 3375 589 3445 ὦ
609 3385 887 3458 Ἀθηναῖοι.

204 3487 263 3528 35
380 3491 500 3532 1125.
543 3473 572 3530 6
598 3472 774 3554 στίχος
801 3477 862 3534 ἐκ
885 3479 1047 3558 σοφῆς
1071 3476 1424 3551 Μελανίππης
1447 3482 1755 3565 Εὐριπίδου.

380 3581 500 3621 1137.
544 3562 604 3619 οὗ
630 3563 987 3643 πεπαίδευμαι
1015 3568 1207 3632 κακῶς.

379 3679 500 3719 1129.
545 3656 663 3727 τοὺς
707 3660 892 3729 αὐτοὺς
934 3659 1078 3728 θεοὺς
1122 3663 1374 3740 τιμῶντες
1415 3668 1515 3747 οὐχ
1544 3671 1864 3751 ὁμονοοῦμεν

293 3745 562 3818 ἀλλήλοις.

379 3853 503 3896 1131.
540 3833 662 3903 τοὺς
709 3835 897 3905 αὐτοὺς
943 3839 1152 3915 ἀγῶνας
1194 3836 1411 3917 ἄγομεν,
1453 3841 1728 3924 Ὀλύμπια
1770 3849 1863 3910 καὶ

200 3942 263 3982 40
289 3911 493 3982 Πύθιά.
593 3921 811 3990 Ἄλλως.
843 3925 896 3983 ἐν
920 3923 1125 3994 Πύλαις
1148 3924 1264 3984 ἀντὶ
1281 3932 1371 3987 τοῦ
1396 3930 1449 3987 ἐν
1467 3932 1862 4014 Θερμοπύλαις.

292 4007 531 4086 ἔπεμπον
547 4006 651 4093 γὰρ
675 4011 746 4079 εἰς
768 4009 866 4084 τὴν
885 4011 1166 4085 Πυλαϊκὴν
1188 4015 1479 4100 πανήγυριν
1500 4018 1620 4089 τοὺς
1642 4024 1862 4104 λεγομέ-

290 4118 411 4163 νους
426 4096 822 4179 ἱερομνήμονας.
843 4097 960 4168 ὅλος
977 4099 1205 4179 ὀῖαμόος
1224 4102 1465 4164 λέλεκται
1482 4105 1536 4177 ἐξ
1555 4108 1860 4193 Ἐρεχθέως.

380 4213 500 4255 1132.
546 4194 591 4253 εἰ
620 4193 731 4254 δέον
762 4195 875 4255 ἐστί
903 4221 992 4275 μοι
1021 4199 1380 4281 μακρολογεῖν.
1548 4205 1555 4213 ’

379 4300 501 4342 1133.
544 4284 616 4351 ὥς
636 4286 740 4342 τῶν
768 4283 1039 4346 Λακώνων
1075 4288 1364 4368 χρωμένων
1392 4292 1695 4375 συμμάχοις
1723 4301 1858 4381 βαρ-

197 4386 260 4427 45
293 4364 371 4427 6ά
404 4391 496 4435 οις.

374 4391 500 4516 εί137.
542 4457 614 4524 εἰς
640 4456 904 4536 σύμὸασιν
929 4458 1114 4529 αὐτοὺς
1136 4462 1227 4522 καὶ
1256 4464 1433 4546 φιλίαν
1460 4472 1858 4550 προτρεπομένη

292 4541 520 4624 ἄρχεται
549 4549 640 4602 τοῦ
669 4542 854 4612 αὖτοὺς
879 4547 1297 4626 ὑπομιμνήσκειν
1330 4541 1402 4611 ῶν
1431 4544 1566 4626 ἦσαν
1600 4555 1654 4625 ἐξ
1687 4559 1858 4632 ἀλλή-

290 4633 402 4690 λων
431 4623 490 4691 εὖ
509 4631 839 4701 πεπονθότες.
866 4637 913 4693 οἱ
943 4635 1040 4714 μὲν
1057 4636 1159 4717 γὰρ
1179 4638 1438 4712 Ἀθηναῖοι
1461 4649 1858 4724 καταπονουμέ-

288 4741 414 4785 νους
446 4717 629 4788 αὖτοὺς
656 4719 759 4779 ὑπὸ
790 4723 1105 4798 Μεσσηνίων
1135 4725 1408 4799 διέσωσαν,
1433 4732 1481 4789 οἱ
1510 4728 1565 4790 δὲ
1596 4735 1860 4796 Λακεδαι-

195 4831 261 4872 ω
292 4804 469 4885 μόνιοι
513 4809 751 4867 καθεῖλον
795 4807 892 4881 τὴν
932 4815 1036 4871 τῶν
1078 4815 1525 4898 Πεισιστρατιδῶν
1579 4823 1859 4903 τυραννίδα

292 4897 603 4965 Βοηθοῧντες
628 4894 928 4968 Ἀθηναίοις.

380 5010 500 5052 1138.
544 4997 713 5051 ταῦτα
745 4992 837 5052 καὶ
866 4997 913 5054 οἱ
943 4995 1315 5077 συντεταχότες
1336 4997 1429 5067 τὰς
1455 5000 1685 5071 Ἀτθίδας
1711 5007 1858 5065 ἱστο-

291 5082 472 5158 ροῦσιν
497 5078 619 5161 περὶ
644 5083 748 5140 τῶν
777 5084 1234 5161 Λακεδαιμονίων·
1261 5089 1288 5144 6
1314 5084 1368 5145 δὲ
1400 5088 1698 5171 Φιλόχορός
1726 5114 1854 5173 φησι

1962 540 2265 620 τασχούσας
2302 543 2398 616 τὴν
2439 547 2814 625 Λακεδαίμονα
2843 555 3129 637 συμφοράς.

2046 632 2074 687 6
2103 631 2393 710 στρατηγὸς
2416 635 2870 714 Λακεδαιμονίων.

1993 799 2013 860 ί
2045 735 2167 776 1141.
2212 718 2459 796 σημαίνει
2493 718 2575 778 ὅτι
2605 721 2833 800 πόλεμος
2854 717 2919 798 ἦν
2951 730 3129 798 αὐτοῖς
3161 731 3290 814 πρὸς
3312 737 3531 807 Μεσση·

1961 825 1989 860 ν
2011 824 2112 870 ους.
3559 847 3584 885 5

2041 909 2161 951 1143.
2206 890 2359 951 σείων
2396 893 2561 974 μέγα,
2591 899 2619 959 6
2654 900 2945 961 Ποσειδῶν.
2981 907 3188 983 σεισμοὶ
3218 907 3320 990 γὰρ
3350 911 3531 990 συχνοὶ

1959 973 2194 1053 ἐγένοντο
2217 975 2303 1036 ὅτε
2336 983 2364 1038 6
2388 979 2618 1060 πόλεμος
2641 986 2985 1059 συνειστήκει.

2041 1082 2165 1124 1144.
2196 1065 2402 1144 Κίμων,
2431 1070 2566 1145 μετὰ
2589 1069 2685 1143 τὴν
2715 1076 2769 1133 ἐν
2795 1076 3091 1147 Πλαταιαῖς
3115 1079 3297 1160 μάχην
3326 1081 3396 1141 16¹
3421 1082 3527 1142 ἔτει

1959 1147 2192 1231 ὕστερον.
2221 1159 2388 1215 ταῦτα
2420 1148 2484 1229 ἦν
2514 1157 2605 1219 ἐπὶ
2629 1162 2970 1240 Θεαγενίδου.
3001 1166 3092 1225 καὶ
3121 1167 3222 1249 γὰρ
3249 1176 3342 1229 τοῦ
3374 1174 3528 1230 Ταϋ-

1959 1235 2110 1316 γέτου
2137 1264 2188 1299 τι
2213 1243 2522 1325 παρερράγη
2549 1246 2640 1305 καὶ
2668 1248 2729 1308 τὸ
2748 1251 2930 1331 ᾠδεῖον
2957 1253 3049 1312 καὶ
3070 1252 3225 1335 ἔτερα
3253 1257 3344 1316 καὶ
3367 1258 3527 1317 οἰκίαι
3558 1277 3611 1315 1ο

1957 1326 2231 1402 πλεῖσται,
2256 1330 2349 1388 καὶ
2373 1333 2665 1406 Μεσσήνιοι
2694 1337 3017 1408 ἀποστάντες
3044 1343 3332 1422 ἐπολέμουν
3361 1344 3454 1405 καὶ
3480 1349 3528 1405 οἱ

1959 1409 2167 1481 εἵλωτες
2204 1418 2525 1498 ἐπέστησαν,
2555 1419 2651 1490 ἕως
2691 1424 2882 1502 Κίμων
2908 1427 3070 1486 ἐλθὼν
3117 1429 3204 1489 διὰ
3230 1431 3328 1504 τὴν
3355 1436 3530 1505 ἱκετη-

1961 1498 2075 1580 ρίαν
2100 1501 2293 1562 ἔσωσεν
2319 1507 2520 1575 αὐτούς.

2046 1608 2165 1649 1113.
2206 1594 2277 1659 ὡς
2297 1593 2427 1673 πρὸς
2444 1603 2688 1672 γυναῖκα.
2714 1597 2855 1677 λέγει
2878 1600 2934 1660 δὲ
2953 1601 3048 1675 τὴν
3067 1608 3164 1680 γῆν
3184 1609 3279 1678 τῆς
3299 1607 3533 1682 Ἀττικῆς

1960 1675 2191 1757 λιπαρὰν
2221 1669 2374 1740 εἷναι.
3563 1722 3609 1760 15

2046 1784 2170 1826 1149.
2216 1767 2435 1849 ἀφήσειν
2457 1775 2553 1844 τῆς
2580 1772 2829 1856 μέμψεως
2855 1777 2970 1839 οἴει.

2047 1873 2169 1912 1152.
2214 1854 2305 1913 καὶ
2338 1853 2441 1938 γὰρ
2467 1862 2572 1917 τῶν
2600 1862 2887 1923 Θετταλῶν
2922 1866 2970 1922 οἱ
3016 1868 3254 1929 πλεῖστοι
3285 1870 3531 1945 ἕὸοήθουν

1962 1938 2170 2001 Ἱππία.

2044 2047 2166 2088 1153.
2212 2029 2570 2111 Ἀριστοτέλης
2592 2036 2722 2118 φησὶ
2751 2039 2885 2116 μετὰ
2919 2041 3008 2101 τὸν
3038 2041 3334 2126 Ἱππάρχου
3368 2046 3529 2108 θάνα-

1958 2138 2046 2175 τον
2073 2117 2315 2198 χρησμὸν
2343 2119 2581 2197 γενέσθαι
2609 2134 2716 2194 τοῖς
2743 2126 2995 2188 Λάκωσιν
3019 2131 3301 2193 καταλύειν
3322 2133 3417 2206 τὴν
3439 2160 3528 2195 τυ-
3557 2156 3611 2195 20

1963 2204 2201 2286 ραννίδα,
2228 2210 2323 2278 τῆς
2366 2208 2614 2286 Πυθίας,
2644 2215 2715 2282 ὡς
2752 2218 2801 2276 οἱ
2844 2214 3257 2293 Ἀλκμαιωνίδαι
3296 2222 3531 2300 ἐμισθώ-

1963 2313 2123 2351 σαντο
2146 2291 2239 2352 τὸν
2263 2295 2317 2353 ἔν
2342 2298 2562 2379 Δελφοῖς
2585 2299 2715 2359 νεὼν
2752 2304 3065 2383 οἰκοδομεῖν,
3104 2313 3335 2389 συνεχῶς
3379 2318 3533 2372 τοῦτο

1961 2378 2174 2462 χρώσης
2195 2381 2371 2449 αὐτοῖς
2399 2386 2830 2466 μαντευομένοις,
2855 2390 2952 2460 ἕως
2970 2392 3220 2476 πρότερον
3249 2395 3346 2475 μὲν
3361 2397 3533 2479 Ἀγχι-

1964 2462 2146 2543 μόλιον
2175 2465 2420 2550 ἔπεμψαν
2463 2471 2602 2531 κατὰ
2643 2476 2940 2557 θάλασσαν,
2983 2482 3429 2564 ἀποκρουσθέντος
3474 2488 3530 2546 δὲ

1961 2554 2118 2612 αὖτοῧ
2160 2555 2481 2638 ὀργισθέντες
2512 2562 2561 2619 οἱ
2590 2560 2811 2623 Λάκωνε
2861 2567 3138 2647 Κλεομένη
3181 2571 3269 2631 τὸν
3307 2573 3528 2652 βασιλέα
3556 2604 3609 2644 8⁶

1960 2638 2054 2699 σὺν
2079 2641 2273 2720 μείζονι
2304 2643 2601 2729 ἐξέπεμψαν
2630 2649 2804 2733 στόλῳ
2817 2697 2834 2726 ,
2863 2654 2954 2714 καὶ
2986 2654 3208 2728 νικήσας
3236 2659 3354 2728 τοὺς
3390 2667 3531 2724 Θετ-

1958 2728 2146 2797 ταλοὺς
2168 2733 2403 2803 εἰσῆλθεν
2427 2736 2502 2801 εἷς
2519 2732 2616 2808 τὴν
2645 2737 2885 2811 Ἀττικὴν
2914 2741 3008 2801 καὶ
3035 2743 3124 2802 τὸν
3159 2743 3372 2806 Ἱππίαν
3400 2771 3528 2807 συν-

1960 2814 2191 2878 έκλεισεν
2220 2822 2294 2889 εἰς
2319 2819 2380 2880 τὸ
2414 2822 2744 2906 Πελαργικὸν
2768 2835 2965 2909 τεῖχος,
2996 2828 3092 2899 ἕως
3129 2835 3178 2892 οἱ
3205 2835 3388 2904 παῖδες
3422 2839 3525 2896 τῶν

1955 2905 2221 2987 τυράννων
2247 2907 2461 2977 ἐξιόντες
2486 2910 2747 2975 ἑάλωσαν.
3061 2977 3072 2988 ,

2044 3012 2169 3055 1157.
2207 2996 2565 3079 ἀγαθωτέραν.
3551 3040 3609 3083 8⁰

2040 3099 2161 3141 1162.
2205 3085 2359 3159 ἡμεῖς
2389 3082 2626 3162 θέλομεν,
2654 3086 2746 3146 ἐάν
2781 3113 2860 3157 τις
2894 3095 3023 3169 ἡμῖν
3064 3094 3260 3175 θελήσῃ
3300 3098 3526 3158 ἀποδοῦ-

1955 3191 2044 3227 ται
2071 3167 2131 3227 τὸ
2167 3168 2438 3247 ἔγκυκλον,
2480 3173 2719 3233 τουτέστι
2768 3176 2865 3250 τὴν
2902 3178 3105 3255 Πύλον,
3144 3181 3232 3242 διὰ
3271 3182 3368 3257 τὴν
3414 3189 3522 3246 τῶν

1954 3258 2143 3336 τειχῶν
2165 3256 2472 3337 περιὸολήν.

2038 3363 2159 3403 1134.
2202 3343 2319 3403 ἀντὶ
2347 3351 2438 3404 τοῦ
2466 3349 2797 3430 ψηλαφῶμεν
2815 3352 2912 3412 καὶ
2940 3355 3312 3437 ἐπιθυμοῦμεν.

2035 3450 2155 3491 1133.
2199 3432 2314 3490 ἀντὶ
2341 3438 2432 3492 τοῦ
2447 3433 2750 3514 οἰκήσομεν.
3548 3476 3602 3516 ³⁶

2035 3539 2158 3579 1159.
2199 3525 2367 3578 ταῦτα
2386 3524 2433 3581 οἱ
2450 3525 2859 3603 Λακεδαιμόνιοι
2880 3531 3087 3591 ἐδόκουν
3111 3535 3204 3593 οὔκ
3219 3536 3523 3609 ἐπιτηδείοις

1949 3603 2109 3687 ἔχειν.
2139 3605 2252 3666 ἔστι
2289 3606 2343 3665 δὲ
2372 3612 2400 3666 6
2421 3609 2659 3691 Ἐχινοῦς
2690 3614 2899 3684 κόλπος.
2935 3618 3097 3697 λιμήν
3135 3624 3277 3684 ἐστιν
3310 3623 3520 3686 ὄπισθεν

1948 3700 2039 3753 τοῦ
2069 3694 2421 3775 Ἐχινοῧντος.

2032 3802 2156 3844 1170.
2199 3782 2360 3857 σκέλη
2384 3783 2542 3855 τόπος
2564 3786 2699 3848 οὕτω
2727 3791 3050 3871 καλούμενος
3084 3799 3178 3869 τῆς
3201 3799 3514 3882 Μεγαρίδος.

1949 3868 2197 3947 σημαίνει
2235 3869 2291 3930 δὲ
2325 3871 2418 3934 καὶ
2451 3873 2512 3934 τὸ
2554 3876 2914 3961 κακέμφατον.
2948 3884 3009 3941 οἱ.
3031 3882 3096 3941 δὲ·
3132 3883 3202 3943 τὰ
3238 3889 3517 3970 Μεγαρικὰ
3545 3915 3598 3955 ω

1947 3956 2027 4016 τεί
2063 3982 2120 4031 η.
2388 3986 2398 4002 ·

2025 3980 2151 4108 ξ171.
2193 4036 2242 4105 ὦ
2261 4047 2559 4127 μαινόμενε.

2030 4153 2149 4194 1173.
2195 4135 2523 4215 ἀπαλλαγεὶς
2569 4143 2664 4198 τοῦ
2698 4142 2940 4221 πολέμου
3008 4147 3202 4226 γυμνὸς
3257 4150 3515 4231 βούλομαι

1945 4229 2211 4302 γεωργεῖν,
2231 4222 2358 4287 ἀντὶ.
2374 4230 2466 4283 τοῦ
2490 4225 2625 4286 θέλω
2648 4227 2746 4301 τὴν
2772 4232 3003 4312 εἰρήνην.

2028 4327 2151 4369 1174.
2197 4307 2313 4368 ἀντὶ
2344 4316 2436 4370 τοῦ
2472 4311 2664 4396 κόπρον
2709 4315 2853 4395 ἄγειν
2878 4324 3104 4401 πρῶτον,
3140 4325 3210 4391 ὣς
3247 4325 3320 4402 μὴ
3356 4328 3511 4389 εὖπο-
3538 4351 3590 4392 15

1947 4392 2172 4476 ρούντων
2201 4397 2373 4456 αὐτῶν
2397 4400 2662 4480 ἀροσίμης
2694 4409 2807 4484 γῆς.

2028 4503 2148 4550 1175..
2192 4485 2320 4564 δρᾶν
2340 4494 2508 4548 ταῦτα
2522 4535 2539 4563 ,
2562 4490 2631 4550 τὰ
2652 4496 2748 4564 τῆς
2769 4494 3042 4576 γεωργίας.

2027 4591 2150 4634 118⁰.
2186 4573 2304 4631 κατ’
2331 4574 2602 4655 ἐρώτησιν.

2027 4678 2158 4719 1181.
2193 4663 2488 4739 τοῗςέμοῖς.

2022 4745 2141 4813 τοὺς
2176 4749 2502 4831 Καρυστίους
2527 4757 2601 4821 ὡς
2635 4754 2850 4835 μοιχοὺς
2878 4762 3237 4841 κωμῳδοῦσιν.
3277 4756 3411 4838 ἦσαν
3448 4768 3504 4829 δὲ
3533 4798 3587 4837 ω

1944 4833 2226 4905 Ἀθηναίων
2250 4835 2546 4919 σύμμαχοι.

2025 4942 2146 4982 1131.
2193 4924 2308 4983 ἀντὶ
2331 4931 2421 4984 τοῦ
2447 4907 2524 4987 ῶν
2549 4928 2763 5009 εἴχομεν
2791 4922 3093 5012 ἐδεσμάτων
3111 4940 3165 4997 ἐν
3191 4944 3257 5020 τῇ·
3286 4942 3460 5024 κίστῃ.

2025 5029 2144 5069 1189.
2190 5014 2434 5086 ἀποκοπή
2473 5017 2586 5076 ἐστι
2618 5023 2712 5077 τοῦ
2740 5019 2902 5080 ἄλλου
2928 5030 3118 5104 χοροῦ,
3143 5029 3213 5095 ὡς
3237 5030 3362 5112 παρ’
3391 5034 3505 5098 Εὖ,-

1895 5129 1904 5153 ι
1943 5094 2117 5155 πόλιδι
2139 5098 2192 5155 ἐν
2219 5097 2437 5170 Κόλαξι.
