3859 5725
345 271 461 324 884

424 413 546 455 11⁶2.
581 392 763 475 ὄφελος
792 412 808 453 :
838 387 1041 471 Ἦγουν
1063 393 1309 474 ὠφέλεια.
1335 404 1433 452 Do.

1476 258 1861 322 SCROLIA
1905 259 2000 323 IN
2047 263 2439 328 PLUTUM.

1955 420 1966 490 Ι
1999 395 2118 466 τοὺς
2138 397 2427 479 βλέποντας
2440 399 2707 480 ἡγεῖσθαι,
2726 403 2984 485 ἐπήνεγκε
3002 405 3058 465 δὲ
3078 408 3571 490 ἐπὶτοῦΠλούτου,

424 501 545 542 1166.
583 488 863 562 στροφαῖον
902 500 919 543 2
949 479 1110 563 [Ἐπὶ
1139 483 1411 563 ἀποτροπῇ
1438 481 1544 541 τῶν
1582 480 1758 541 ἄλλων
1785 483 1914 542 κλε-
2000 483 2216 566 φάσκων
2236 487 2392 548 αὐτὸν
2420 489 2522 561 ἤδη
2550 488 2781 569 βλέπειν,
2809 491 2902 551 καὶ
2927 493 3004 572 μὴ
3024 495 3225 556 δεῖσθαι
3248 499 3459 579 ὁδηγοῦ.
3490 536 3569 549 -

341 574 507 630 πνῶν.
531 572 838 650 στροφαῖος,
867 567 1017 648 παρὰ
1043 567 1104 627 τὸ
1124 566 1439 650 στρέφεσθαι
1464 568 1555 627 καὶ
1580 574 1910 652 πανουργεῖν.
1996 572 2275 652 ἡγεμόνιον
2298 596 2312 636 :
2336 576 2707 657 Προοδοποιόν.
2726 591 2783 639 Θ.
2808 594 2908 642 Dv.
2933 585 3275 664 προοδοποιὸν
3291 587 3570 659 ποιήσατε.

341 658 550 735 λέγεται
577 655 635 716 δὲ
659 662 689 717 6
717 656 953 739 Ἑρμῆς,
981 656 1289 738 στροφαῖος,
1320 658 1634 734 ἐμπολαῖος,
1660 661 1911 741 κερδῷος,

289 760 317 801 ο
343 744 538 816 δόλιος,
582 742 882 825 ἠγεμόνιος,
925 743 1226 822 ἐναγώνιος,
1279 744 1534 814 διάκονος.
1656 744 1909 828 Ἄλλως]

345 833 603 915 (στροφὸν,
627 833 742 891 ἐπεὶ
770 831 983 916 στροφοὶ
1004 832 1243 912 λέγονται
1271 835 1319 892 οἱ
1342 834 1801 913 συμπεπλεγμένοι
1824 836 1910 895 λό·

341 942 426 999 γοι
452 919 544 978 καὶ
580 919 800 998 δολεροί.
922 913 1172 998 Ἄλλως.)
1201 924 1482 1001 στροφαῖον
1520 921 1739 981 ἐκάλουν
1768 923 1914 1004 ἱδρυ-

343 1006 499 1082 μένον
528 1006 676 1088 παρὰ
718 1011 786 1087 τῇ
816 1005 947 1088 θύρᾳ
988 1003 1121 1085 [τὸν]
1165 1006 1406 1085 δαίμονα·
1436 1007 1551 1086 ἅμα
1589 1007 1645 1068 δὲ
1680 1009 1826 1091 παρὰ
1853 1010 1912 1069 τὸ

342 1094 580 1176 στρέφειν
598 1095 667 1153 τὰ
688 1094 998 1176 πράγματα·
1024 1097 1073 1154 οἱ
1096 1092 1152 1154 δὲ
1170 1100 1322 1154 τοῦτο
1341 1102 1605 1165 ποιοῦντες
1626 1104 1911 1178 πανοῦργοι

267 1202 316 1244 ιο
342 1182 601 1262 λέγονται.
616 1181 729 1243 ἔστι
748 1181 804 1242 δὲ
824 1181 1098 1259 ἐπωνυμία
1117 1181 1348 1264 Ἑρμοῦ,
1367 1184 1513 1266 παρὰ
1528 1185 1588 1244 τὸ
1605 1193 1719 1252 ταῖς
1733 1184 1911 1268 θύραις

342 1270 581 1351 ἱδρύσθαι
609 1269 697 1331 ἐπὶ
735 1273 943 1352 φυλακῇ
970 1273 1074 1328 τῶν
1103 1269 1279 1330 ἄλλων
1319 1274 1575 1331 κλεπτῶν·
1620 1265 1781 1349 (οὗτοι
1809 1272 1911 1355 γὰρ

342 1358 514 1418 ὀπίσω
536 1361 639 1416 τῶν
660 1363 827 1438 θυρῶν
850 1356 1063 1417 εἰώθασι
1090 1358 1183 1417 καὶ
1206 1357 1520 1419 ἀναδύεσθαι
1541 1360 1631 1419 καὶ
1655 1359 1788 1428 ὅλως
1804 1384 1914 1419 πα-

341 1445 726 1526 νουργεύεσθαι.
754 1448 771 1523 )
801 1485 862 1494 -
889 1445 1167 1528 στροφαῖον
1197 1466 1213 1507 1
1238 1446 1514 1527 Πυλωρὸν,
1535 1446 1656 1506 ἔνθα
1674 1448 1766 1508 καὶ
1789 1448 1910 1508 ἔνθα

342 1531 706 1615 στρεφόμενον.
718 1542 776 1592 Θ.
793 1545 890 1592 Do.
905 1531 1272 1614 στρεφόμενον.
1296 1532 1573 1616 ἱδρύσασθε
1590 1555 1605 1595 :
1620 1534 1909 1607 Ποιήσατε.

263 1641 314 1681 15
341 1631 447 1678 LB.
472 1619 733 1699 πυλωρόν.
765 1630 830 1678 Ρ.
859 1618 1133 1697 ἐπωνυμία
1162 1619 1274 1679 ἐστὶ
1302 1626 1458 1679 τοῦτο
1479 1627 1570 1680 τοῦ
1599 1627 1734 1682 θεοῦ·
1762 1623 1909 1704 παρὰ

340 1703 401 1763 τὸ
427 1713 543 1772 ταῖς
575 1704 752 1787 θύραις
787 1704 1026 1788 ῖδρύσθαι
1054 1705 1143 1766 ἐπὶ
1184 1710 1395 1790 φυλακῇ
1433 1713 1537 1767 τῶν
1580 1710 1755 1769 ἄλλων
1790 1714 1908 1770 κλε-

340 1795 508 1854 πτῶν.
549 1802 827 1875 στροφαῖον
854 1787 942 1852 οὖν
969 1795 1090 1875 περὶ
1122 1793 1220 1867 τὴν
1249 1795 1410 1875 θύραν
1438 1797 1556 1855 ἀντὶ
1579 1803 1671 1857 τοῦ
1699 1798 1909 1881 φύλακα

340 1883 436 1952 τῆς
462 1878 617 1960 θύρας
645 1880 750 1939 ἀπὸ
778 1886 872 1953 τῆς
900 1881 1224 1964 στρόφιγγος.
1254 1887 1284 1942 6
1312 1882 1367 1942 δὲ
1396 1884 1636 1963 θεράπων
1661 1886 1724 1945 τὸ
1752 1910 1912 1969 στρο-

342 1976 492 2048 φαῖον
544 1968 633 2027 ἐπὶ
673 1972 778 2028 τῶν
832 1969 1015 2029 δολίων
1060 1969 1152 2028 καὶ
1199 1972 1687 2052 συμπεπλεγμένων
1739 1974 1909 2054 λόγων

262 2075 317 2115 110
344 2055 682 2133 ἐκλαμὸάνει·
708 2057 820 2117 ἐπεὶ
845 2057 1090 2136 σημαίνει
1111 2058 1204 2117 καὶ
1226 2064 1381 2118 τοῦτο
1399 2064 1433 2132 ἡ
1456 2059 1609 2129 λέξις·
1635 2067 1912 2145 στροφαῖον

340 2142 442 2225 γὰρ
467 2142 636 2225 φαμὲν
662 2143 952 2227 ἄνθρωπον,
973 2135 1062 2205 τὸν
1090 2145 1263 2205 εἰδότα
1293 2147 1614 2226 συμπλέκειν
1643 2151 1736 2210 καὶ
1759 2150 1912 2233 στρέ-

342 2253 455 2312 φειν
485 2230 670 2309 λόγους
696 2232 788 2291 καὶ
815 2232 1078 2313 μηχανάς.
1107 2245 1165 2292 Ρ.

425 2337 547 2379 1164.
590 2323 870 2402 στροφαῖον
900 2340 915 2379 :
942 2321 1267 2400 Πανοῦργον.
1295 2333 1360 2380 Ρ.
1397 2327 1716 2406 στροφαῖονς
1745 2325 1909 2398 Ποιή-

340 2405 505 2483 σομέν
530 2429 622 2479 σε,
646 2418 753 2467 LB.
775 2409 893 2466 ἀλλ’
914 2408 1009 2466 οὐκ
1116 2411 1354 2489 στροφῶν
1381 2429 1396 2470 :
1428 2410 1545 2468 ἀντὶ
1566 2416 1659 2470 τοῦ
1680 2413 1737 2470 οὐ
1758 2412 1912 2492 χρεία

263 2518 316 2557 25
344 2493 456 2552 ἐστὶ
495 2498 822 2574 πανουργεῖν.
853 2505 912 2551 R.
940 2505 1007 2555 V.
1054 2495 1211 2575 χρεία
1246 2496 1474 2577 ὑπάρχει
1505 2499 1748 2577 οὐδαμῶς
1782 2505 1911 2578 ἡμῖν
1994 2519 2027 2530 ““

343 2580 618 2654 κινήσεων.
659 2592 762 2642 LB.
791 2584 908 2641 ἀλλ’
939 2583 1155 2661 οὖδεμία
1183 2585 1404 2667 ἐργασία
1438 2587 1551 2646 ἐστὶ
1575 2588 1909 2661 δολιοτήτων.

345 2678 409 2727 Ρ.
440 2672 675 2750 στροφῶν
706 2688 721 2730 2
759 2671 1101 2751 Πανουργιῶν
1134 2670 1225 2730 καὶ
1259 2671 1519 2742 ποικιλίας
1556 2673 1647 2734 καὶ
1676 2680 1914 2758 στροφῶν

342 2755 407 2816 λό
441 2780 531 2815 ων.
562 2760 635 2819 Θ.

407 2781 590 2925 γ(11515.)
622 2846 739 2905 ἀλλ’
778 2845 1064 2923 ἐμπολαῖον
1093 2865 1108 2907 t
1139 2848 1586 2929 Πραγματευτὴν,
1614 2846 1650 2923 ἢ
1676 2850 1794 2912 ἀντὶ
1819 2857 1913 2912 τοῦ

263 2953 318 2995 ³0
346 2934 612 3013 ἀγοραῖον,
648 2932 740 2991 καὶ
767 2937 860 3005 τῆς
886 2934 1179 3005 καπηλείας
1204 2940 1533 3018 προεστῶτα.
1561 2940 1910 3018 παλιγκάπη-

342 3022 427 3080 λοι
455 3020 509 3080 δὲ
529 3019 771 3099 λέγονται
794 3024 843 3080 οἱ
869 3021 936 3080 τὰ
966 3021 1102 3081 αὐτὰ
1127 3026 1421 3093 πωλοῦντες
1441 3025 1531 3084 καὶ
1555 3027 1909 3109 ἀγοράζοντες.

344 3107 564 3175 Ἄλλως.
589 3107 744 3167 πέντε
773 3107 903 3167 εἰσὶν
929 3112 984 3167 αἱ
1010 3110 1253 3192 διαφοραὶ
1279 3116 1383 3171 τῶν
1407 3113 1743 3190 πωλούντων,
1765 3118 1914 3176 αὖτο-

344 3195 554 3269 πώλης,
596 3194 858 3268 κάπηλος,
910 3196 1161 3278 ἔμπορος,
1206 3200 1640 3278 παλιγκάπηλος,
1682 3203 1912 3281 μεταδο-

344 3281 479 3350 λεύς.
497 3282 587 3341 καὶ
610 3281 749 3341 ἔστιν
775 3284 1084 3355 αὗτσπώλης
1101 3284 1197 3363 μὲν
1216 3289 1243 3345 ὁ
1264 3289 1317 3346 ἐν
1335 3292 1401 3369 τῇ
1424 3289 1531 3371 ἰδίᾳ
1545 3292 1698 3373 χώρᾳ
1720 3292 1912 3350 πωλῶν

265 3395 318 3436 25
343 3365 442 3440 τὴν
477 3372 665 3428 ἑαυτοῦ
692 3368 964 3450 πρόσοδον·
993 3370 1232 3444 κάπηλος
1256 3372 1312 3432 δὲ
1341 3378 1368 3434 ὁ
1396 3377 1663 3458 ἀγοράζων
1691 3379 1796 3437 ἀπὸ
1820 3384 1912 3437 τοῦ

346 3454 653 3515 αὖτοπώλου
697 3455 789 3514 καὶ
830 3459 1024 3516 πωλῶν
1068 3461 1123 3518 ἐν
1160 3464 1226 3539 τῇ
1268 3458 1421 3542 χώρᾳ
1464 3466 1515 3521 ἐν
1559 3457 1598 3542 ᾗ
1635 3463 1910 3546 ἠγόρασεν·

346 3540 572 3624 ἔμπορος
607 3542 661 3602 δὲ
700 3546 728 3601 ὁ
757 3543 1027 3625 ἀγοράζων
1054 3545 1146 3606 καὶ
1185 3547 1274 3605 ἐπὶ
1311 3547 1453 3620 ξένης
1480 3554 1687 3610 πωλῶν·
1717 3550 1774 3631 [ἢ
1806 3552 1913 3611 ἀπὸ

346 3636 441 3689 τοῦ
466 3628 774 3691 αὐτοπώλου
800 3629 834 3702 ἢ
860 3631 966 3691 ἀπὸ
992 3639 1085 3692 τοῦ
1110 3634 1400 3715 καπήλου.]
1429 3637 1835 3715 παλιγκάπηλος
1857 3638 1914 3698 δὲ

348 3720 376 3775 ὁ
403 3716 510 3775 ἀπὸ
536 3722 628 3776 τοῦ
665 3715 896 3797 ἐμπόρου
927 3718 1195 3803 ἀγοράζων
1223 3720 1315 3779 καὶ
1346 3723 1556 3783 πωλῶν.
1597 3723 1913 3800 μεταὸολεὺς

268 3831 323 3871 ω
350 3802 405 3862 δὲ
427 3808 457 3863 6
478 3802 617 3864 κατὰ
641 3804 736 3876 τὴν
765 3804 989 3879 κοτύλην
1017 3809 1230 3880 πωλῶν,
1253 3806 1433 3890 ὥσπερ
1461 3812 1510 3868 οἱ
1531 3817 1618 3870 νῦν
1644 3812 1913 3889 λεγόμενοι

349 3894 598 3966 κάπηλοι·
639 3892 842 3975 εἴρηται
884 3894 940 3954 δὲ
988 3896 1133 3978 παρὰ
1172 3896 1234 3956 τὸ
1274 3902 1505 3977 συνεχῶς
1543 3899 1912 3979 μεταὸάλλειν.

348 3981 440 4041 καὶ
477 3973 633 4041 αὗται
662 3980 755 4060 μέν
793 3984 923 4041 εἰσιν
952 3986 1008 4042 αἱ
1042 3985 1305 4063 σημασίαι
1332 3984 1520 4069 κυρίως
1545 3992 1650 4047 τῶν
1678 3987 1915 4048 πωλούν-

349 4093 474 4129 των·
489 4073 926 4151 καταχρηστικῶς
939 4070 993 4131 δὲ
1012 4082 1115 4140 πᾶς
1130 4075 1321 4155 πωλῶν
1338 4074 1572 4148 κάπηλος
1585 4074 1816 4154 λέγεται.
1835 4111 1916 4125 --

353 4156 471 4216 ἀλλ’
512 4158 800 4235 ἐμπολαῖον
832 4179 847 4220 z
883 4158 1151 4231 Ποιήσατε
1174 4160 1400 4242 πράτην.
1438 4174 1541 4222 LB.
1569 4186 1915 4245 πραγματευ-

271 4276 324 4315 ⁴5
351 4243 466 4316 τήν.
498 4257 595 4303 Dv.
624 4245 1097 4325 πραγματευτικόν.
1129 4259 1192 4306 Ρ.

433 4352 552 4393 11116.
597 4330 804 4413 Ἑρμῆν
830 4352 844 4393 2
871 4331 997 4394 Τόν.
1024 4334 1430 4415 παλιγκάπηλον
1459 4358 1475 4399 z
1503 4337 1612 4398 Τὸν
1638 4337 1914 4419 μεταπρά-

349 4442 465 4491 την.
489 4429 593 4477 LB.
622 4418 989 4491 καπηλεύοντα
1034 4420 1103 4479 τὰ
1146 4423 1482 4502 πωλούμενα.
1521 4428 1593 4487 Θ.
1638 4438 1736 4487 Dv.
1778 4429 1857 4487 δεῖ
1895 4447 1911 4488 :

352 4505 667 4567 Ἀπόκειται.
692 4503 729 4576 ἢ
757 4506 956 4587 πρέπον
980 4508 1107 4568 ἐστί.
1133 4521 1237 4570 LB.

436 4612 556 4655 11⁶7.
600 4592 769 4653 δόλιον
797 4614 813 4654 t
848 4593 1078 4676 Ἔφορον
1108 4603 1199 4657 τοῦ
1228 4596 1379 4658 δόλου
1409 4600 1687 4673 ποιήσατε.
1721 4604 1915 4678 ἥκιστά

273 4718 328 4759 w
351 4705 414 4761 γε
441 4702 456 4742 z
492 4680 792 4758 Ποιήσομέν
819 4704 880 4741 σε
906 4684 1163 4760 οὐδαμῶς.
1188 4696 1291 4745 ιΒ.
1319 4687 1579 4767 οὐδαμῶς.
1610 4702 1669 4751 Θ.

439 4790 555 4830 1166.
596 4769 795 4853 Ἔργον
837 4792 852 4833 :
893 4772 1064 4854 Χρεία
1100 4773 1240 4833 ἐστὶν
1269 4779 1420 4854 ἡμῖν.
1448 4778 1633 4839 ἁπλῶν
1659 4776 1866 4863 τρόπων
1897 4803 1916 4846 :

356 4854 687 4923 Ἀδολιεύτων
714 4860 874 4929 ἠθῶν.
902 4870 1003 4918 LB.

1997 671 2102 721 LB.
2126 660 2333 740 ὁδηγόν.
2356 674 2418 721 Ρ.
2445 662 2525 723 ὅτι
2544 669 2573 723 6
2595 663 2800 746 Ἑρμῆς
2822 669 2913 727 καὶ
2934 674 2963 728 6
2983 670 3135 749 λόγος
3161 672 3334 734 καὶτὸ
3360 676 3573 755 λογικὸν

1997 749 2303 826 ἡγεμονεύει
2337 754 2536 831 τεχνῶν
2580 753 2672 812 καὶ
2707 761 3031 836 πρακτικῶν,
3067 762 3324 831 ὑποτιθεὶς
3359 762 3574 848 ἑκάστῳ
3602 775 3635 814 ⁸

1998 835 2090 894 καὶ
2114 835 2413 917 ἐφευρήσεις
2433 837 2527 897 καὶ
2550 842 2868 923 πανουργίας
2894 845 2986 903 καὶ
3008 848 3266 928 ἀφορμάς.
3290 851 3578 930 ἡγεμόνιος

1998 920 2053 981 δὲ
2079 922 2402 1002 λέγεταικαὶ
2430 929 2457 985 6
2485 927 2669 1007 δδηγὸς
2694 933 2798 988 τῶν
2826 934 3053 1014 τυφλῶν·
3083 935 3163 994 διὸ
3194 937 3346 1018 φησὶ,
3372 940 3515 1000 Ἀλλ’
3545 946 3579 1000 ὁ

1998 1009 2112 1077 θεὸς
2133 1010 2238 1084 ἤδη
2271 1012 2470 1092 βλέπει.
2502 1025 2602 1076 LB.
2633 1020 2662 1074 δ
2701 1017 2811 1086 θεὸς
2843 1039 2858 1079 2
2895 1019 2964 1082 ‘O
2989 1024 3247 1091 Πλοῦτος.
3275 1038 3380 1087 LB.
3411 1027 3521 1103 ἤδη
3554 1050 3573 1092 :

1998 1097 2126 1157 Ἀπὸ
2150 1105 2241 1158 τοῦ
2263 1105 2371 1161 νῦν.
2396 1113 2492 1160 Dv.
2519 1103 2636 1161 ἀντὶ
2652 1110 2745 1163 τοῦ
2767 1109 2797 1164 6
2818 1108 3072 1177 Πλοῦτος.
3099 1109 3239 1171 ὥστε
3266 1112 3343 1191 μὴ
3368 1114 3580 1178 δεῖσθαι

1996 1185 2250 1264 ἡγεμόνος
2273 1188 2364 1246 καὶ
2388 1192 2597 1267 ὁδηγοῦ.
2628 1201 2686 1249 Β.
3612 1215 3665 1257 16

2078 1297 2196 1337 1160.
2222 1277 2473 1355 ἡγεμόνος
2494 1298 2509 1340 :
2531 1281 2686 1349 Τινὸς
2703 1284 2896 1364 ὁδηγοῦ
2916 1287 3074 1365 (Dm).
3170 1289 3318 1351 οὐδὲν
3344 1293 3581 1355 :063⁸-

1997 1365 2108 1439 μῶς
2126 1363 2287 1442 (01)..)
2303 1364 2576 1444 δεησόμεθ’
2590 1367 2667 1427 ἔτι
2691 1391 2706 1431 :
2732 1372 2930 1453 Χρείαν
2950 1373 3131 1453 ἕξομεν
3146 1381 3217 1445 εἰς
3233 1377 3294 1438 τὸ
3312 1379 3447 1453 ἑξῆς.
3459 1393 3575 1446 LB.

1995 1452 2066 1517 εἷς
2092 1450 2276 1532 χρείαν
2304 1452 2556 1532 ἔλθωμεν.
2586 1469 2687 1518 Dv.

2080 1559 2198 1600 1161.
2243 1540 2515 1620 ἐναγώνιος
2543 1565 2558 1604 :
2592 1544 2928 1619 Ἐπιστάιης
2953 1552 3056 1608 τῶν
3088 1551 3305 1630 ἀγώνων
3334 1555 3429 1617 καὶ
3454 1579 3579 1617 πα-

1994 1624 2279 1708 νηγύρεων.
2298 1639 2399 1686 LB.
2418 1632 2628 1708 ’ἀγῶνας
2649 1633 2741 1692 καὶ
2763 1634 3084 1718 πανηγύρεις
3105 1640 3467 1721 ἐργαζόμενος.
3492 1649 3576 1714 εἰς
3609 1662 3663 1704 ιι

1997 1715 2295 1794 ἀνατροπὴν
2333 1717 2536 1780 τούτου.
2575 1731 2635 1779 θ.
2663 1734 2760 1781 Dv.
2795 1726 2983 1804 μοῖραν
3015 1724 3116 1808 γὰρ
3151 1730 3204 1786 ἐν
3232 1734 3341 1798 τοῖς
3367 1734 3574 1811 ἀγῶσιν

1997 1799 2107 1881 ἔχει
2134 1806 2163 1860 6
2185 1801 2407 1885 Ἑρμῆς.
2441 1817 2498 1864 R.
2514 1819 2574 1866 V·
2592 1818 2650 1866 Ρ.
2689 1811 2821 1891 ἐρεῖς
2846 1830 2861 1871 :
2887 1810 3084 1881 Λέξεις.
3113 1828 3214 1875 LB.
3242 1817 3431 1898 λέγεις.
3464 1835 3571 1884 Do.

2078 1910 2194 1949 11⁶2.
2237 1893 2647 1975 συμφορώτατον
2671 1919 2686 1958 :
2712 1897 2845 1958 Δίαν
2865 1900 3151 1981 συμφέρον.
3177 1903 3284 1968 ΐΒ.
3308 1907 3579 1989 ἁρμοδιώ-

1999 2000 2172 2037 τατον.
2196 1990 2297 2040 Dv.
2327 1980 2445 2040 ἀντὶ
2475 1988 2565 2043 τοῦ
2595 1985 2863 2064 ἁρμόδιον.
2894 2000 2955 2049 R.
2982 2000 3111 2050 KG.

2079 2086 2198 2126 1166.
2244 2069 2526 2144 μουσικοὺς
2556 2092 2571 2132 :
2601 2071 2876 2151 Λογικούς.
2912 2087 2975 2136 Ρ.
3007 2078 3259 2155 μουσικὰς
3290 2103 3306 2143 :
3338 2085 3565 2169 Χορούς.
3600 2109 3662 2150 ²0

1997 2164 2095 2213 Dv.
2124 2154 2406 2231 γυμνικούς
2441 2177 2455 2217 :
2488 2159 2861 2243 Παλαίστρας,
2898 2163 3120 2246 δρόμους
3157 2169 3250 2227 καὶ
3276 2171 3345 2230 τὰ
3369 2173 3574 2244 τούτοις

1997 2238 2175 2319 ὅμοια.
2204 2254 2265 2304 Θ.
2302 2245 2652 2329 παλαίστρας.
2686 2262 2781 2311 Dv.
2817 2251 3032 2334 χοροὺς,
3070 2256 3341 2338 ὀρχήσεις,
3368 2264 3575 2324 παλαί-

1998 2349 2157 2407 στρας
2174 2373 2191 2406 ,
2227 2328 2451 2411 δρόμους
2475 2333 2566 2394 καὶ
2602 2332 2671 2392 τὰ
2698 2343 2933 2400 τοιαῦτα.
2964 2350 3028 2401 Ρ.
3058 2342 3247 2424 χοροὺς
3277 2346 3369 2405 καὶ
3396 2349 3572 2431 ὀρχή-

1999 2436 2121 2480 σεις.
2147 2427 2206 2476 θ.

2082 2521 2200 2564 1164.
2244 2507 2315 2572 ὡς
2364 2525 2379 2567 2
2409 2506 2563 2580 Δίαν,
2592 2507 2770 2578 ὄντως.
2811 2515 2882 2574 Θ.
2922 2526 3018 2576 Dv.
3055 2520 3126 2584 ὡς
3149 2520 3343 2598 ἀγαθὸν
3376 2544 3393 2584 t
3428 2524 3565 2585 Λίαν
3597 2545 3659 2587 ιο

2000 2589 2279 2672 συμφέρον.
2315 2605 2416 2654 LB.
2447 2596 2745 2673 ἐπωνυμίας
2782 2620 2798 2660 :
2835 2602 3029 2661 ὡσανεὶ
3057 2603 3204 2685 ἔλεγε
3238 2610 3414 2670 πολλὰ
3446 2613 3568 2672 ὀνό-

2000 2700 2143 2754 ματα
2174 2677 2329 2757 ἔχειν.
2360 2691 2418 2738 R.
2456 2683 2739 2760 ὀνομασίας
2780 2689 2942 2766 (ΔΒ).
2973 2689 3112 2771 ἔχειν
3147 2712 3163 2753 :
3190 2698 3439 2777 Κρατεῖν.
3468 2717 3563 2765 ὒν.

2081 2784 2200 2826 1165.
2245 2765 2516 2848 ἐξεύρηκεν
2562 2792 2579 2832 z
2608 2771 2713 2831 Διὸ
2737 2778 2843 2834 τῶν
2869 2779 3083 2838 πολλῶν
3118 2784 3453 2863 ἐπωνυμιῶν.
3492 2796 3563 2855 Θ.

2000 2863 2097 2913 Dv.
2127 2850 2318 2934 βιότιον
2344 2875 2359 2916 :
2388 2854 2518 2937 βίον,
2555 2864 2982 2944 ὑποκοριστικῶς.
3017 2879 3076 2927 R.
3102 2880 3166 2932 V.
3189 2874 3385 2956 μικρὰν
3408 2879 3565 2953 ζωήν.

1999 2937 2072 3000 Θ.
2102 2951 2207 3001 LB.
2233 2954 2332 3003 Dv.
3591 3004 3655 3045 ω

2080 3057 2198 3097 1166.
2239 3040 2333 3097 οὗκ
2352 3039 2463 3108 ἐτὸς
2484 3040 2710 3112 ἅπαντες
2733 3066 2747 3106 :
2777 3046 2993 3108 Ὡσανεὶ
3020 3049 3216 3132 ἔλεγεν,
3241 3059 3301 3116 οὗ
3326 3064 3568 3138 ματαίως

2000 3122 2103 3205 ἄρα
2131 3124 2413 3187 σπεύδουσι
2441 3129 2614 3189 πολλὰ
2640 3130 2872 3210 ὀνόματα
2905 3135 3064 3216 ἔχειν,
3090 3138 3178 3199 ἵνα
3194 3187 3211 3220 ,
3242 3143 3336 3204 ἐὰν
3363 3150 3570 3211 ἀποτύ-

1996 3234 2163 3290 χωσιν
2191 3213 2324 3286 ἐνὸς,
2354 3216 2426 3283 εἰς
2451 3214 2582 3277 ἄλλο
2612 3219 2866 3280 δικάσωσι
2894 3225 3246 3308 δικαστήριον.
3280 3234 3339 3312 (6
3364 3237 3570 3301 τούτων

1998 3304 2112 3367 νοῦς
2136 3303 2197 3360 ἐκ
2222 3305 2325 3360 τῶν
2346 3304 2737 3385 προειρημένων
2769 3315 2852 3380 [ad
2870 3330 2919 3366 v.
2945 3320 3056 3387 277]
3094 3315 3216 3397 περὶ
3238 3324 3333 3392 τῆς
3357 3326 3571 3409 κληρώ.

1999 3406 2129 3453 σεως
2176 3388 2281 3445 τῶν
2325 3391 2655 3468 γραμμάτων
2704 3394 2796 3453 καὶ
2845 3398 2949 3454 τῶν
2996 3398 3344 3484 δικαστηρίων
3390 3411 3567 3483 δῆλος.
3596 3436 3656 3477 8

1999 3472 2206 3532 ἐποίουν
2236 3471 2292 3532 δὲ
2315 3481 2466 3534 τοῦτο
2494 3481 2542 3537 οἱ
2571 3480 2891 3557 δικάζοντες,
2915 3483 3030 3559 ἵνα,
3061 3487 3150 3548 ἐὰν
3180 3493 3569 3578 ἀπολειφθῶσιν

1998 3558 2134 3633 ἑνὸς,
2171 3563 2225 3620 ἐν
2252 3565 2329 3642 τῷ
2366 3562 2511 3644 ἄλλῳ
2547 3568 2829 3645 δικάσωσι,
2865 3573 2954 3633 τὸν
2982 3578 3176 3638 πεσσὸν
3216 3581 3309 3641 καὶ
3341 3588 3414 3654 εἰς
3447 3588 3569 3652 τόδε

1998 3648 2089 3705 καὶ
2129 3650 2201 3713 εἷς
2235 3649 2354 3709 τόδε
2395 3652 2748 3729 ἐμὸάλλοντες
2785 3663 2889 3719 τῶν
2928 3661 3330 3749 δικαστηρίων.)
3361 3708 3443 3720 —
3470 3680 3574 3739 οὐκ

1999 3733 2112 3801 ἐτὸς
2143 3755 2160 3795 2
2186 3738 2267 3797 Οὐ
2306 3738 2561 3815 ματαίως.
2600 3754 2703 3803 LB.
2728 3747 2788 3804 οὗ
2828 3747 3022 3824 μάτην,
3058 3754 3117 3811 οὗ
3150 3756 3374 3835 ψεκτῶς.
3401 3774 3469 3823 Ρ.
3495 3796 3573 3807 —-

1999 3821 2111 3888 ἐτὸς
2144 3842 2159 3883 t
2193 3823 2403 3896 Μάτην.
2435 3828 2508 3889 Θ.
2540 3841 2636 3889 Dv.
2666 3830 2859 3900 πάντες
2895 3855 2912 3895 2
2939 3835 3116 3897 Ὅλοι.
3146 3843 3193 3899 οἱ
3222 3843 3515 3918 δικάζοντες
3546 3871 3565 3912 :
3597 3872 3657 3913 «o

1995 3910 2066 3967 Οἱ
2104 3910 2282 3991 κριταί
2317 3913 2475 3993 (Dm.)
2508 3915 2655 3992 θαμὰ
2692 3939 2708 3979 :
2751 3921 2996 4002 Συνεχῶς
3035 3927 3161 4004 (9.).
3192 3940 3297 3991 LB.
3329 3935 3426 3994 οὐκ
3451 3936 3571 4007 ἐτὸς

2001 3995 2226 4065 ἅπαντες
2264 4018 2279 4059 :
2312 4002 2393 4059 Οὔ
2418 4002 2653 4077 ματαίως
2682 4005 2784 4086 ἄρα
2813 4011 2862 4067 οἳ
2895 4011 2947 4068 ἐν
2974 4013 3088 4079 ταῖς
3112 4013 3375 4092 Ἀθήναις,
3405 4021 3569 4102 φησὶ,

2000 4083 2295 4154 δικάζοντες
2323 4090 2633 4149 σπεύδουσιν
2661 4093 2716 4150 ἐν
2744 4096 2956 4164 πολλοῖς
2978 4100 3269 4182 γεγράφθαι
3301 4105 3569 4187 γράμμα-

2001 4192 2080 4229 σιν
2108 4174 2162 4230 ἐν
2196 4175 2304 4241 τοῖς
2326 4175 2695 4259 δικαστηρίοις.
2723 4181 2844 4264 περὶ
2872 4183 2928 4242 δὲ
2962 4190 3066 4244 τῶν
3102 4191 3435 4267 γραμμάτων
3471 4197 3569 4257 καὶ

2000 4259 2347 4342 δικαστηρίων
2369 4263 2648 4337 Ἀθηναίων
2670 4267 2866 4350 ἔφημεν
2890 4270 3120 4347 ὄπισθεν,
3142 4280 3256 4344 πῶς
3277 4280 3331 4336 ἐν
3356 4281 3566 4367 ἑκάστῳ
3596 4318 3657 4359 45

1999 4337 2063 4419 ἦν
2095 4348 2457 4428 γεγραμμένον
2486 4358 2760 4434 στοιχεῖον·
2799 4359 2851 4416 ἐν
2877 4358 2973 4436 μὲν
3002 4363 3079 4442 τῷ
3115 4367 3206 4421 τοῦ
3239 4364 3568 4450 Ἄρεοπάγου

2001 4434 2318 4517 δικαστηρίῳ
2343 4437 2446 4518 πρὸ
2473 4443 2575 4498 τῶν
2612 4446 2781 4524 θυρῶν
2814 4445 3178 4528 ἐπεγέγραπτο
3201 4452 3273 4510 α’·
3313 4455 3368 4512 ἐν
3406 4455 3464 4516 δὲ
3495 4465 3569 4542 τῇ

2002 4520 2218 4604 Ἡλιαίᾳ
2245 4524 2316 4596 η’·
2340 4527 2395 4584 ἐν
2414 4523 2469 4584 δὲ
2492 4531 2568 4608 τῷ
2585 4530 2638 4587 ἐν
2658 4531 2930 4610 Φρεαττοῖ
2950 4534 3012 4607 δ’,
3037 4534 3128 4594 καὶ
3158 4538 3212 4595 ἐν
3234 4546 3344 4609 τοῖς
3362 4543 3569 4615 λοιποῖς

1999 4608 2248 4679 ὡσαύτως
2261 4635 2274 4649 ·
2298 4612 2385 4672 διὰ
2407 4619 2559 4674 τοῦτο
2577 4615 2676 4699 ἔφη
2690 4663 2706 4692 ,
2733 4619 3044 4683 σπεύδουσιν
3064 4626 3120 4684 ἐν
3144 4629 3358 4699 πολλοῖς
3378 4636 3571 4715 γεγρά-

1999 4703 2124 4779 φθαι
2150 4697 2478 4781 γράμμασιν.
2504 4720 2600 4770 LB.

2083 4804 2201 4845 1167.
2248 4786 2561 4869 (γεγράφθαι
2597 4810 2614 4851 2
2652 4790 2791 4852 Ἀντὶ
2824 4800 2916 4855 τοῦ
2951 4797 3286 4875 ὠνομάσθαι,
3311 4802 3450 4866 ὥστε
3474 4812 3571 4872 καὶ

1999 4871 2254 4943 ἡλιαστὰς
2272 4865 2406 4933 εἶναι
2422 4875 2513 4934 καὶ
2533 4885 2809 4959 πανταχοῦ
2828 4883 3039 4952 ἑαυτοὺς
3059 4888 3382 4972 ἐγγραφῆναι
3402 4919 3569 4957 σπου·

3598 4758 3660 4802 50

439 4963 556 5005 1166.
602 4944 719 5004 ἀλλ’
750 4944 1026 5024 ἡγεμόνιον
1067 4965 1083 5007 z
1120 4947 1276 5008 Κατὰ
1301 4949 1544 5031 χρησμὸν
1570 4955 1618 5012 οἱ
1658 4953 1917 5028 Ἀθηναῖοι
2002 4959 2256 5029 δάζοντες.
2294 4961 2568 5039 βούλονται
2602 4966 2656 5025 δὲ
2689 4970 2743 5026 ἐν
2771 4968 2951 5052 Ἀρείῳ
2981 4972 3171 5055 πάγῳ,
3202 4978 3479 5057 βούλονται
3511 4987 3569 5047 δὲ

359 5030 634 5112 ἡγεμόνιον
664 5030 871 5114 Ἑρμῆν
899 5031 1194 5114 ἱδρύσαντο.
1218 5036 1366 5118 παρὰ
1397 5038 1453 5099 δὲ
1486 5038 1547 5100 τὸ
1576 5046 1685 5110 τοῖς
1710 5046 1920 5128 τυφλοῖς
2004 5047 2095 5108 καὶ
2109 5050 2161 5107 ἐν
2178 5048 2324 5132 ἄλλῳ
2338 5050 2657 5138 δικαστηρίῳ
2671 5056 3102 5141 ἀναστρέφεσθαι,
3120 5063 3280 5126 διὰτὸ
3294 5068 3372 5147 μὴ
3387 5073 3569 5153 ἀργεῖν
