3859 5725
1788 216 2043 279 PLUTI.

321 354 400 413 15
430 352 852 435 προσὸάλλοντος
871 357 1013 430 Reg.
1042 380 1067 405 κ
1086 356 1176 410 De
1218 349 1649 411 constructibne
1688 349 1857 409 verbi

317 442 678 525 προσὸάλλειν
709 463 841 502 cum
876 443 1072 502 dativo
1105 462 1159 500 v.
1197 455 1316 500 not.
1349 440 1423 501 ad
1456 446 1700 520 Gregor.
1742 445 1859 500 Co-

316 533 503 592 rinth.
531 552 589 609 p.
620 533 690 603 37
712 576 730 606 ,
761 531 863 590 ubi
897 530 1122 590 Bastius
1155 549 1291 588 usus
1333 542 1420 588 est
1452 530 1565 588 hoc
1612 529 1856 588 scholiO.

318 627 619 679 Seiana.
645 621 859 696 Regius
884 641 897 676 t
932 621 1051 679 Οὐκ
1071 616 1185 675 ἔστι
1211 617 1272 677 τὸ
1312 617 1450 689 πλήν
1478 618 1698 676 ἐνταῦθα
1741 616 1857 675 ἀντὶ

315 710 418 764 τοῦ
451 705 648 788 χωρίς,
677 706 792 764 ἀλλ’
818 703 933 763 ἀντὶ
957 709 1049 763 τοῦ
1073 706 1120 762 εἰ
1148 700 1259 780 μή,
1287 701 1692 782 λαμὸανομένου
1718 702 1856 761 κατὰ

320 792 648 872 συνεκδοχὴν
672 797 762 852 τοῦ
790 789 1104 872 κολοσυρτόν
1137 790 1265 870 πρὸς
1291 791 1353 849 τὸ
1377 789 1581 873 φώδων.
1609 790 1861 871 φλυκταί-

318 902 419 947 νας
436 881 538 960 γὰρ
558 883 824 944 ἀνθοῦντες
844 883 892 939 οἱ
906 879 1127 951 πένητες
1146 880 1546 960 δυσχεραίνουσι
1563 876 1655 936 καὶ
1674 881 1856 957 βοῶσι,

320 967 418 1027 καὶ
444 968 622 1049 ὥσπερ
649 966 965 1048 κολοσυρτὸν
987 967 1244 1049 ἐγείρουσι
1264 967 1332 1024 δι’
1349 956 1422 1025 ὧν
1442 968 1856 1046 δυσχεραίνουσι.

322 1054 458 1135 φαίη
483 1054 527 1113 δ’
559 1054 621 1114 ἄν
640 1077 722 1120 τις
742 1053 881 1113 κατὰ
916 1052 1152 1135 δεύτερον
1179 1052 1366 1132 λόγον,
1413 1046 1594 1124 ἐπειδὴ
1633 1052 1695 1112 τὸ
1716 1052 1856 1123 πλήν

321 1142 418 1200 καὶ
447 1142 561 1201 ἀντὶ
585 1148 675 1199 τοῦ
702 1141 867 1224 χωρίς
895 1139 987 1201 καὶ
1017 1141 1135 1200 ἀντὶ
1158 1146 1251 1200 τοῦ
1272 1143 1318 1198 εἰ
1355 1140 1432 1218 μή
1461 1139 1707 1222 εὕρηται,
1729 1140 1859 1222 πρὸς

322 1228 424 1308 μὲν
439 1229 500 1289 τὸ
514 1228 704 1311 φώδων
717 1227 777 1289 τὸ
794 1234 887 1289 τοῦ
899 1230 1062 1311 χωρίς
1075 1227 1460 1308 σημαινόμενον
1483 1235 1720 1307 νοοῦμεν,
1731 1226 1859 1306 πρὸς

321 1319 381 1377 δὲ
408 1318 470 1378 τὸ
495 1317 810 1399 κολοσυρτόν
837 1319 899 1377 τὸ
917 1325 1009 1377 τοῦ
1038 1321 1082 1377 εἰ
1105 1317 1181 1396 μή
1204 1341 1218 1355 ·
1247 1316 1426 1397 ὥσπερ
1447 1315 1583 1375 δὲτὸ
1602 1318 1857 1396 κολοσυρ-

319 1405 413 1466 τόν
443 1404 532 1465 καὶ
566 1404 695 1487 πρὸς
730 1404 792 1464 τὸ
832 1404 1126 1486 παιδαρίων
1169 1403 1570 1463 ὑποπεινώντων
1599 1402 1820 1481 λέγομεν
1842 1448 1859 1477 ,

322 1492 465 1553 οὕτω
487 1492 579 1553 καὶ
603 1493 664 1553 τὸ
687 1492 1088 1552 ὑποπεινώντων
1117 1492 1247 1574 πρὸς
1287 1492 1348 1551 τὸ
1373 1491 1621 1573 γραϊδίων
1645 1490 1862 1570 λαμὸά-

320 1605 505 1661 νομεν.
538 1572 655 1640 εἶπε
679 1580 735 1640 δὲ
756 1581 819 1641 τὸ
842 1580 1029 1662 φώδων
1059 1583 1118 1641 ἐκ
1148 1581 1427 1662 βαλανείου
1444 1626 1461 1657 ,
1483 1579 1570 1639 διὰ
1594 1585 1750 1640 τοῦτο
1780 1578 1862 1638 ὅτι

323 1683 750 1746 —sequuntur
783 1670 820 1727 l.
855 1670 1066 1741 13-17.

410 1758 547 1830 536,
576 1758 646 1813 18
675 1757 980 1839 κεκράγωσι
1005 1763 1078 1816 V.
1109 1757 1405 1837 κεκράγασι
1433 1762 1508 1815 G.
1531 1794 1595 1807 -
1627 1776 1704 1814 2ο
1731 1758 1861 1815 Πει-

323 1846 494 1908 νῶσαι
512 1844 614 1924 γὰρ
637 1846 710 1905 Θ.
738 1882 804 1895 -
833 1864 905 1901 22
940 1842 1083 1903 κάλα
1108 1843 1213 1927 γὰρ
1246 1843 1314 1904 τὰ
1346 1843 1474 1913 ξύλα
1500 1842 1744 1924 λέγονται
1767 1863 1862 1903 re-

327 1944 420 1991 cte
446 1937 531 1991 Re
578 1980 590 1992 .

408 1953 727 2094 537ξ1ὀῦτο
753 2017 813 2078 τὸ
833 2020 1050 2100 ἀριθμὸν
1075 2019 1203 2103 πρὸς
1229 2021 1289 2080 τὸ
1316 2021 1433 2080 οὐδὲ
1458 2019 1600 2099 λέγω
1628 2043 1711 2079 σοι
1732 2018 1863 2079 σύν-

328 2132 464 2171 απτε
499 2110 571 2169 Θ.

411 2199 548 2272 538,
578 2198 652 2255 26
680 2195 846 2264 Ἰδίως
869 2195 925 2255 δὲ
948 2204 1015 2254 V.
1033 2235 1096 2247 --
1116 2200 1191 2256 28
1207 2196 1704 2280 παραπλανηθέντες
1726 2198 1861 2257 Ald.

325 2291 417 2346 De
448 2287 561 2345 hoc
606 2285 828 2344 scholio
877 2284 1052 2344 habet
1090 2291 1161 2346 R.
1202 2286 1344 2355 ἰδίως
1393 2277 1506 2346 εἶπε
1541 2287 1635 2353 τὰς
1663 2284 1864 2368 ψύλλας

326 2371 548 2453 βομὸεἶν
570 2394 585 2409 ·
634 2374 693 2431 οὗ
738 2369 841 2452 γὰρ
887 2381 1105 2454 προϊᾶσι
1148 2373 1344 2456 φωνήν.
1368 2411 1433 2424 -
1480 2397 1556 2452 29
1612 2376 1862 2456 ᾠήθησαν

328 2462 603 2541 εἰρῆσθαι,
635 2462 710 2517 3ο
740 2458 825 2518 τὸν
847 2458 1044 2540 ψύλλον
1076 2460 1289 2541 λέγουσι
1316 2468 1405 2536 V.‚
1431 2465 1531 2541 qui
1558 2465 1863 2540 sequentia

327 2546 872 2623 θηλυκῶς-ἐμπίδας
903 2550 1136 2610 omittit.
1161 2588 1224 2599 —
1249 2550 1318 2607 31
1350 2550 1447 2622 τὴν
1476 2548 1709 2609 κώνωπα
1727 2548 1865 2611 κατὰ

328 2656 443 2694 om.
475 2636 573 2706 Θ.,
599 2636 698 2712 qui
725 2635 798 2692 33
833 2634 1187 2715 περιίπταται.
1222 2639 1353 2696 Ald.
1378 2638 1695 2721 περιίπτατο
1722 2637 1866 2710 ἢπε-

334 2723 619 2806 ριίπταται.
644 2761 706 2772 -
738 2724 812 2780 36
851 2722 989 2782 Ἀλλ’
1019 2724 1125 2784 ἀπὸ
1152 2730 1220 2786 V.
1370 2772 1373 2777 -

414 2809 551 2888 539,
588 2819 664 2880 40
693 2812 794 2891 οὐχ
825 2808 906 2870 ὅτι
937 2811 991 2871 δὲ
1012 2814 1170 2874 αὐταὶ
1198 2821 1267 2877 V.

413 2899 550 2972 541,
587 2903 661 2967 48
703 2900 937 2980 κερκίδος
971 2900 1169 2978 ὕμνοις.
1203 2906 1299 2963 Sic
1326 2905 1556 2963 correxi
1601 2906 1864 2984 scriptu·-

331 3005 457 3043 ram
482 2985 701 3044 codicis
730 2988 791 3043 οὒ
818 2986 1075 3066 κερκίδοις
1106 2987 1317 3067 ὕμνους.
1345 2997 1527 3050 Dmn.

414 3074 551 3147 542,
589 3074 660 3132 53
699 3073 924 3155 ψιάθιον.
950 3079 1036 3135 Ita
1071 3079 1252 3136 schol.
1289 3079 1620 3156 Thucydid.
1673 3078 1749 3138 ad
1795 3100 1864 3154 2,

333 3160 447 3236 755
488 3170 519 3230 4
539 3207 557 3236 ,
588 3163 682 3230 48.
726 3163 853 3220 vid.
896 3165 1263 3243 Moschopul.
1320 3169 1393 3226 Π.
1441 3168 1591 3245 σχεδ.
1643 3188 1700 3246 p.
1746 3169 1817 3236 43
1839 3209 1860 3239 ,

331 3261 391 3307 et
418 3250 683 3328 inprimis
712 3254 972 3328 Ducang.
1008 3252 1067 3309 in
1096 3272 1145 3310 v.
1184 3253 1439 3313 Ψιάθιον.
1483 3259 1709 3314 Heus-r.
1730 3292 1796 3306 -
1832 3277 1859 3314 1

331 3336 548 3405 τάπιτος
575 3343 758 3396 Dorv.
793 3337 1040 3416 ἕπευχίου
1065 3345 1206 3418 Reg.

412 3427 545 3498 543,
569 3436 598 3496 4
628 3424 966 3503 μεμάλακται
987 3426 1115 3485 Ald.
1136 3440 1195 3486 et
1224 3428 1363 3487 sort.
1395 3435 1465 3488 R.
1485 3434 1622 3487 Post
1639 3435 1727 3489 νῦν
1755 3429 1864 3489 ad-

331 3513 417 3572 dit
452 3513 580 3573 Ald.
618 3511 830 3594 μάκτρα
855 3511 910 3572 δὲ
947 3516 1092 3573 θυεῖα
1132 3515 1429 3601 ἐπιμήκης,
1459 3518 1513 3575 ἐν
1542 3507 1578 3593 ἦ
1609 3516 1866 3595 μάττουσι

330 3601 398 3661 τὰ
426 3600 623 3682 ἄλευρα
644 3645 660 3673 ,
682 3621 757 3660 ex
781 3599 1001 3659 scholio
1025 3621 1076 3663 ν.
1114 3602 1250 3672 545.

413 3690 548 3762 544,
572 3711 601 3763 7
632 3692 780 3766 ὑμεῖς
806 3694 871 3747 V.
902 3690 1235 3770 utrobique.
1271 3719 1295 3744 «
1326 3691 1651 3769 Legebatur
1689 3693 1864 3774 ῥάφα-

332 3801 435 3837 νον.
465 3779 705 3837 Correxi
730 3798 804 3836 ex
826 3779 1005 3838 Suida
1039 3792 1098 3837 et
1126 3782 1465 3850 AmmoniO,
1500 3781 1575 3838 ad
1605 3801 1777 3859 quem
1807 3804 1862 3841 v.

331 3868 600 3923 Valcken.
627 3867 931 3924 Aniunadv.
955 3888 1014 3945 p.
1046 3871 1180 3926 203.
1198 3894 1222 3922 ιο
1249 3875 1430 3927 Dmn.
1450 3906 1514 3919 --
1542 3872 1576 3927 8
1603 3869 1659 3927 δὲ
1692 3870 1895 3951 (Seiva-⁶

333 3976 419 4013 νον
447 3952 595 4034 παρὰ
617 3952 678 4012 τὸ
707 3957 831 4034 ῥᾷον
863 3959 930 4013 V.
959 3955 1150 4035 ῥᾳδίως
1174 3958 1343 4015 etiam
1372 3958 1577 4017 suidas
1607 3970 1665 4016 et
1690 3960 1866 4017 Athe-

334 4062 488 4101 naeus
520 4061 574 4114 2,
607 4060 663 4118 p.
691 4043 785 4099 56.
809 4077 870 4090 --
899 4063 936 4118 9
963 4042 1065 4123 γὰρ
1104 4063 1220 4103 om.
1252 4047 1324 4106 Θ.
1349 4047 1418 4110 ὡς
1456 4044 1766 4127 ἐπερόμεναι
1793 4052 1862 4106 R.

335 4128 672 4211 σπειρόμεναι
696 4131 764 4188 Θ.
791 4144 850 4187 et
879 4131 1108 4204 suidas»,
1139 4132 1238 4207 qui
1265 4131 1438 4190 habet
1464 4134 1691 4192 ἀνίασιν.

416 4217 565 4288 545,
597 4218 782 4284 14-16
827 4216 1144 4289 ὑποποδίου,
1188 4217 1329 4276 ἔνθεν
1378 4219 1468 4276 καὶ
1512 4220 1755 4300 θρανίτης
1792 4227 1862 4280 R.

334 4305 621 4365 ὑποποδίου
661 4305 916 4386 κεραμίου
964 4303 1280 4372 κλασθέντος
1323 4308 1486 4381 (haec
1522 4308 1641 4366 duo
1687 4308 1865 4368 verba

335 4404 598 4473 spectant
617 4392 691 4451 ad
720 4389 973 4465 πιθάκνης
996 4413 1052 4452 ν.
1085 4393 1242 4473 546)·
1275 4392 1417 4453 ἔνθεν
1442 4393 1531 4454 καὶ
1551 4398 1599 4454 οἱ
1628 4399 1867 4475 θρανῖται

336 4486 381 4541 οῖ
423 4481 569 4563 παρὰ
610 4481 698 4540 τὸν
738 4481 916 4561 δίφρον
965 4486 1033 4540 V.
1081 4482 1263 4563 θράνος
1305 4482 1586 4543 ὑποπόδιον
1630 4483 1727 4562 μὲν
1776 4486 1867 4545 καὶ

335 4569 576 4651 θρανίτης
619 4572 1028 4649 ὑποκοριστικῶς
1069 4573 1105 4641 ἡ
1159 4570 1416 4650 πολίχνης
1457 4574 1528 4633 Θ.
1578 4575 1867 4637 ὑποποδίου

338 4657 572 4735 σκάμνου
600 4662 737 4734 Reg.
767 4696 830 4707 —
859 4660 927 4715 16
950 4670 1085 4735 post
1111 4658 1353 4738 θρανίτης
1386 4661 1515 4721 Ald.
1543 4661 1704 4720 addit
1729 4666 1865 4723 ὑπο-

338 4748 644 4825 κοριστικῶς
667 4749 736 4811 ὡς
762 4744 1020 4826 πολίχνης
1042 4792 1059 4821 ,
1085 4768 1159 4805 ex
1186 4748 1406 4806 scholio
1436 4751 1726 4828 proximo.
1760 4758 1863 4814 Se-

337 4834 573 4910 quentia
615 4854 729 4892 om.
772 4836 942 4892 etiam
985 4836 1055 4893 Θ.
1078 4872 1140 4885 -
1171 4856 1235 4908 17
1285 4840 1514 4908 καθῆσαι
1540 4840 1672 4898 Ald.
1712 4845 1864 4899 Cor-

3372 226 3486 287 56⁹

1945 355 2234 409 Kusterus
2263 349 2501 423 maluit,
2531 347 2585 408 ἔν
2616 372 2723 409 τισι
2742 347 2798 408 δὲ
2819 372 2925 409 των
2955 352 3066 410 ἀντ.
3091 351 3264 413 Credi
3285 367 3484 433 potest

1946 436 2256 496 conflatum
2282 457 2355 495 ex
2380 436 2612 496 duobus
2637 439 3067 517 exemplaribus
3084 485 3102 514 ,
3134 442 3194 499 in
3228 462 3479 520 quorum

1946 549 2064 586 uno
2089 529 2196 586 fuit
2212 570 2231 605 ‚
2250 524 2389 588 Τινὸι
2416 525 2473 585 δὲ
2495 530 2600 586 τῶν
2634 530 2683 586 ἀ.
2712 530 2763 587 ἀ.
2794 551 2874 587 στ.
2899 530 3184 610 κεραμίου,
3212 532 3271 589 in
3295 532 3479 593 altero

1950 629 2199 690 tantum,
2228 613 2344 672 ἀντὶ
2369 614 2604 693 στάμνου
2627 616 2880 697 κεραμίου
2905 616 3179 699 γράφεται.
3207 616 3478 698 Κεραμίου

1948 723 2087 761 vero
2119 722 2301 779 quum
2320 721 2552 760 versum
2577 703 2797 762 intrare
2829 718 3111 782 nequeat,
3144 706 3267 765 sine
3298 705 3478 765 dubio

1949 792 2229 869 scriptum
2258 791 2431 848 fuisse
2462 804 2699 867 oportet
2742 790 2994 873 κεράμου.
3030 797 3253 857 Has-r.
3302 830 3360 840 —
3401 796 3479 870 39

1950 882 2139 959 σχῆμα
2163 878 2445 937 κάλλιστον
2469 882 2691 936 Hemst.

2030 969 2174 1040 546,
2207 968 2239 1024 3
2265 968 2680 1044 ὑποκοριστικῶς
2708 964 2764 1024 δὲ
2807 965 2934 1026 αὐτὸ
2976 973 3045 1026 G.
3079 966 3478 1049 ὑποκοριστικὸν

1949 1053 2004 1113 δὲ
2031 1054 2185 1121 αὐτὸς
2222 1060 2296 1114 V.
2323 1092 2388 1105 —
2414 1056 2446 1113 3
2493 1052 2724 1133 πολίχνη
2768 1058 2840 1113 G.
2862 1092 2926 1104 —
2953 1056 2988 1113 8
3029 1054 3377 1115 Ἀποδεικνύω
3418 1079 3480 1116 σε

1948 1149 2166 1204 Hemst.

2032 1231 2169 1303 548,
2198 1252 2218 1287 1
2237 1251 2261 1288 1
2294 1230 2499 1290 Suidas
2524 1229 2703 1310 ᾐνίξω.
2728 1232 2789 1290 ἐκ
2810 1253 3002 1313 μεταφ.
3029 1237 3104 1290 V.
3135 1269 3201 1283 -
3229 1254 3298 1291 12
3326 1224 3482 1292 κρου-

1949 1317 2113 1377 όντων
2140 1317 2237 1390 rav
2264 1319 2524 1378 additum
2552 1339 2624 1378 ex
2651 1325 2744 1392 R„
2770 1318 2998 1402 κιθάρων
3025 1320 3154 1379 Ald.
3177 1321 3483 1403 κιθαρῳδῶν

1954 1409 2019 1466 V.
2040 1446 2104 1458 -
2140 1408 2209 1464 13
2239 1405 2459 1487 ὀργάνου
2486 1404 2723 1466 τοιούτου
2752 1409 2826 1468 Θ.
2857 1406 3096 1466 τοιούτου
3126 1429 3238 1469 om.
3263 1413 3353 1482 V.,
3378 1412 3481 1487 qui

1950 1494 2104 1554 πενία
2128 1493 2414 1572 πτωχείας.
2441 1530 2503 1543 -
2535 1495 2604 1553 15
2630 1515 2716 1572 sq.
2750 1498 2785 1567 ἡ
2808 1493 2865 1553 δὲ
2883 1495 3296 1574 πτωχεία-καὶ
3325 1500 3352 1555 6
3386 1496 3481 1575 μὲν

1951 1581 2112 1654 πένης
2131 1582 2391 1640 additum
2416 1603 2487 1640 ex
2517 1587 2589 1641 V.
2638 1596 2696 1642 et
2733 1584 2910 1643 Suida
2940 1607 2954 1644 z
2985 1604 3099 1643 om.
3145 1586 3220 1645 Θ.
3244 1585 3375 1645 Ald.
3404 1618 3481 1632 —-·

1955 1690 2028 1727 20
2058 1671 2259 1748 αἰνιγμ.
2291 1668 2567 1741 ἐδήλωσας
2594 1672 2669 1730 Θ.

2036 1759 2168 1833 550,
2207 1762 2394 1818 21-50
2419 1759 2532 1817 hoc
2560 1760 2762 1818 ordine
2787 1760 2845 1819 in
2880 1765 2970 1835 V.‚
3002 1759 3134 1821 ‘'O-tt
3169 1765 3198 1819 6
3226 1760 3322 1839 pir
3358 1766 3484 1823 Διο-

1950 1844 2373 1913 νύσιος-ἄνους.
2417 1841 2632 1913 Ἄλλως.
2681 1845 2751 1905 τὰ
2799 1845 3134 1926 ὅμοια-τὴν
3182 1849 3481 1931 τυραννίδα.

1950 1932 2168 2001 Ἄλλως.
2197 1939 2226 1993 6
2247 1932 2348 2011 μὲν
2379 1932 3008 2018 ἀξιωματικὸς-σφόδρα
3031 1934 3320 2013 ἀνομοίους.
3348 1935 3384 2009 ἢ
3403 1934 3486 1995 ὅτι

1950 2019 2347 2103 -δημοφιλής,
2374 2059 2437 2072 -
2464 2041 2530 2079 21
2569 2020 2645 2099 μὴ
2675 2043 2790 2081 om.
2822 2026 2889 2081 V.
2916 2060 2979 2071 —
3020 2043 3092 2080 22
3119 2025 3190 2090 ὣς
3219 2022 3280 2080 ἄν
3309 2048 3389 2091 τις
3415 2031 3481 2083 V.

1951 2106 2096 2187 λέγοι
2121 2116 2428 2168 KusteruS.
2457 2106 2600 2187 λέγει
2624 2111 2692 2170 Θ.
2724 2111 2854 2168 Ald.
2876 2107 3006 2190 λέγῃ
3035 2115 3104 2168 V.
3148 2116 3216 2169 In
3251 2117 3317 2170 R.
3344 2114 3485 2191 sigla

1953 2217 2083 2272 quae
2108 2186 2449 2275 plerumque
2471 2193 2615 2274 λέγει
2661 2209 2763 2256 est.
2794 2234 2857 2245 —
2894 2199 2966 2255 23
3005 2199 3083 2278 τῷ
3118 2197 3264 2279 λύκῳ
3300 2204 3370 2257 R.
3405 2205 3477 2258 V.

1952 2289 2089 2342 Post
2109 2282 2273 2363 Λύκῳ
2296 2285 2482 2362 pergit
2505 2288 2595 2356 R„
2618 2282 2698 2342 ὅτι
2717 2287 2745 2342 6
2771 2282 2868 2360 μὲν
2898 2282 3248 2362 ἀξιωματικὸς
3272 2285 3362 2345 καὶ
3385 2285 3483 2364 μέ-

1952 2392 2077 2449 γας,
2118 2375 2147 2429 6
2190 2368 2245 2430 δὲ
2290 2368 2638 2447 μαινόμενος,
2685 2372 2890 2430 ceteris
2932 2372 3359 2442 omissis—al,
3391 2372 3482 2431 καὶ

1952 2457 2349 2539 παντὸς-(5ο)
2369 2460 2424 2516 ἐν
2449 2457 2687 2540 Σικελίᾳ.
2717 2456 2920 2525 Ἄλλως
2938 2479 3051 2517 om.
3084 2462 3154 2521 Θ.
3179 2460 3270 2518 καὶ
3309 2460 3482 2520 πάντα

1953 2545 2208 2626 κρείττονι
2244 2545 2332 2604 διά
2365 2569 2423 2607 τε
2459 2543 2552 2610 τὰς
2597 2545 2935 2627 ἐπιφανείσας
2981 2550 3072 2619 V„
3098 2547 3200 2625 qui
3240 2547 3314 2604 25
3346 2548 3483 2606 κατὰ

1953 2653 2074 2691 om.
2112 2631 2258 2699 δίκας
2277 2631 2406 2691 Ald.
2436 2631 2583 2699 νίκας
2616 2632 2706 2691 καὶ
2735 2632 2822 2692 ἐπὶ
2847 2632 2909 2691 τὸ
2932 2632 3228 2693 καταλύσαι
3251 2633 3346 2706 τὴν
3369 2658 3482 2715 τυρ.

1955 2726 2113 2780 V.-
2137 2723 2211 2779 28
2239 2725 2268 2779 6
2295 2718 2659 2799 ἀξιωματικός.
2688 2722 2939 2779 Indicari
2967 2722 3198 2780 videtur
3230 2722 3277 2780 is
3300 2723 3488 2781 Thra·-

1954 2810 2192 2887 sybulus
2212 2854 2230 2887 ,
2259 2810 2424 2887 cujus
2455 2811 2516 2868 fit
2542 2811 2759 2868 mentio
2796 2810 2856 2867 in
2887 2810 3192 2870 Ecclesiaz.
3242 2831 3297 2870 v.
3331 2813 3441 2870 203
3472 2835 3485 2872 z

1958 2918 2091 2956 nam
2119 2897 2202 2955 ibi
2230 2917 2465 2975 quoque
2491 2897 2838 2956 describitur
2866 2918 2900 2955 a
2929 2899 3234 2957 scholiaste
3262 2898 3489 2972 αὐθάδης

1954 2986 2044 3044 καὶ
2065 2985 2353 3066 δωροδόκος
2375 2988 2510 3064 (vid.
2536 3006 2589 3044 v.
2613 2985 2751 3064 356)
2774 2998 2833 3043 et
2857 2984 3153 3066 ὑπερόπτης
3172 2991 3262 3045 τοῦ
3283 2985 3454 3067 δήμου
3471 3013 3484 3026 ·
3555 3040 3564 3047 .

1955 3074 2178 3132 idemne
2202 3073 2378 3132 fuerit
2412 3075 2511 3150 qui
2537 3074 2917 3150 ColyttensiS‚
2945 3095 3053 3132 nec
3098 3095 3196 3149 ne,
3236 3097 3353 3135 non
3391 3078 3486 3137 af-

1957 3163 2282 3220 firmavere.
2316 3166 2539 3221 Hssnsr.
2564 3198 2627 3210 —
2653 3164 2726 3220 33
2753 3166 2782 3220 6
2801 3162 3021 3220 addidit
3045 3164 3398 3224 Dindorlius.
3423 3206 3486 3218 .-

1959 3253 2028 3318 34
2057 3246 2195 3328 ἔχων
2229 3245 2485 3328 χραιδόνα
2513 3249 2713 3308 codex.
2747 3276 2772 3301 ιι
2794 3252 3037 3310 Correxi
3077 3251 3330 3329 χλίδωνα.
3355 3254 3488 3336 τρύ-

1956 3358 2108 3419 φημα
2135 3348 2193 3395 et
2225 3335 2461 3415 χλίδωνα
2495 3337 2646 3394 inter
2667 3337 2947 3395 mundum
2979 3340 3320 3399 muliebrem
3359 3361 3484 3400 me·

1957 3439 2146 3483 morat
2177 3426 2587 3503 Aristophanes
2626 3427 2764 3505 frag.
2818 3431 2949 3504 309.
2976 3455 3000 3482 »
3030 3472 3092 3482 -
3118 3431 3191 3488 35
3241 3430 3342 3489 Ἀθ.
3381 3431 3488 3504 αἴδι

1956 3514 2304 3591 μακαρίζει-αι
2337 3518 2406 3571 V.
2433 3513 2544 3572 Ἀθ.
2570 3513 2677 3571 αἴδι
2715 3515 3090 3591 βαυκαλίζεται
3117 3518 3207 3596 (id
3236 3532 3321 3577 est
3352 3523 3486 3597 βαυ-

1953 3600 2174 3679 κίζεται)
2195 3606 2268 3661 G.
2284 3639 2348 3650 —
2364 3602 2437 3659 36
2464 3598 2551 3658 ἐπὶ
2560 3598 2656 3673 τὴν
2676 3599 2795 3682 ὄψιν
2814 3603 3171 3684 περισκώπτει
3190 3608 3313 3667 Ald.
3334 3613 3484 3667 Tum

1955 3701 2276 3767 sequuntur
2316 3690 2439 3747 haec
2456 3732 2475 3762 ‚
2526 3691 2597 3755 ὥς
2660 3687 2978 3766 ὁμοιούντων
3031 3692 3347 3771 (δμοιούσης
3384 3701 3483 3774 V.)

1955 3778 2157 3859 σφόδρα
2180 3779 2437 3855 ἀνομοίως
2467 3780 2638 3854 (corr.
2665 3779 2941 3857 ἀνομοίους
2967 3801 3041 3838 ex
3068 3783 3160 3858 V.)
3176 3825 3192 3854 ‚
3220 3803 3347 3859 quae
3376 3784 3483 3843 de-

1955 3867 2123 3924 lenda
2142 3886 2266 3924 esse
2293 3866 2436 3924 vidit
2455 3865 2757 3926 Dobraeus.
2784 3902 2847 3915 -
2868 3871 2944 3942 39
2964 3867 3185 3945 priores
3208 3868 3334 3926 edd.
3361 3872 3485 3930 Κω-

1953 3952 2206 4020 λυττέως·
2272 3953 2557 4030 ejusmodi
2606 3955 2895 4031 scriptura
2939 3956 3162 4033 peperit
3223 3976 3482 4017 errorem

1954 4043 2177 4101 Suidae:
2204 4040 2486 4115 Κωλυπὲς,
2516 4042 2679 4118 δῆμος
2702 4046 2796 4113 τῆς
2821 4040 3069 4121 Αἰγηΐδος
3091 4067 3104 4080 ·
3135 4045 3287 4103 unde
3314 4061 3483 4110 natus

1955 4142 2058 4202 est,
2086 4143 2324 4188 auctore
2348 4131 2601 4188 Meursio
2628 4132 2689 4188 in
2713 4132 2837 4189 Rel.
2865 4136 3003 4205 Ate,
3024 4152 3211 4193 novus
3228 4148 3286 4193 et
3312 4137 3483 4213 igno·

1954 4217 2149 4276 rabilis
2173 4217 2380 4275 Atticae
2401 4218 2649 4294 regionis
2669 4218 2888 4280 demus,
2909 4222 2995 4277 Ex
3014 4235 3176 4297 parte
3199 4227 3485 4285 Kusterus

1955 4325 2070 4383 ope
2093 4309 2251 4365 MSS.
2279 4305 2454 4362 PariS.
2487 4306 2770 4363 maculam
2803 4306 3073 4365 abstersit
3108 4331 3122 4366 ε
3147 4311 3354 4370 Suidas
3382 4313 3483 4370 de-

1957 4407 2158 4471 ceptus
2187 4391 2464 4465 dederat,
2493 4391 2784 4461 Κωλυπεύς
2804 4438 2820 4453 .
2855 4394 3139 4470 Κωλυπὸς,
3170 4398 3215 4458 δ.
3239 4411 3345 4456 etc.
3371 4421 3484 4479 pro

1956 4479 2246 4546 Κολυττεύς
2267 4503 2280 4517 ·
2312 4479 2578 4548 Κολυττὸς
2597 4480 2643 4539 δ.
2673 4495 2781 4540 etc.
2812 4483 3039 4541 Dicitur
3060 4497 3252 4543 autem
3288 4488 3476 4547 Thra-

1955 4568 2192 4644 sybulus
2212 4569 2376 4627 hicce
2402 4568 2749 4645 Colyttensis
2768 4615 2785 4646 ,
2810 4584 2872 4628 ut
2895 4569 2968 4629 ab
2996 4572 3096 4629 illo
3123 4571 3481 4636 nobilissimo

1955 4657 2153 4735 patriae
2184 4656 2466 4714 libertatis
2493 4657 2721 4715 vindice
2748 4659 3168 4736 distinguatur,
3192 4664 3292 4739 qui
3326 4666 3483 4724 Στει-

1955 4742 2115 4826 ριεὺς,
2139 4746 2262 4802 sive
2297 4745 2470 4804 Stiria
2496 4745 2668 4804 demo
2702 4747 3018 4806 oriundus:
3058 4750 3215 4827 quod
3254 4772 3325 4811 eo
3349 4753 3481 4814 dili-

1950 4834 2176 4911 gentius
2222 4846 2446 4893 veteres
2484 4835 2831 4910 observant,
2882 4838 3019 4915 quia
3059 4840 3287 4900 easdem
3337 4844 3479 4923 reip.

338 4934 551 4984 rectum
573 4942 645 4980 ex
672 4924 978 4982 Eustathio
1006 4944 1065 5002 p.
1109 4926 1257 5001 982,
1293 4930 1367 4994 64
1391 4950 1409 4999 ;
1461 4934 1610 4996 1400
1629 4971 1646 5002 ,
1684 4937 1777 4998 αἱ..
1802 4969 1866 4988 ...,
1898 4993 1905 5004 ι
1950 4935 2147 5000 partes
2176 4923 2356 4980 secuti
2387 4936 2554 4983 aetate
2581 4925 3005 5004 propemodum
3025 4927 3262 4987 fuerunt
3290 4950 3484 5009 aequa-

341 5010 409 5076 23
459 5007 488 5069 8
531 5008 585 5067 δὲ
646 5008 878 5087 στάμνου
924 5035 976 5094 κ.
1018 5016 1329 5091 Heinst.-
1358 5034 1433 5091 29
1479 5015 1599 5074 imo
1645 5017 1853 5102 γράφει.
1897 5013 1904 5065 ἶ
1950 5011 2046 5069 les·
2067 5011 2381 5084 Utriusque
2420 5013 2679 5097 meminit
2705 5013 3073 5093 Xenophon,
3121 5016 3294 5096 hujus
3333 5020 3479 5078 Bell.
