3859 5725
1350 286 1750 349 SCHOLIA
1799 286 1888 347 IN
1949 288 2332 350 PLUTUM.

3331 302 3442 353 343

233 430 318 489 λεν
357 426 539 486 εἶπεῖν·
571 421 827 483 σκώπτων
869 416 925 481 δὲ
955 420 1046 481 τὸν
1073 419 1398 494 Φιλωνίδην,
1428 412 1487 480 οὗ
1522 420 1628 503 ἤρα
1663 421 1797 488 Λαΐς
1881 420 2228 503 πταρμῷ.)-
2258 417 2599 498 μινθώσωμεν
2626 440 2640 480 :
2667 419 2959 499 Πάσωμεν.
2991 434 3084 483 Dv.
3119 422 3300 504 κόπρῳ
3327 426 3447 506 χρί-

229 541 305 584 τις
335 517 390 574 ἐν
430 511 668 593 Κορίνθῳ
705 508 904 593 πόρνη,
942 508 1099 570 τοῦτό
1125 532 1302 591 φησιν.
1334 520 1392 569 Ρ.
1432 506 1732 569 Φιλωνίδου
1779 529 1793 570 :

231 601 544 668 Ὀδυσσέως.
574 612 670 659 Dv.

306 708 404 750 304.
449 687 654 747 ἔπεισεν
690 704 706 745 t
741 683 1080 745 Κατέπεισεν.
1105 682 1260 751 ὄντας
1286 682 1519 765 κάπρους
1548 703 1563 744 :
1595 682 1794 766 Ὑπάρ-

178 798 202 835 ε
226 799 416 857 χοντας
441 773 533 834 καὶ
565 770 935 854 ἀγριοχοίρους.
966 782 1028 829 Ρ.

305 884 400 924 303.
445 858 783 940 μεμαγμένον
817 879 832 920 :
867 856 1292 936 Μεμαλαγμένον
1319 856 1412 917 καὶ
1439 858 1793 936 ἐζημωμὲνον.

228 964 291 1013 Ρ.
334 975 393 1029 μ.
431 948 575 1030 σκὼρ
614 969 629 1008 :
662 944 1094 1025 Μεμαλαγμένον
1135 943 1347 1027 κόπρον.
1381 958 1441 1006 Θ.
1474 958 1571 1006 Dv.
1603 945 1746 1026 σκὼρ
1776 965 1791 1006 :

228 1039 461 1120 Κόπρον,
503 1035 695 1096 σκάτον
741 1033 979 1117 τρώγειν.
1011 1032 1144 1105 αὐτὴ
1180 1054 1195 1094 t
1229 1032 1301 1093 ‘H
1346 1032 1520 1114 Κίρκη
1566 1031 1622 1092 δὲ
1657 1033 1796 1111 ἐμά-

226 1128 383 1184 λαττε
420 1124 526 1191 τοῖς
573 1121 812 1204 ἑταίροις.
849 1133 915 1183 P.
957 1118 1180 1200 ἔματτεν
1228 1139 1243 1181 2
1287 1121 1641 1199 Ἐμάλαττεν.
1691 1134 1791 1183 Dv.

156 1237 202 1275 10
227 1211 494 1291 ἐμάλαττε
520 1213 628 1278 τοῖς
658 1208 896 1291 ἑταίροις.
925 1220 987 1269 Θ.

302 1318 400 1359 300.
440 1296 644 1364 πάντας
686 1294 912 1377 τρόπους
958 1315 973 1356 :
1020 1297 1135 1366 Τῆς
1179 1293 1384 1376 Κίρκης
1424 1294 1543 1363 τοὺς
1576 1293 1796 1378 τρόπους

226 1384 531 1465 μιμήσομαί
554 1407 701 1466 φησι.
730 1395 794 1442 Ρ.
825 1382 953 1465 φησὶ
981 1381 1302 1461 μιμήσομαι.
1338 1395 1394 1443 R.

303 1494 401 1534 307.
445 1471 801 1554 γρυλλίζοντες
834 1491 849 1532 t
880 1469 1077 1542 Φωνὴν
1119 1472 1360 1552 (μικρῶν)
1394 1469 1588 1552 χοίρων
1619 1467 1795 1552 ἀφιέν-

221 1584 323 1629 τες
350 1559 635 1641 γρυλισμὸς
656 1558 761 1639 γὰρ
791 1563 826 1630 ἡ
854 1562 959 1617 τῶν
988 1558 1234 1638 (μικρῶν)
1260 1559 1452 1641 χοίρων
1476 1558 1641 1640 φωνή.
1665 1570 1792 1618 ΒΝ.

152 1676 198 1714 15
225 1648 419 1727 ὁμοίιικ
444 1646 641 1730 χαίροις
666 1650 903 1727 βοῶντες.
923 1658 983 1706 Θ.
1003 1658 1099 1706 Dv.
1128 1646 1322 1727 χοίρων
1351 1645 1525 1729 φωνὴν
1546 1644 1795 1729 ἀφιέντες.

225 1749 286 1797 Ρ.
339 1747 473 1795 Vict.
509 1734 734 1817 φιλιδίας
778 1754 793 1795 t
842 1733 1164 1802 Φιλιδονίας.
1205 1747 1306 1796 Dv.
1338 1734 1583 1817 φιληδίας
1629 1754 1644 1795 z
1695 1734 1796 1794 ὑπὸ

223 1825 527 1906 φιληδονίας
553 1822 646 1882 καὶ
677 1821 871 1889 ἀνοίας.
900 1833 1028 1881 ΕΡ.
1276 1846 1293 1859 ³

301 1931 407 1972 308.
449 1909 636 1970 ἔπεσθε
674 1930 689 1971 :
728 1907 1002 1991 Παροιμία
1031 1908 1119 1968 ἐπὶ
1152 1912 1257 1969 τῶν
1289 1907 1620 1968 ἀπαιδεύτων
1645 1910 1796 1987 λεγο-

224 1996 379 2076 μένη.
403 1996 564 2079 μητρὶ
590 2017 605 2058 2
632 1997 810 2074 Ἐμοί.
838 2010 902 2058 Ρ.

145 2115 197 2155 20
301 2106 404 2147 300.
446 2088 634 2147 οὐκοῦν
677 2107 737 2144 σε
773 2084 869 2158 τὴν
921 2083 1126 2167 Κίρκην
1172 2106 1188 2146 z
1237 2084 1379 2167 [Τοῦ
1421 2084 1658 2165 δευτέρου
1706 2107 1795 2144 συ-

223 2174 496 2253 στῆματος
531 2172 702 2253 στίχοι
729 2172 821 2232 καὶ
852 2174 1000 2233 κῶλα
1036 2171 1187 2231 ἑπτά.
1217 2171 1400 2252 ἔχουσι
1427 2174 1473 2231 δ’
1511 2172 1702 2249 ὁμοίως
1730 2176 1797 2252 τῇ

222 2264 508 2345 προφθάσῃ
530 2261 759 2344 περιόδῳ
798 2263 915 2323 καθ’
954 2260 1228 2342 ἕκαστον]
1251 2297 1331 2308 —
1353 2265 1415 2321 τὸ
1447 2261 1590 2335 ἑξῆς,
1614 2265 1798 2323 οὐκοῦν

222 2376 285 2412 σε
302 2351 556 2419 λαθόντες
576 2355 876 2432 κρεμῶμεν.
899 2362 961 2410 V.
984 2352 1168 2411 οὐκοῦν
1190 2373 1250 2409 σε
1271 2348 1523 2418 λαθόντες
1544 2351 1800 2431 κρεμάσο-

222 2463 341 2518 μεν.
378 2451 444 2502 Β.
480 2441 825 2498 ἀνακυκῶσαν
859 2459 875 2499 t
906 2436 1264 2517 Μιγνύουσαν.
1296 2450 1395 2498 Do.
1436 2448 1564 2498 νᾶα.
1601 2440 1800 2499 ἄνατα-

145 2557 195 2595 25
223 2527 545 2608 ράττουσαν.
577 2538 639 2586 Ρ.

299 2634 404 2677 310.
465 2611 900 2693 μαγγανεύουσαν
960 2612 1327 2690 (μαγεύουσαν
1388 2614 1543 2692 vict.)
1599 2634 1614 2675 :
1663 2616 1801 2688 Γοη-

221 2701 510 2763 τεύουσαν.
542 2712 606 2762 Ρ.
634 2699 960 2779 μολύνουσαν
991 2719 1006 2759 :
1032 2697 1380 2760 Μιαίνουσαν.
1407 2712 1471 2759 P.
1507 2711 1630 2759 Vici.

301 2809 406 2849 311.
452 2787 732 2871 [λαθόντες
786 2807 803 2848 t
860 2785 1021 2847 Οὕτω
1078 2789 1177 2846 κάν
1234 2796 1342 2855 τοῖς
1390 2788 1636 2855 παλαιοῖς
1696 2792 1802 2849 τῶν

221 2877 564 2961 ἀντιγράφων
589 2876 837 2958 εὕρηται,
860 2873 927 2935 ἵν’
948 2868 984 2957 ᾗ
1008 2874 1186 2954 ὅμοιον
1208 2879 1285 2957 τῷ
1310 2874 1420 2935 ἄνω
1446 2875 1605 2958 τρίτῳ
1627 2877 1801 2959 κώλῳ.

141 2983 194 3020 30
219 2965 280 3025 τὸ
317 2965 410 3040 δὲ,
445 2962 513 3036 ἢν
548 2964 818 3043 λάθωμεν,
847 2966 906 3023 οὔ
943 2963 1083 3022 πάνυ
1122 2961 1386 3044 δόκιμον]
1409 2962 1744 3032 -λαὸόντες
1782 2985 1798 3026 :

218 3053 626 3137 Κρατήσαντες.
663 3051 909 3133 φιληδίας
945 3071 960 3111 :
1000 3049 1340 3123 Φιληδονίας.
1371 3062 1435 3108 Ρ.
1474 3060 1600 3109 γίοε.

297 3162 405 3202 312.
453 3144 559 3199 τῶν
582 3139 782 3223 ὄρχεων
805 3143 1086 3220 κρεμῶμεν
1113 3159 1128 3199 2
1165 3137 1295 3198 Δέον
1331 3138 1496 3196 εἰπεῖν
1520 3136 1660 3220 ξίφος
1689 3141 1801 3197 ἐπι·ρ

214 3228 457 3311 φέρομέν
481 3250 594 3301 σοι,
630 3226 767 3288 καθὰ
808 3226 900 3286 καὶ
940 3224 1228 3293 Ὀδυσσεὺς
1259 3228 1327 3304 τῇ
1365 3223 1576 3305 Κίρκῃ,
1605 3228 1634 3283 ὁ
1664 3223 1805 3298 δὶ,ὃ

216 3315 541 3394 συμὸέὸηκε
572 3319 650 3395 τῷ
682 3316 935 3376 Ὀδυσσεῖ
961 3311 1101 3373 κατὰ
1122 3311 1219 3385 τὴν
1252 3318 1343 3371 τοῦ
1377 3313 1574 3395 ἐρινεοῦ
1602 3313 1803 3393 ἐποχὴν

139 3423 191 3462 ³³
216 3405 273 3463 ἐν
308 3407 391 3485 τῷ
436 3402 643 3485 στομίῳ
675 3407 772 3475 τῆς
812 3401 1164 3485 Χαρύὸδεως,
1203 3401 1291 3460 ἐπὶ
1329 3399 1424 3473 τὴν
1467 3399 1673 3475 Κίρκην
1709 3424 1805 3480 με·

213 3490 476 3568 τήγαγεν.
530 3487 568 3561 ἢ
587 3535 604 3566 ,
660 3494 730 3557 ὡς
776 3491 970 3554 ἐκεῖνος
1019 3487 1314 3549 Μελάνθιον
1367 3487 1679 3568 ἐκρέμασεν.
1734 3526 1804 3537 --

216 3577 465 3658 Λαρτίου
493 3599 510 3638 :
545 3578 671 3639 Υῑὸν
706 3580 823 3650 δηλ.
849 3576 937 3637 τὸν
968 3574 1252 3636 Ὀδυσσέα.
1281 3580 1386 3635 τῶν
1405 3575 1607 3656 ὄρχεων
1640 3576 1806 3637 &Aah

212 3668 321 3724 τῶν
378 3664 607 3746 ὄρχεων.
664 3676 730 3727 Ρ.
787 3667 892 3723 τῶν
942 3662 1140 3744 ὄρχεων
1196 3667 1474 3744 κρεμῶμεν
1531 3685 1546 3724 2
1595 3662 1804 3747 Ὥσπερ

214 3753 420 3821 ἐκεῖνος
475 3752 539 3812 τὸ
584 3751 722 3834 ξίφος
765 3752 905 3811 κατὰ
947 3756 1044 3823 τῆς
1096 3751 1298 3832 Κίρκης
1336 3750 1611 3830 ἀνέτεινεν,
1651 3749 1688 3823 ἢ
1736 3755 1807 3820 ὡς

137 3858 189 3897 10
216 3841 419 3908 batum.
448 3837 748 3900 Μελάνθιον
768 3837 1046 3920 ἐκρέμασε.
1069 3847 1198 3899 Vict.

295 3948 399 3988 313.
423 3915 783 4013 ’(μινθώσομεν
815 3948 831 3988 t
866 3926 1064 3988 Μίνθον
1097 3928 1146 3984 οἱ
1182 3924 1277 4004 μὲν
1312 3929 1401 3985 τὸν
1440 3924 1723 4006 ἡδύοσμον·
1757 3929 1806 3987 οἱ

214 4014 274 4075 δὲ
316 4015 422 4088 τὴν
468 4014 665 4093 ἴυγγα,
706 4018 777 4084 ὡς
812 4023 983 4075 κεῖται
1029 4016 1082 4073 ἐν
1110 4018 1175 4094 τῇ
1222 4019 1434 4093 κωμικῇ
1472 4013 1627 4085 λέξει.
1657 4018 1707 4075 οἱ
1752 4014 1807 4076 δὲ

214 4095 353 4171 εἶδος
392 4102 588 4169 ἄνθους
623 4103 677 4160 ἐν
716 4106 784 4181 τῇ
820 4103 1002 4183 κόπρῳ
1037 4099 1323 4182 φυομένου,
1369 4094 1415 4184 ᾧ
1453 4102 1727 4184 χαίρουσιν
1757 4106 1805 4162 οῖ

210 4189 427 4271 τράγοι.
520 4188 951 4268 Ἄλλυκ.)μίνθος
975 4188 1186 4268 λέγεται
1212 4192 1248 4260 ἡ
1277 4188 1472 4272 κόπρος
1493 4195 1597 4249 τῶν
1622 4193 1803 4270 αἰγῶν.

135 4297 185 4333 ιε
212 4278 441 4338 ἐπειδὰν
483 4277 544 4336 δὲ
572 4279 621 4335 οἱ
647 4279 833 4358 τράγοι
865 4280 1060 4358 ψυγμῷ
1088 4275 1461 4358 περιπέσωσιν,
1489 4276 1731 4338 εἰώθασιν
1759 4283 1808 4339 οἱ

212 4365 439 4427 αἰπόλοι
482 4364 779 4443 λαμθάνειν
817 4363 913 4437 τὴν
951 4363 1145 4446 κόπρον
1175 4368 1346 4424 αὐτῶν
1389 4365 1481 4425 καὶ
1516 4366 1685 4449 χρίειν
1712 4370 1807 4426 αὖ·

213 4459 320 4514 τῶν
358 4453 495 4522 τοὺς
529 4458 829 4536 μυκτῆρας,
871 4452 964 4512 καὶ
1003 4451 1165 4520 οὕτως
1207 4459 1273 4535 τῇ
1311 4453 1536 4536 δυσωδίᾳ
1567 4455 1807 4537 πταρμὸν

213 4547 405 4616 κινεῖν,
429 4539 615 4622 τούτῳ
636 4538 691 4599 δὲ
712 4544 789 4622 τῷ
811 4539 990 4622 τρόπῳ
1012 4538 1156 4600 λύειν
1178 4540 1239 4600 τὸ
1261 4540 1441 4609 πάθος·
1465 4546 1494 4601 ὁ
1516 4540 1617 4621 γὰρ
1640 4566 1809 4624 πταρ-

214 4632 315 4708 μὸς
366 4628 668 4711 θεραπεύει
710 4628 773 4688 τὸ
812 4628 995 4697 πάθος.
1044 4631 1105 4689 ἐκ
1154 4627 1340 4689 τούτου
1381 4621 1470 4689 οὗν
1522 4652 1677 4710 φησιν
1731 4630 1811 4690 ὅτι

135 4736 186 4774 so
212 4715 527 4796 ἀηδίσομέν
561 4738 647 4789 σε,
678 4716 791 4775 ἐπεὶ
824 4716 916 4777 καὶ
952 4720 1007 4776 αῖ
1040 4708 1184 4796 αἶγες
1215 4720 1275 4778 ἐκ
1308 4721 1404 4790 τῆς
1433 4716 1629 4800 κόπρου
1661 4717 1811 4790 ἀηδί-

210 4811 420 4876 ζονται.
560 4801 818 4882 -(Ἄλλως.
858 4804 1221 4887 κοπρώσομεν·
1247 4805 1424 4883 μίνθος
1446 4804 1548 4887 γὰρ
1580 4804 1729 4875 ἄνθος
1757 4808 1812 4865 ἕν

215 4898 279 4974 τῇ
322 4893 531 4974 κόπρῳ
583 4890 854 4972 φυόμενον,
895 4885 941 4975 ᾧ
988 4891 1263 4974 χαίρουσιν
1313 4896 1361 4952 οί
1402 4892 1603 4974 τράγοι.
1658 4896 1708 4953 οἱ
1756 4893 1848 4972 δὲ,

213 4984 407 5058 μίνθον
432 4977 581 5063 φασὶ
603 4978 698 5052 τὴν
727 4980 1055 5063 ἀνθρωπίνην
1086 4980 1297 5062 κόπρον,
1318 4973 1356 5059 ᾗ
1377 4984 1611 5062 χρῶνται
1632 5005 1812 5063 παρα-
1844 4975 1848 4996 ²

212 5069 503 5152 τρίὸοντες
533 5070 588 5127 οἱ
620 5067 864 5147 ποιμένες
898 5072 953 5128 ἐν
980 5073 1057 5151 τῷ
1093 5069 1452 5152 δυσενεργήτῳ
1477 5074 1581 5130 τῶν
1608 5071 1815 5152 τράγων
1844 5059 1850 5116 ἶ

1882 531 2076 586 σωμεν.
2113 510 2234 566 vict.
2256 507 2436 589 κόπρῳ
2455 507 2746 586 πάσσομεν.
2770 508 2894 568 ὅταν
2916 509 3016 589 γὰρ
3038 509 3140 569 ὑπὸ
3159 511 3377 592 κορύζης
3397 517 3446 572 οἱ

1878 595 2064 677 τράγοι
2094 600 2491 675 κατασχεθῶσιν
2508 640 2526 668 ,
2561 595 2697 655 οὕτω
2736 596 2863 677 πρὸς
2884 597 3199 670 ἀπαλλαγὴν
3220 599 3446 659 πάττον-

1878 705 1988 743 ται.
2012 681 2187 760 μίνθος
2205 681 2307 762 γὰρ
2325 687 2359 753 ἡ
2380 681 2589 763 κόπρος.
2606 696 2667 744 Θ.
2689 696 2744 742 Ρ.
2764 682 2943 766 ὥσπερ
2958 686 3154 767 τράγου
3177 684 3382 748 εὍταν
3396 691 3446 748 οἱ

1878 769 2064 850 τράγοι
2098 771 2199 829 ὑπὸ
2227 769 2447 851 κορύζης
2479 775 2875 851 κατασχεθῶσι,
2898 771 3080 855 κόπρῳ
3106 774 3345 856 χρίονται
3374 778 3446 844 εἰς
3473 799 3500 836 5

1881 856 2198 937 ἀπαλλαγὴν
2222 863 2313 917 τοῦ
2340 858 2550 925 πάθους.
2577 867 2706 918 Vict.

1960 966 2058 1006 311.
2104 945 2168 1004 σὺ
2202 945 2246 1004 δ’
2283 945 2610 1026 Ἀρίστυλλος
2643 967 2658 1006 :
2711 946 2803 1023 (Ὁ
2855 946 3181 1027 Ἀρίστυλλος
3215 951 3447 1032 αἰσχρός·

1879 1034 1972 1093 καὶ
2000 1037 2053 1093 ἐν
2085 1032 2590 1106 Ἐκκλησιαζούσαις
2610 1034 2736 1113 [017]
2768 1033 3031 1111 μέμνηται
3065 1038 3226 1096 αὐτοῦ
3259 1041 3330 1105 ὡς
3365 1042 3449 1098 αἰ-

1880 1126 2183 1203 σχροποιοῧ.
2208 1119 2377 1180 λείπει
2401 1119 2455 1179 δὲ
2479 1120 2540 1180 τὸ
2561 1124 2659 1193 ὥς,
2682 1125 2752 1189 ὥς
2769 1125 2800 1181 δ
2814 1121 3143 1204 Ἀρίστυλλος
3163 1128 3447 1206 αἰσχρουρ-

1878 1209 2018 1286 γίαις
2047 1207 2299 1289 κεχηνώς.
2335 1209 2679 1291 αἰσχρουργὸν
2709 1207 2811 1291 γὰρ
2840 1209 2997 1270 αὐτόν
3026 1209 3155 1293 φησῖ
3182 1212 3447 1293 ποιητὴν,)
3484 1247 3533 1284 10

1879 1295 1933 1363 ὃς
1955 1293 2043 1355 διὰ
2068 1295 2165 1366 τὴν
2184 1295 2559 1376 αἰσχρουργίαν
2581 1296 2742 1355 ἀὐτοῦ
2771 1296 2855 1355 ἀεὶ
2889 1298 3144 1378 ἐκεχήνει.
3183 1304 3336 1360 τοῦτο
3362 1293 3451 1361 οἶν

1879 1406 2055 1465 φησιν,
2083 1382 2264 1464 ὥσπερ
2292 1388 2322 1441 ὃ
2343 1382 2672 1464 Ἀρίστυλλος
2696 1382 2932 1463 κεχηνὼς
2954 1387 3114 1465 ἐρεῖς,
3130 1388 3316 1449 ἕπεσθε
3347 1413 3452 1465 μη-

1878 1470 1966 1550 τρὶ
1992 1479 2189 1552 χοῖροι,
2221 1469 2367 1551 [ἀντὶ
2398 1476 2490 1530 τοῦ
2526 1470 2660 1548 ἐμοί·
2689 1477 2841 1531 τοῦτο
2869 1471 3284 1553 δὲ’παρομιῶδες
3321 1469 3453 1536 εἷναί

1880 1579 2057 1636 φασιν·
2081 1561 2131 1617 οἱ
2152 1556 2255 1639 γὰρ
2273 1559 2458 1625 παῖδες
2477 1564 2632 1617 τοῦτο
2646 1557 2859 1619 εἰώθασι
2872 1560 3066 1638 λέγειν,
3084 1561 3268 1622 ἕπεσθε
3292 1567 3454 1647 μητρὶ

1878 1648 2066 1725 χοῖροι·
2090 1644 2445 1725 παροιμιακὸν
2471 1636 2561 1705 οῧν
2589 1648 2729 1719 ἐστι,
2752 1646 2844 1707 καὶ
2872 1644 2960 1707 ἐπὶ
2993 1651 3096 1707 τῶν
3126 1651 3454 1713 ἀπαιδεύτων
3486 1682 3532 1719 15

1881 1731 2013 1813 φασὶ
2037 1730 2433 1892 λέγεσθαιὲ-
2455 1737 2573 1816 ῥῖνα
2605 1754 2620 1794 t
2650 1733 2766 1806 Τὴν
2790 1733 2970 1812 μίτην.
2999 1746 3061 1794 Ρ.
3078 1739 3107 1794 ὃ
3128 1735 3455 1816 Ἀρίστυλλος

1881 1812 2030 1888 οὗτος
2047 1819 2284 1898 μαλακὸς
2342 1845 2370 1878 ν
2383 1820 2475 1881 καὶ
2491 1826 2569 1904 τῷ
2585 1820 2810 1900 στόματι
2829 1821 3065 1902 χάσκων,
3080 1827 3152 1891 ὡς
3173 1830 3280 1891 τοῖς
3293 1830 3454 1907 δρῶσι

1881 1916 2042 1967 κινεῖν
2065 1906 2291 1986 γέλωτα.
2321 1921 2378 1967 Ρ.
2404 1909 2534 1960 vict·

1962 2015 2059 2055 310.
2105 1995 2251 2075 [ἀλλ’
2274 1985 2356 2053 εἶα
2382 2016 2397 2055 ε
2423 1999 2538 2067 Τῆς
2551 1996 2728 2079 τρίτης
2748 1998 2990 2078 περιόδου
3014 1998 3184 2079 στίχοι
3199 2002 3288 2059 καὶ
3306 2005 3454 2062 κῶλα

1884 2082 1938 2152 ἓξ
1955 2128 1969 2155 ,
2000 2074 2072 2141 ὧν
2096 2083 2156 2140 τὸ
2184 2079 2278 2160 μὲν
2316 2086 2524 2164 πρῶτον
2552 2083 2643 2142 καὶ
2670 2085 2966 2147 τελευταῖον
2992 2084 3322 2170 τετράμετρα
3350 2113 3454 2148 κα·
3482 2106 3535 2146 20

1882 2167 2206 2242 ταληκτικὰ,
2233 2169 2303 2228 τὰ
2330 2167 2386 2229 δὲ
2413 2169 2609 2247 μεταξὺ
2633 2172 2853 2253 δίμετρα
2877 2173 3243 2245 ἀκατάληκτα·
3263 2177 3351 2236 ἐπὶ
3378 2182 3456 2260 τῷ

1881 2257 2022 2317 τέλει
2067 2259 2250 2316 διπλαῖ
2295 2256 2392 2326 ἔξω
2429 2267 2743 2333 νενευκυῖαι,
2778 2265 2811 2331 ἡ
2852 2258 2948 2337 μὲν
2988 2262 3043 2319 ἐν
3077 2265 3144 2342 τῇ
3187 2265 3327 2343 ἀρχῇ
3363 2272 3454 2325 τοῦ

1883 2344 2083 2417 κώλου,
2111 2349 2145 2416 ἡ
2170 2343 2227 2403 δὲ
2250 2343 2389 2403 κατὰ
2410 2344 2472 2404 τὸ
2493 2344 2690 2427 τέλος]
2729 2380 2799 2392 -
2822 2346 3102 2425 σκομάτων
3141 2369 3156 2407 :
3190 2346 3453 2431 ‘'I'Gpww.

1883 2446 1981 2493 Do.
2007 2430 2208 2514 ὕὸρεων
2237 2432 2678 2513 ἐλευθερωθέντες.
2702 2445 2767 2493 Ρ.
2800 2434 3192 2513 ἀπαλλαγέντες
3234 2457 3249 2498 :
3294 2438 3455 2499 Ἀπο-

1886 2519 2120 2587 στάντες.
2156 2531 2278 2579 vict.

1965 2628 2060 2670 317.
2105 2609 2188 2666 ἐπ’
2220 2606 2339 2666 ἄλλ’
2367 2597 2501 2676 εἶδος
2547 2629 2563 2670 z
2604 2611 2700 2678 Εἰς
2739 2610 2904 2683 ἄλλην
2932 2610 3049 2670 ὁδόν
3076 2636 3211 2672 τινα.
3243 2625 3302 2672 Ρ.
3327 2615 3457 2677 ἄλλο

1884 2718 1938 2753 τι
1965 2694 2217 2772 ἐναντίον,
2244 2697 2316 2762 εἰς
2340 2694 2403 2752 τὸ
2422 2694 2613 2773 μηκέτι
2636 2696 2914 2758 σκώπτειν.
2941 2709 2999 2757 R.
3019 2710 3079 2758 V.

1966 2801 2065 2842 318.
2112 2780 2215 2860 ἐγὼ
2244 2781 2290 2840 δ’
2318 2780 2409 2840 ἰὼν
2442 2802 2456 2843 :
2487 2781 2757 2843 Δείκνυσιν
2783 2789 3031 2858 ἐντεῦθεν,
3058 2791 3129 2855 ὡς
3155 2795 3372 2851 τοιαῦτα
3409 2794 3457 2852 οῖ

1885 2870 2063 2929 δοῦλοι
2087 2879 2254 2929 ποιεῖν
2276 2870 2536 2931 εἰώθασιν.
2570 2884 2630 2934 Θ.
2655 2883 2787 2931 suut.
2807 2883 2934 2932 Vici.
2973 2874 3064 2934 ἰὼν
3097 2898 3113 2937 :
3159 2880 3457 2960 Πορευθείς·

1885 2956 2056 3038 λάθρα
2085 2977 2099 3017 :
2136 2957 2384 3038 Κρυφίως
2405 2963 2496 3016 τοῦ
2522 2958 2774 3020 δεσπότου
2801 2961 2918 3031 δηλ.
2949 2973 3010 3020 Ρ.

1966 3062 2063 3102 310.
2106 3049 2199 3103 τοῦ
2228 3042 2480 3103 δεσπότου
2519 3066 2533 3106 2
2565 3044 2835 3105 Δείκνυσιν
2864 3050 3112 3123 ἐνταῦθα,
3145 3053 3217 3118 ὡς
3241 3057 3458 3111 τοιαῦτα

1886 3131 1936 3189 οἱ
1965 3129 2138 3189 δοῦλοι
2161 3132 2329 3190 ποιεῖν
2357 3129 2622 3193 εἰώθασιν.
2659 3143 2716 3190 Ρ.

1968 3236 2065 3277 331.
2110 3220 2186 3298 τῷ
2210 3216 2361 3299 κόπῳ
2404 3239 2418 3279 :
2458 3222 2554 3301 Τῷ
2578 3218 2716 3302 ἔργῳ
2737 3219 2828 3279 καὶ
2869 3226 2935 3301 τῇ
2963 3223 3085 3305 περὶ
3110 3224 3201 3283 τὸν
3230 3229 3456 3288 πλοῦτον

1888 3303 2180 3385 ἐπιμελείᾳ.
2207 3305 2312 3365 ἀπὸ
2333 3304 2556 3384 θέματος
2579 3307 2635 3365 δὲ
2656 3313 2748 3367 τοῦ
2777 3313 2934 3386 μασῶ
2953 3312 3196 3392 δευτέρας
3216 3314 3460 3395 συζυγίας

1887 3390 1950 3450 τὸ
1993 3392 2331 3471 μασώμενος,
2373 3398 2444 3461 ὡς
2481 3393 2793 3476 γελώμενος.
2821 3431 2899 3442 -
2942 3421 3108 3474 μασσ.
3150 3401 3213 3462 τὸ
3255 3402 3457 3478 λοιπὸν,
3485 3439 3539 3476 35

1889 3478 2028 3538 οὕτω
2054 3500 2069 3540 t
2101 3483 2196 3548 Εἰς
2208 3480 2270 3540 τὸ
2291 3480 2421 3554 ἑξῆς.
2447 3501 2511 3549 Ρ.
2535 3483 2682 3564 κόπῳ
2712 3504 2726 3544 :
2753 3485 3188 3571 Τῇταλαιπωρία
3204 3491 3462 3574 συνυπάρ-

1887 3588 2004 3646 χειν
2118 3571 2195 3648 τῷ
2224 3566 2458 3650 ὑστέρῳ,
2486 3571 2532 3627 εἰ
2561 3569 2665 3650 ἄρα
2692 3569 2877 3631 τούτου
2905 3573 3168 3645 δεήσεται.
3197 3587 3350 3639 Paris.

1955 3673 2069 3734 ⁶322.
2115 3654 2319 3736 χαίρειν
2358 3655 2452 3732 μὲν
2486 3660 2624 3735 ὑμᾶς
2663 3678 2678 3719 2
2723 3658 3015 3741 [Κορων)ς,
3047 3661 3129 3722 ὅτι
3162 3665 3384 3726 εἰσίασιν
3412 3671 3460 3726 οῖ

1889 3744 2025 3800 ὕποκ
2062 3741 2183 3801 ιταί.
2208 3744 2256 3802 οἱ
2276 3741 2330 3801 δὲ
2355 3741 2528 3822 στίχοι
2552 3745 2791 3823 ἰαμὸικοὶ
2812 3747 3078 3831 τρίμετροι
3101 3752 3461 3826 ἀκατάληκτοι

1889 3827 1991 3906 4γ’,
2010 3764 2083 3886 ἕν
2107 3832 2136 3888 ὀ
2154 3832 2466 3898 τελευταῖος·
2492 3860 2516 3884 ι
2531 3831 2622 3892 καὶ
2645 3832 2709 3905 δὴ
2733 3835 2948 3914 βαδίζω.
2977 3839 3171 3898 σπεῦδε
3188 3845 3295 3900 νῦν·
3319 3844 3458 3902 τοῦτ’
3488 3885 3542 3923 ⁴⁰

1891 3945 1917 3969 κ
1945 3916 2074 3977 αὐτὸ
2103 3919 2224 4000 δρῶ.
2259 3918 2315 3999 ν]
2352 3923 2380 3978 ὁ
2417 3921 2722 4000 Χρεμύλος,
2761 3927 2833 3991 ὡς
2869 3927 3149 3995 καινισθεὶς
3187 3934 3252 4010 τῇ
3288 3930 3458 4011 τύχῃ,

1889 4004 2196 4088 καινοτέραν
2208 4007 2563 4089 προσηγορίαν
2587 4013 2797 4071 ἐπινοεῖ·
2816 4011 2993 4094 τὸγὰρ
3007 4014 3210 4097 χαίρειν
3232 4019 3462 4079 παλαιόν

1887 4094 2018 4151 ἐστι.
2049 4093 2235 4171 ἀμέλει
2268 4086 2357 4153 οὖν
2385 4096 2621 4178 ἐπιφέρει
2642 4096 2704 4156 τὸ
2733 4098 3040 4178 ἀσπάζομαι
3063 4101 3157 4162 ἅτε
3187 4102 3252 4177 δὴ
3276 4107 3460 4167 καινό-

1889 4203 2060 4262 τερον.

1974 4267 2114 4349 (περὶ
2135 4274 2229 4328 τοῦ
2259 4273 2313 4330 ἐν
2345 4275 2412 4350 τῇ
2442 4270 2690 4352 συνηθείᾳ
2709 4273 2910 4355 χαίρειν
2934 4281 3026 4335 τοῦ
3049 4302 3106 4336 τε
3129 4281 3181 4338 ἐν
3202 4284 3319 4348 ταῖς
3345 4284 3459 4341 ἐπι·
3485 4316 3540 4355 ⁴5

1890 4357 2131 4432 στολαῖς,
2167 4355 2461 4438 γέγραπται
2486 4361 2746 4442 Διονυσίῳ
2793 4362 3105 4438 μονόὸιὸλον
3132 4367 3254 4448 περὶ
3281 4372 3459 4430 αὐτοῦ·

1889 4441 1983 4501 καὶ
2000 4440 2142 4521 λέγει
2163 4443 2257 4521 μὲν
2279 4444 2380 4504 ὑπὸ
2400 4446 2641 4516 Κλέωνος
2656 4452 2862 4531 πρῶτον
2879 4451 3006 4511 αὐτὸ
3024 4454 3277 4535 τετάχθαι
3289 4501 3305 4529 ,
3328 4457 3462 4537 γρά-

1892 4554 2073 4613 φοντος
2118 4532 2247 4613 πρὸς
2287 4533 2582 4607 Ἀθηναίους
2604 4540 2675 4605 ὡς
2716 4535 2826 4597 ἕλοι
2864 4539 2983 4607 τοὺς
3022 4543 3075 4599 ἐν
3116 4544 3460 4628 Σφακτηρία,

1894 4618 2079 4680 Κλέων
2099 4619 2381 4694 Ἀθηναίων
2402 4627 2469 4702 τῇ
2494 4626 2655 4704 βουλῇ
2680 4625 2771 4684 καὶ
2797 4630 2873 4707 τῷ
2896 4626 3051 4709 δήμῳ
3077 4629 3296 4710 χαίρειν.
3320 4632 3461 4709 λέγει

1893 4705 1950 4765 δὲ
1977 4706 2104 4766 αὐτὸ
2132 4709 2337 4770 κεῖσθαι
2358 4711 2602 4790 περιττὸν
2628 4712 2720 4772 καὶ
2765 4713 2888 4794 περὶ
2928 4713 3026 4786 τὴν
3056 4715 3296 4787 σύνταξιν
3325 4719 3459 4779 ἀσύ-

1892 4817 2101 4855 στατον.
2130 4799 2191 4856 ιίκ
2209 4796 2265 4857 δὲ
2290 4802 2385 4869 τῆς
2408 4798 2697 4869 συντάξεως
2718 4806 2808 4859 τοῦ
2841 4799 2998 4879 λόγου
3029 4803 3186 4884 φασὶν
3221 4806 3462 4868 ἀσύστα-

1891 4904 1998 4955 τον,
2028 4884 2074 4940 εἰ
2103 4882 2178 4959 μή
2212 4907 2288 4950 τις
2322 4885 2450 4944 αὐτὸ
2475 4884 2632 4945 λάθοι
2664 4886 3045 4971 ἀπαρὲμφατον
3069 4892 3185 4951 ἀντὶ
3222 4916 3460 4976 προστα-

1892 4975 2099 5042 κτικοῧ,
2122 4974 2194 5038 ὥς
2217 4971 2309 5031 καὶ
2335 4972 2483 5054 παρὰ
2509 4978 2587 5056 τῷ
2612 4980 2803 5057 ποιητῇ
2826 4979 2908 5056 [ΙΙ.
2936 4991 3002 5052 Δ,
3031 4987 3103 5053 71]

3482 2556 3536 2594 25

3486 2999 3539 3037 30

3488 4772 3541 4813 (00

2019 5095 2181 5154 πειρᾶν
2203 5093 2244 5140 δ’
2260 5129 2275 5154 ,
2295 5095 2359 5149 ὥς
2380 5110 2460 5142 κεν
2479 5096 2633 5158 Τρῶες
2660 5097 3001 5161 ὑπερκύδαντας
3020 5100 3275 5169 Ἀχαιούς.)
