3859 5725
395 299 419 351 1
432 300 464 351 9
472 300 504 350 4

468 438 566 482 746.
607 417 671 476 ἵν’
698 421 727 476 ὁ
750 416 1024 483 σύνδουλος
1045 413 1260 496 σκώψας
1287 432 1301 472 :
1326 411 1465 474 Ἀντὶ
1482 417 1605 484 τοῦ,
1634 411 1726 470 καὶ
1748 408 1960 477 τούτους

1551 280 1938 341 scnoLlA
1987 279 2078 339 IN
2129 279 2448 339 PACEM.

2049 409 2247 469 κόντων
2270 409 2456 470 ἑκατὸν
2479 410 2732 491 κεφαλαῖς
2758 410 2916 471 αὐτὸν
2938 411 3330 486 καθωπλίσθαι,
3353 413 3618 476 καὶτοῦτο

388 508 510 577 τοὺς
538 505 752 574 δούλους
793 503 1031 585 ἐξέφερον
1073 501 1328 567 κλάοντας
1355 498 1542 559 τούτου
1583 496 1736 558 ἕνεκα
1753 543 1769 571 ,
1797 495 1885 557 ἵνα
1930 499 1960 556 ὁ
2046 497 2178 579 πρὸς
2197 498 2288 557 ἕνα
2311 503 2418 558 τῶν
2443 498 2766 580 Ἡρακλέους
2787 499 3354 578 αἰνιττόμενοςάθλων,
3376 500 3474 574 τὴν
3492 507 3618 563 ἑκα-

390 596 667 664 σύνδουλος
692 593 963 676 χλευάζων
990 591 1241 673 ἀνέρηται
1263 586 1439 651 αὐτόν.

469 706 565 748 746.
611 683 847 768 ὑστριχὶς
880 703 895 743 :
929 681 996 743 Ἡ
1019 680 1073 750 ἐξ
1104 679 1254 738 ὑείων
1277 681 1472 760 τριχῶν
1501 675 1712 754 μάστιξ.
1742 675 1881 756 (ἔστι
1904 673 1960 735 δὲ

338 785 365 825 ⁶
395 776 487 836 καὶ
515 773 750 856 ὑστριχὶς
788 770 964 849 θηρίον
988 768 1174 849 τρίχας
1211 766 1332 847 ἔχον
1356 765 1469 837 ὑὸς,
1495 765 1556 833 ἃς
1580 768 1634 826 ἐν
1662 768 1739 846 τῷ
1769 765 1960 824 διώκε-

392 870 515 925 σθαι
547 861 860 933 ἐξακοντίζει
889 857 1029 919 κατὰ
1060 861 1164 915 τῶν
1190 853 1526 931 διωκόντων.)

474 951 765 1030 (εἰσέὸαλεν
808 970 823 1011 t
865 949 995 1008 Ἀπὸ
1023 953 1321 1026 μεταφορᾶς
1360 946 1464 1002 τῶν
1497 940 1587 1010 τὰς
1620 940 1800 1009 πόλεις
1827 965 1962 1024 πορ-

392 1041 617 1102 θούντων
644 1040 708 1100 τὸ
729 1035 1021 1098 εἰσέὸαλεν.
1047 1032 1138 1093 καὶ
1165 1030 1366 1110 ἔμεινεν
1392 1034 1445 1090 ἐν
1464 1035 1531 1110 τῇ
1554 1036 1746 1111 τροπῇ.
1772 1029 1963 1111 κυρίως

389 1128 493 1211 γὰρ
529 1127 792 1187 εἰσὸαλεῖν
834 1128 948 1184 ἐστι
983 1121 1046 1182 τὸ
1088 1118 1371 1197 πολεμίως
1412 1119 1557 1187 τινὰς
1598 1121 1845 1179 εἰσελθεῖν
1889 1120 1963 1185 εἰς

316 1236 366 1275 ιο
389 1215 583 1292 πόλιν.)

468 1325 565 1366 747.
609 1300 695 1361 διὰ
716 1300 779 1361 τὸ
799 1303 996 1372 πλῆθος
1020 1300 1125 1357 τῶν
1152 1298 1391 1374 πληγῶν.
1417 1306 1476 1353 R.

470 1412 568 1454 746.
617 1384 1139 1471 (βωμολοχεύματατ
1170 1381 1429 1445 Τουτέστι
1455 1380 1744 1461 βωμολόχα
1768 1380 1959 1459 σκώμ-

394 1503 540 1559 ματα
554 1525 570 1553 ,
596 1478 629 1537 ὅ
653 1480 766 1537 ἐστι
800 1475 1139 1540 σκώπτοντας
1167 1473 1394 1538 εὐτελεῖς
1428 1468 1570 1537 τινὰς
1608 1467 1701 1528 καὶ
1724 1470 1954 1536 ἀσθενεῖς

393 1570 488 1629 ἀνδ
523 1593 601 1636 ας.

317 1672 366 1711 ¹⁵
472 1593 570 1720 739.
606 1570 829 1727 )ἐποίησε
885 1651 1076 1732 τέχνην
1133 1669 1147 1710 :
1213 1651 1399 1710 Ταῦτα
1463 1645 1556 1706 καὶ
1612 1646 1964 1727 Φερεκράτης

390 1745 603 1818 ἐποίησε
643 1742 733 1802 τὸν
778 1739 1044 1821 Αἰσχύλον
1083 1736 1302 1816 λέγοντα
1336 1739 1389 1796 ἐν
1431 1738 1539 1803 τοῖς
1584 1733 1963 1816 Κραπατάλοις

393 1866 418 1890 «ι
447 1834 586 1900 ὅστις
610 1831 658 1911 γ’
689 1833 866 1898 αὐτοῖς
893 1829 1181 1911 παρέδωκα
1210 1825 1403 1905 τέχνην
1433 1821 1673 1901 μεγάλην
1705 1822 1962 1890 ἐξοικοδο-

393 1947 433 1982 υ.
472 1944 585 1988 σας.
617 1946 641 1972 ¹·

392 1980 404 2001 ι
432 1922 615 2070 ἤκοίπιί
765 2028 818 2063 εν
836 2002 1000 2064 εἈντὶ
1017 2006 1108 2060 τοῦ
1129 1999 1398 2082 (ὕψωσεν,“)
1413 1998 1661 2075 ηὔξησεν,
1676 1994 1963 2075 ἐμεγάλυνε

311 2121 366 2160 20
391 2097 482 2159 καὶ
492 2094 842 2179 ἠσφαλίσατο,
856 2090 947 2151 καὶ
963 2090 1052 2150 ἐπὶ
1065 2088 1126 2149 τὸ
1139 2088 1449 2168 σεμνότερον
1461 2086 1531 2146 τὰ
1544 2085 1818 2163 ποιήματα
1827 2085 1964 2164 ἤγα-

389 2210 497 2261 γεν.
531 2183 625 2245 καὶ
653 2185 708 2242 ἐν
733 2182 911 2248 ἄλλοις
938 2187 1078 2253 [Rau.
1106 2185 1230 2249 100⁴]
1256 2176 1377 2259 περὶ
1409 2178 1573 2235 αὐτοῦ
1601 2197 1759 2256 φησιν
1790 2201 1814 2225 κ
1843 2173 1961 2232 ἀλλ’

390 2265 437 2334 ὦ
461 2277 664 2355 πρῶτος
684 2266 1090 2332 τῶν-’Ἑλλήνων
1113 2263 1396 2347 πυργώσας
1427 2263 1640 2343 ῥήματα
1671 2262 1857 2340 σεμνά.
1885 2289 1909 2314 n
1952 2286 1965 2298 .

468 2381 570 2422 7⁶⁰.
615 2360 731 2436 (οὐκ
757 2354 1021 2435 ἀγοραίοις
1048 2374 1064 2414 t
1097 2355 1179 2415 Οὐ
1203 2350 1732 2429 κατημαξευμένοις.)

469 2468 570 2509 7⁶2.
617 2445 734 2505 ἀλλ’
764 2442 1090 2526 Ἡρακλέους
1117 2438 1279 2521 ὀργὴν
1309 2460 1324 2500 :
1363 2437 1640 2517 (Ἐνδόξως
1666 2436 1826 2497 πάλιν
1854 2460 1961 2496 πα·

311 2556 365 2595 20
395 2535 614 2618 ρέλαὸεν
635 2533 790 2600 αὐτὸς
807 2532 898 2591 τὸν
936 2531 1228 2612 Ἦρακλῆν.
1264 2528 1405 2605 λέγει
1432 2527 1535 2609 γὰρ
1552 2570 1568 2598 ,
1592 2527 1654 2584 οὐ
1676 2524 1814 2585 κατὰ
1845 2523 1964 2593 τοὺς

392 2625 582 2690 ἄλλους
614 2617 837 2693 ποιητὰς
875 2617 1112 2702 μετρίους
1145 2615 1290 2684 τινὰς
1318 2614 1410 2675 καὶ
1446 2613 1674 2697 φαύλους
1708 2614 1963 2694 λοιδορεῖν

391 2712 484 2772 καὶ
510 2710 783 2792 κωμῳδεῖν
805 2706 1147 2789 προειλόμην,
1179 2704 1297 2763 ἀλλ’
1329 2701 1510 2784 ὥσπερ
1544 2701 1815 2782 Ἡρακλῆς
1843 2701 1962 2770 τοὺς

395 2801 656 2882 μεγάλους
680 2798 866 2864 ἄθλους
893 2793 1095 2866 ὑπέστη
1112 2837 1127 2866 ,
1148 2791 1284 2851 οὕτω
1301 2791 1454 2872 κάγὼ
1474 2788 1592 2857 τοὺς
1611 2788 1849 2871 ἀρίστους
1870 2789 1963 2849 καὶ

392 2889 531 2968 μέγα
562 2885 878 2964 δυναμένους
904 2884 1031 2962 παρ’
1057 2885 1178 2958 ὑμῖν
1202 2876 1761 2960 κωμῳδεῖνείλόμην.)
1791 2878 1964 2958 Ἥρα-

311 3008 365 3047 ³0
391 2976 522 3038 κλέα
553 2975 656 3056 γὰρ
691 2971 1043 3053 μιμούμενος,
1080 2971 1177 3028 οὐκ
1206 2969 1432 3035 εὐτελεῖς
1467 2966 1660 3047 ἄνδρας
1686 2967 1961 3047 κωμῳδεῖν

389 3070 483 3127 ἐπε
523 3064 571 3124 εί
604 3087 666 3122 ει.

469 3087 600 3215 ἔξω.ρ
611 3145 800 3216 διαδὺς
828 3149 1037 3229 βυρσῶν
1060 3143 1224 3222 ὀδμὰς
1247 3165 1262 3205 :
1284 3140 1500 3203 Ὡσανεί
1519 3140 1669 3221 ἔλεγε
1693 3140 1962 3220 ποταμοὺς

389 3241 426 3313 ἢ
453 3238 745 3320 χαράδρας.
771 3239 940 3294 ταῦτα
965 3234 1021 3292 δὲ
1045 3230 1133 3292 διὰ
1153 3231 1207 3291 δὲ
1225 3231 1315 3289 τὸν
1343 3228 1584 3289 Κλέωνα·
1613 3227 1749 3296 εἰκὸς
1775 3228 1877 3310 γὰρ
1896 3222 1961 3301 ἦν

393 3329 549 3388 αὐτὸν
572 3328 805 3387 ἀπειλεῖν
825 3327 902 3404 τῷ
926 3319 1289 3404 Ἀριστοφάνει
1313 3317 1400 3377 διὰ
1417 3316 1510 3386 τὰς
1532 3316 1724 3398 ῧὸρεις.
1747 3317 1809 3377 τὸ
1830 3322 1963 3400 βαρ-

311 3439 364 3478 36
394 3417 628 3496 ὄαρῶδες
652 3412 705 3473 δὲ
725 3418 817 3472 τοῦ
842 3410 1080 3478 Κλέωνος
1100 3410 1252 3481 δηλοῖ
1274 3407 1361 3467 διὰ
1385 3411 1480 3466 τοῦ
1508 3405 1959 3487 βαρὸαροθύμους·

393 3500 707 3586 Παφλαγὼν
738 3497 842 3581 γὰρ
868 3491 950 3571 ἦν.
985 3501 1096 3577 (τοῦ
1126 3494 1450 3579 Ἡρακλέους
1482 3493 1537 3553 δὲ
1567 3494 1960 3572 μνημονεύσας,

391 3590 511 3664 ἑξῆς
531 3589 591 3649 τὸ
612 3592 816 3669 βυρσῶν
841 3584 1012 3663 ὀσμὴν
1035 3583 1318 3663 ἐπήγαγεν,
1338 3581 1453 3641 ἐπεὶ
1474 3582 1618 3640 δοκεῖ
1634 3584 1663 3639 ὁ
1690 3580 1963 3662 Ἧρακλῆς

390 3677 487 3752 τὴν
511 3678 716 3756 Αὐγέου
740 3674 935 3755 κόπρον
962 3669 1441 3751 ἐκκεκαθαρκέναι.)

470 3787 570 3828 766.
613 3755 673 3824 οὑ
695 3761 986 3822 δεινόταται
1010 3781 1024 3821 :
1052 3757 1430 3841 Ἐρατοσθένης
1449 3754 1711 3836 ἀγνοήσας
1735 3752 1804 3814 τὰ
1822 3754 1962 3815 κατὰ

311 3878 366 3920 4ο
391 3854 488 3927 τὴν
507 3853 737 3925 Κύνναν,
758 3849 911 3915 κυνὸς
935 3846 1152 3928 γράφει,
1173 3845 1341 3925 (κυνὸς
1358 3848 1429 3912 ὡς
1449 3843 1650 3910 ἀκτῖνες
1673 3841 1959 3921 ἔλαμπον).

392 3942 573 4005 Κύννα
608 3939 663 3999 δὲ
691 3937 783 3998 καὶ
817 3933 1165 4016 Σαλαὸακχὼ
1193 3932 1383 4015 πόρναι
1419 3931 1683 4004 Ἀθήνησι.
1809 3929 1959 4008 (Ἄλ-

390 4034 512 4099 λως.
536 4028 634 4101 τὴν
662 4025 929 4086 ἀναίδειαν
951 4026 1111 4083 αὐτοῦ
1131 4021 1221 4082 καὶ
1248 4020 1346 4093 τὴν
1373 4019 1680 4101 τραχύτητα
1703 4023 1808 4078 τῶν
1835 4017 1962 4100 τρό-

389 4144 506 4178 πων
522 4117 751 4178 δείκνυσι
769 4113 857 4173 διὰ
876 4115 982 4172 τῶν
1008 4112 1198 4195 ὄψεων,
1220 4115 1290 4179 ὡς
1303 4109 1396 4169 κα),
1416 4108 1662 4189 εΌμηρος
1678 4116 1761 4181 [11.
1779 4122 1842 4181 Α,
1861 4115 1958 4181 10⁴]

392 4236 418 4261 ιι
447 4208 571 4267 ὄσσε
595 4203 652 4264 δέ
668 4207 718 4265 οῖ
736 4203 862 4284 πυρὶ
883 4199 1255 4279 λαμπετόωντι
1280 4197 1481 4269 ἐΐκτην.
1511 4225 1534 4249 υ
1558 4201 1652 4268 τῆς
1676 4196 1730 4255 δὲ
1755 4195 1963 4269 Κύννης

309 4326 365 4366 45
395 4295 660 4374 μέμνηται
680 4292 771 4352 καὶ
787 4295 839 4352 ἐν
861 4295 968 4358 τοῖς
992 4289 1239 4350 Ἱππεῦσι
1255 4288 1384 4366 [765]
1397 4285 1564 4362 λέγων
1590 4313 1614 4338 α
1631 4284 1725 4344 καὶ
1751 4282 1960 4344 Κύνναν

390 4382 484 4443 καὶ
520 4380 885 4459 Σαλαὸακχώ.
928 4406 954 4431 t·
1076 4375 1292 4442 Ἄλλως.
1337 4373 1517 4435 Κύννα
1569 4371 1753 4453 ἑταίρα
1797 4372 1958 4433 ἐστίν.

392 4474 549 4545 δῆλον
579 4468 634 4529 δὲ
663 4468 744 4528 ὅτι
765 4467 857 4527 καὶ
880 4463 1096 4538 ἀναιδὴς
1118 4464 1210 4525 καὶ
1226 4461 1421 4543 πόρνης
1446 4459 1744 4542 ὀφθαλμοὺς
1772 4450 1958 4540 εἶχεν.)

471 4580 570 4621 766.
611 4557 800 4618 ἑκατὸν
834 4555 890 4616 δὲ
919 4553 1100 4635 κύκλῳ
1136 4573 1151 4613 t
1184 4551 1361 4630 (ssed.
1381 4549 1559 4628 ἔλεγεν
1582 4548 1795 4631 ὄφεων.)
1823 4549 1961 4618 εἰκὸς

392 4647 493 4730 γὰρ
529 4646 778 4723 σύστημα
805 4645 894 4704 τὸν
922 4641 1148 4705 Κλέωνα
1177 4640 1318 4722 ἔχειν
1341 4637 1600 4698 κολάκων.
1634 4637 1880 4718 χαράδρα
1904 4637 1961 4697 δέ

313 4759 369 4798 ω
396 4740 510 4796 ἐστι
535 4732 722 4815 διῶρυξ
749 4734 921 4802 πηλοῦ
947 4728 1135 4809 μεστή.
1159 4727 1371 4810 ὄλεθρον
1400 4726 1456 4787 δὲ
1487 4717 1651 4798 εἶπεν,
1687 4728 1762 4784 οὐ“
1818 4724 1959 4807 ὕδωρ

394 4822 611 4902 ἔχουσα.
643 4820 756 4879 δέον
784 4817 842 4879 δὲ
869 4821 1034 4877 εἰπεῖν
1064 4818 1389 4896 ἐλιχμῶντο,
1419 4816 1700 4895 ἔλιχνῶντο
1731 4837 1755 4871 ε
1777 4836 1845 4871 πε
1874 4813 1962 4874 διὰ

394 4910 455 4971 τὸ
475 4909 655 4990 λίχνον
675 4912 779 4968 τῶν
802 4906 1065 4967 κολάκων.
1188 4903 1405 4973 Ἄλλως.
1427 4903 1562 4970 εἰκὸς
1584 4901 1687 4983 γὰρ
1711 4900 1960 4981 σύστημα

394 5006 484 5058 τὸν
518 4996 736 5058 Κλέωνα
771 4995 912 5075 ἔχειν
953 4992 1092 5071 μέγα
1115 4990 1402 5069 δυνάμενον
1432 4996 1537 5050 τῶν
1569 4989 1963 5071 ὑποτρεχόντων

2046 587 2431 668 τοντακέφαλον
2456 586 2637 668 ὕδραν.
2678 587 2913 671 (καὶγὰρ
2939 592 3169 671 Τυφῶνα
3206 590 3363 650 αὐτὸν
3391 583 3534 651 εἶπεν
3563 595 3616 651 ἐν

2045 682 2155 743 τοῖς
2193 674 2437 735 Ἱππεῦσι
2488 677 2635 755 [511]·
2686 675 2969 744 τοσαύταις
3015 675 3071 735 δὲ
3122 679 3316 747 ἐκεῖνος
3364 682 3618 763 κεφαλαῖς

2046 762 2301 824 ὥπλιστο.
2325 762 2360 836 ἢ
2386 764 2473 823 διὰ
2500 763 2618 832 τοὺς
2638 763 2759 845 περὶ
2784 765 2940 824 αὐτὸν
2967 762 3238 845 κόλακας.)
3647 802 3673 839 5

2128 890 2229 931 757.
2273 871 2547 953 χαράδρας
2579 892 2595 931 z
2624 870 2763 931 Ἀντὶ
2788 876 2880 931 τοῦ
2908 871 3204 956 χειμάρρου
3228 882 3490 954 ποταμοῦ.
3515 902 3619 939 κα-

2048 957 2265 1038 τάγουσι
2292 959 2348 1018 δὲ
2372 948 2515 1017 οὗτοι
2542 960 2770 1018 παντοῖα
2793 957 2930 1038 μετὰ
2957 966 3048 1021 τοῦ
3079 960 3354 1044 ῥεύματος.
3380 966 3478 1026 οὐκ
3505 958 3619 1028 εἶπε

2051 1044 2107 1105 δὲ
2134 1048 2322 1121 πηλὸν,
2351 1046 2469 1105 ἀλλ’
2495 1047 2725 1128 ὄλεθρον.

2128 1165 2228 1205 756.
2271 1143 2450 1225 φώκης
2486 1143 2531 1204 δ’
2571 1143 2744 1223 ὀσμὴν
2781 1165 2798 1206 :
2834 1144 3145 1207 Θαλάσσιον
3185 1152 3316 1229 ζῷον
3366 1154 3401 1222 ἡ
3443 1150 3617 1234 φώκη.

2047 1227 2289 1313 Ὄμηρος
2308 1231 2425 1311 [od.
2447 1244 2515 1305 Δ,
2537 1233 2642 1315 ⁴42]
2667 1259 2691 1284 κ
2713 1232 2941 1313 φωκάων
2962 1235 3311 1319 ἁλιοτρεφέων
3328 1238 3621 1308 ὀλοώτατος
3653 1253 3692 1291 Ι(

2051 1318 2208 1397 ὀδμή.
2242 1345 2266 1371 n

2130 1415 2328 1493 λαμίας
2364 1413 2538 1496 ὄρχεις
2571 1435 2586 1477 :
2625 1417 2910 1497 Δραστικοὶ
2951 1417 3054 1499 γὰρ
3092 1421 3141 1479 οἱ
3173 1418 3362 1502 ὄρχεις.
3394 1422 3622 1502 Δίδυμος

2053 1501 2126 1562 δέ·
2143 1505 2471 1563 εἰδωλοποιεῖ
2484 1527 2629 1572 τινας
2642 1502 2816 1585 ὄρχεις
2839 1506 3070 1584 Λαμίας·
3094 1510 3224 1581 θῆλυ
3244 1508 3366 1591 γάρ.
3388 1512 3619 1572 ἐντεῦθεν

2051 1592 2144 1651 καὶ
2177 1592 2361 1669 Λάμος
2390 1596 2426 1664 ἡ
2462 1592 2616 1661 πόλις
2642 1598 2748 1653 τῶν
2779 1595 3202 1677 Λαιστρυγόνων.
3237 1596 3465 1676 (λέγεται
3497 1601 3551 1661 δὲ
3581 1607 3617 1675 ἡ

2052 1679 2240 1759 Λάμια
2265 1680 2446 1753 Βήλου
2474 1680 2567 1740 καὶ
2590 1680 2794 1754 Λιόύης
2826 1683 3088 1764 θυγάτηρ,
3121 1677 3182 1758 ἧς
3214 1689 3499 1767 ἐρασθῆναι
3528 1689 3620 1749 τὸν
3652 1704 3696 1743 ¹⁵

2053 1768 2154 1828 Δία
2184 1768 2360 1850 φασὶν,
2390 1779 2709 1849 μεταγαγεῖν
2737 1770 2793 1830 δὲ
2822 1770 2987 1845 αὐτὴν
3015 1771 3122 1832 ἀπὸ
3151 1772 3352 1847 Λιόύης
3376 1779 3448 1844 εἷς
3474 1778 3620 1839 Ἰτα-

2052 1856 2189 1932 λίαν,
2213 1858 2302 1940 ἀφ’
2316 1851 2379 1930 ἧς
2392 1858 2484 1917 καὶ
2498 1857 2649 1926 πόλις
2663 1860 2717 1917 ἐν
2734 1858 2939 1941 Ἰταλία
2956 1860 3141 1939 Λάμια
3156 1865 3618 1946 προσαγορεύεται.

2053 1945 2192 2005 ἔνθεν
2211 1948 2345 2027 αὐτῇ
2371 1945 2627 2007 συνελθὼν
2647 1950 2676 2006 ὃ
2699 1947 2859 2021 Ζεὺς,
2879 1950 2975 2008 οὐκ
2997 1947 3152 2009 ἔλαθε
3171 1950 3267 2023 τὴν
3285 1950 3482 2034 Ἥραν,
3506 1955 3623 2028 ἥτις

2052 2036 2419 2106 ζηλοτυποῦσα
2456 2034 2552 2106 τὴν
2598 2034 2816 2113 Λάμιαν
2857 2037 2925 2095 τὰ
2973 2037 3221 2117 γινόμενα
3262 2043 3424 2113 αὐτῆς
3462 2043 3621 2104 τέκνα

2054 2122 2236 2204 ἀνῄρει
2264 2123 2365 2183 ἀεί.
2391 2127 2425 2196 ἡ
2457 2123 2511 2183 δὲ
2537 2124 2973 2199 ἀποθνησκόντων
2993 2130 3099 2185 τῶν
3121 2127 3314 2189 τέκνων
3337 2132 3498 2204 αὐτῆς
3523 2137 3619 2214 βα·
3647 2152 3701 2194 2⁰

2055 2210 2327 2291 ρυνομένη,
2339 2210 2406 2270 τὰ
2421 2214 2525 2270 τῶν
2541 2212 2717 2271 ἄλλων
2727 2213 2918 2272 παιδία
2929 2211 3015 2272 διὰ
3027 2213 3208 2295 φθόνον
3220 2217 3620 2281 ὑποκλέπτουσα

2053 2297 2253 2379 ἀνῄρει.
2285 2299 2371 2359 διὰ
2399 2305 2552 2360 τοῦτο
2573 2302 2664 2360 καὶ
2687 2302 2784 2369 τὰς
2809 2301 2986 2370 τίτθας
3013 2302 3334 2385 ἐκφοόούσας
3354 2303 3423 2365 τὰ
3453 2308 3619 2390 βρέφη

2053 2389 2232 2446 καλεῖν
2262 2390 2346 2447 ἐπ’
2362 2390 2540 2456 αὐτοῖς
2561 2386 2658 2460 τὴν
2682 2390 2916 2468 Λάμιαν.
2950 2391 3231 2469 μυθεύεται
3255 2393 3312 2452 δὲ
3333 2397 3403 2462 ὡς
3427 2395 3623 2465 ἄϋπνος

2053 2474 2186 2548 αῦτη
2225 2478 2456 2535 διατελεῖ
2497 2476 2744 2556 βουλήσει
2779 2475 2985 2560 Ἥρας,
3029 2478 3116 2539 ἵνα
3162 2479 3253 2539 καὶ
3291 2481 3491 2560 ἡμέρας
3527 2486 3623 2545 καὶ

2053 2563 2242 2632 νύκτας
2269 2567 2323 2624 ἐν
2359 2568 2437 2646 τῷ
2464 2564 2638 2624 πένθει
2666 2556 2730 2645 ᾖ,
2757 2565 2856 2633 ἕως
2892 2558 2952 2626 οὗ
2980 2566 3144 2639 αὐτὴν
3175 2569 3396 2641 ἐλεήσας
3422 2576 3450 2630 ὁ
3491 2571 3622 2641 Ζεὺς
3649 2603 3703 2641 25

2054 2651 2365 2733 ἀφαιρετοὺς
2383 2654 2544 2724 αὐτῆς
2566 2651 2687 2720 τοὺς
2707 2653 3009 2734 ὀφθαλμοὺς
3031 2656 3293 2731 ἐποίησεν,
3316 2656 3458 2728 ὅπως
3487 2664 3549 2720 ἂν
3568 2666 3622 2722 ἐν

2054 2742 2188 2820 αὐτῇ
2216 2732 2252 2822 ᾗ
2279 2730 2593 2822 ἐξαιρεῖσθαι
2620 2741 2711 2801 καὶ
2739 2741 2900 2801 πάλιν
2923 2746 3105 2804 θεῖναι.
3134 2745 3346 2825 λέγεται
3375 2747 3431 2807 δὲ
3455 2752 3622 2830 ἐσχη-

2052 2824 2200 2886 κέναι
2236 2826 2384 2910 παρὰ
2420 2828 2541 2898 Διὸς
2566 2828 2656 2889 καὶ
2691 2828 2753 2890 τὸ
2790 2836 3255 2915 μεταμορφοῦσθαι
3293 2835 3365 2903 εἰς
3399 2834 3432 2895 ὅ
3453 2860 3505 2896 τι
3531 2831 3622 2898 οὗν

2056 2912 2313 2994 βούλοιτο.
2343 2915 2507 2985 οὕτως
2534 2909 2685 2997 εὗρον
2710 2920 2764 2977 έν
2789 2919 3149 2997 ὑπομνήματι.
3175 2920 3462 2983 ἀλλόκοτον
3488 2925 3547 2984 δέ
3568 2950 3622 2985 τι

2052 3002 2207 3083 τέρας
2248 3003 2648 3077 ὑποστήσασθαι
2694 3005 2942 3152 βούλεται
2982 3008 3072 3067 τὸν
3110 3008 3354 3069 Κλέωνα·
3381 3011 3479 3084 τὴν
3514 3011 3619 3095 γὰρ
3647 3033 3703 3076 ³⁰

2052 3090 2269 3167 Λάμιάν
2292 3115 2450 3174 φησιν
2474 3092 2655 3174 ἄγριον
2676 3117 2700 3152 ε
2723 3118 2809 3154 ναι
2832 3097 2961 3176 ζῷον
2982 3094 3074 3155 καὶ
3095 3096 3354 3176 δύσοσμον
3375 3099 3467 3159 καὶ
3488 3101 3623 3173 ἀνή-

2054 3202 2231 3261 μερον.
2257 3183 2353 3240 οὐκ
2377 3182 2646 3261 ἀρκεσθεὶς
2673 3181 2727 3241 δὲ
2755 3181 2958 3251 τούτοις
2985 3184 3140 3244 αὐτὸν
3173 3186 3383 3247 εἰκάσαι
3416 3190 3620 3267 μόνοις,

2051 3265 2347 3347 προσέθηκε
2375 3268 2467 3328 καὶ
2504 3269 2755 3343 ἄπλυτον,
2783 3266 2870 3328 ἵνα
2905 3273 3108 3349 μᾶλλον
3141 3271 3344 3355 αὐξήσῃ
3376 3276 3472 3349 τὴν
3499 3279 3621 3360 περὶ

2050 3354 2138 3414 τὸν
2165 3355 2387 3418 Κλέωνα
2410 3357 2740 3436 δυσοσμίαν.)

2130 3472 2227 3514 769.
2269 3460 2499 3515 τοιοῦτον
2523 3454 2648 3514 ἰδὼν
2668 3454 2825 3538 τέρας
2845 3475 2860 3517 :
2889 3455 3132 3539 Εἰρηκὼς
3151 3463 3258 3520 τῶν
3277 3461 3617 3539 σκωμμάτων
3646 3482 3702 3523 66

2053 3540 2213 3601 αὐτοῦ
2240 3540 2301 3600 τὸ
2322 3544 2453 3601 ’κατ’
2474 3533 2644 3615 εἶδος,
2673 3541 2908 3625 ἔσκωψεν
2935 3544 3092 3604 αὐτὸν
3122 3547 3284 3605 πάλιν
3317 3547 3406 3606 ἐπὶ
3437 3548 3498 3608 τὸ
3527 3574 3619 3629 γε·

2048 3626 2194 3686 νικὸν
2236 3627 2575 3709 ἀναδραμὼν,
2618 3630 2684 3689 δι’
2726 3622 2786 3690 οὗ
2822 3629 2978 3711 τέρας
3019 3631 3176 3692 αὐτὸν
3213 3635 3367 3693 καλεῖ
3403 3637 3617 3714 μείζονα

2050 3712 2204 3783 δόξαν
2225 3719 2328 3775 τῶν
2351 3717 2746 3798 προειρημένων
2774 3719 3141 3799 ἐγκαταλιπὼν
3169 3719 3311 3803 ἔχειν
3342 3724 3449 3792 τοῖς
3482 3728 3617 3800 ἄκη·

2049 3801 2196 3862 κοόσι
2222 3803 2343 3885 περὶ
2371 3806 2551 3867 αὐτοῦ.

2128 3919 2228 3960 763.
2272 3900 2469 3968 παῖδας
2492 3901 2714 3984 ἐπείρων
2742 3923 2758 3965 :
2793 3903 2906 3982 (Ὡς
2927 3908 3030 3964 τῶν
3060 3905 3238 3966 ἄλλων
3265 3906 3502 3977 ἐξιόντων
3526 3913 3617 3973 καί
3644 3932 3703 3973 4ο

2051 3985 2308 4064 δεομένων
2330 3988 2423 4047 καὶ
2450 3987 2580 4048 νέων
2609 3991 2703 4051 καὶ
2732 3994 2838 4051 τῶν
2869 3990 3075 4051 παίδων
3106 3997 3179 4063 εἰς
3204 3994 3266 4054 τὸ
3304 3997 3616 4070 σπουδάζειν

2050 4076 2250 4147 αὐτοῖς,
2276 4072 2365 4133 ἵνα
2406 4075 2730 4158 νικήσωσιν.)
2779 4077 2994 4139 εἰώθασι
3032 4079 3087 4140 δὲ
3118 4081 3211 4141 καὶ
3247 4085 3618 4168 παιδεραστεῖν

2050 4160 2396 4243 ἆὸρυνόμενοι
2431 4168 2498 4245 τῇ
2527 4165 2665 4247 νίκῃ.
2710 4166 2997 4228 αἰνίττεται
3025 4168 3082 4228 δὲ
3117 4172 3190 4237 εἰς
3225 4169 3461 4232 Εὔπολιν
3506 4173 3617 4252 (καὶ

2047 4248 2165 4317 τοὺς
2199 4249 2321 4330 περὶ
2353 4252 2531 4326 αὐτὸν,
2566 4257 2638 4322 ὡς
2674 4254 2877 4316 παίδων
2912 4259 3139 4338 ἐρῶντας
3165 4257 3258 4318 καὶ
3285 4260 3619 4345 παλαίστρας

2048 4341 2520 4419 περιερχομένως).
3643 4382 3703 4423 ⁴5

2128 4452 2225 4494 764.
2272 4436 2452 4515 (παῦρ’
2509 4434 2730 4503 ἀνιάσας
2779 4455 2793 4496 :
2850 4434 2945 4506 Ὧς
2983 4441 3090 4497 τῶν
3137 4438 3399 4502 νικώντων
3447 4449 3619 4505 ταῦτα

2047 4519 2333 4581 ποιούντων
2349 4523 2442 4582 καὶ
2463 4525 2536 4590 εἷς
2555 4522 2707 4605 ῦὸριν
2724 4521 3092 4603 ἑξελκομένων.
3109 4527 3265 4606 ὀλίγα
3286 4532 3619 4612 κωμῳδήσας

2047 4609 2083 4683 ἢ
2110 4608 2258 4669 οὐδὲν
2286 4610 2548 4681 λυπήσας.
2582 4610 2774 4689 ὁμοίως
2798 4616 2877 4693 τῷ
2907 4620 2986 4686 [11.
3012 4626 3079 4688 Ε,
3107 4624 3210 4689 600]
3240 4642 3267 4670 α
3292 4610 3330 4691 ἦ
3366 4619 3540 4699 ὀλίγον
3569 4624 3620 4681 οἱ

2047 4700 2215 4759 παῖδα
2244 4697 2451 4759 ἐοικότα
2473 4698 2682 4777 γείνατο
2708 4700 2928 4768 Τυδεύς.
2963 4706 3004 4780 υ)

2128 4815 2226 4855 766.
2272 4795 2419 4876 (πρὸς
2431 4800 2600 4855 ταῦτα
2617 4796 2787 4879 χρεὼν
2812 4816 2828 4858 :
2850 4796 2955 4858 Διὰ
2981 4804 3149 4860 ταῦτα
3178 4804 3318 4881 ὑμᾶς
3337 4802 3466 4873 ἀξιῶ
3486 4809 3619 4865 συλ-
3650 4843 3707 4882 ⁶⁰

2049 4882 2440 4961 λαμὸάνεσθαι,
2468 4882 2503 4954 ἢ
2534 4884 2599 4943 δι’
2625 4885 2760 4944 αὐτὰ
2787 4883 2855 4944 τὰ
2878 4885 3099 4966 δίκαια.)

2130 5009 2227 5050 767.
2272 4987 2364 5047 καὶ
2390 4997 2496 5058 τοῖς
2523 4992 2841 5073 φαλακροῖσι
2871 5011 2887 5054 :
2913 4995 3087 5054 Τοῦτο
3116 4997 3186 5056 εἷς
3210 4995 3413 5055 ἑαυτόν·
3442 5000 3622 5081 φαλα-

399 5085 557 5146 αὗτὸν
586 5083 674 5144 καὶ
703 5078 1111 5166 θεραπευόντων.
1136 5083 1165 5137 ὁ
1197 5078 1252 5139 δὲ
1284 5070 1444 5151 εἶπεν,
1472 5076 1598 5138 ὡσεὶ
1628 5076 1806 5155 ἔλεγεν
1834 5078 1963 5159 δρα·
2052 5075 2174 5157 κρὸς
2200 5074 2303 5157 γὰρ
2343 5066 2409 5148 ἦν
2444 5081 2473 5136 ὁ
2505 5078 2895 5159 Ἀριστοφάνης,
2928 5082 3242 5163 τρωγαλίων
3282 5083 3337 5144 δὲ
3374 5087 3490 5144 ἀντὶ
3530 5090 3624 5145 τοῦ
