3859 5725
339 347 449 397 180

1483 325 1865 387 SCHOLIA
1918 324 2011 386 IN
2068 323 2288 386 PACE
2304 325 2386 384 M.

330 461 413 529 νὲς
445 458 538 537 (δὲ)
568 464 730 521 Δᾶτιν
753 457 963 538 λέγουσι
990 456 1079 516 τὸν
1103 454 1372 538 τραγικὸν,
1408 457 1585 523 κακῶς
1621 458 1897 514 ὖπονοοῦν-
1984 477 2099 513 πων
2115 479 2129 492 ·
2158 453 2507 536 φιλοπόλεμος
2548 450 2652 535 γὰρ
2689 443 2837 521 οὗτος
2851 496 2869 531 ,
2899 455 2970 522 ὣς
3004 453 3097 512 καὶ
3141 452 3195 512 ἐν
3242 451 3550 536 Ἀχαρνεῦσί

330 573 440 616 τες·
475 548 665 615 ἐκεῖνος
700 545 804 629 γὰρ
821 545 942 613 ὐἱὸς
968 536 1034 617 ἦν
1068 544 1335 627 Καρκίνου
1398 535 1544 612 οὗτος
1569 543 1626 603 δὲ
1662 541 1899 625 ὕπαρχος

331 641 575 720 Περσῶν.
597 647 656 694 R.
671 648 736 694 V.

410 747 507 787 2⁰5.
550 724 668 783 ἀντὶ
694 728 785 783 τοῦ
815 721 1126 803 στρατηγόν.
1160 732 1221 780 R.

278 835 306 874 3
414 835 511 875 29⁰.
555 814 732 879 καλῶς
767 810 889 878 τοὺς
925 809 1214 890 χρήζοντας
1248 812 1344 878 τῆς
1384 807 1593 890 εἰρήνης
1633 810 1789 867 καλεῖ
1827 807 1900 873 εἰς

335 900 667 980 συμμαχίαν.
699 897 1009 977 δημιουργοὶ
1032 895 1087 955 δὲ
1114 890 1355 974 λέγονται
1383 899 1567 963 κοινῶς
1590 898 1638 955 οἱ
1669 893 1899 974 δημόσιά

332 1013 450 1048 τινα
478 985 839 1070 ἐργαζόμενοι·
870 990 958 1043 νῦν
988 982 1044 1043 δὲ
1069 982 1188 1051 τοὺς
1216 982 1587 1066 ἀρχιτέκτονας
1612 982 1783 1061 λέγει,
1811 979 1899 1039 ἵνα

332 1075 585 1157 ἐντέχνως
629 1076 855 1153 ἑλκυσθῇ
903 1077 939 1144 ἡ
990 1071 1246 1155 Εἰρήνηκ
1338 1069 1559 1139 Ἄλλως.
1607 1083 1670 1128 V.
1712 1070 1903 1137 πάντες

330 1163 435 1245 γὰρ
481 1155 624 1222 οὗτοι
661 1165 767 1221 τῶν
808 1159 974 1241 ἔργων
1018 1159 1308 1219 ἐκωλύοντο
1351 1158 1587 1235 πολέμου
1627 1157 1773 1225 ὄντος
1810 1157 1901 1216 καὶ

254 1270 305 1309 ιο
332 1254 639 1324 ἠδικοῦντο,
673 1252 722 1309 οἱ
753 1247 849 1328 μὲν
876 1246 1098 1327 γεωργοὶ
1125 1245 1450 1324 κωλυόμενοι
1476 1254 1744 1328 γεωργεῖν,
1769 1247 1818 1304 οἱ
1846 1246 1901 1302 δὲ

333 1340 558 1421 ἔμποροι
587 1337 670 1419 ὑφ’
693 1327 766 1395 ὧν
796 1335 859 1394 ἂν
885 1333 1192 1415 περιέτυχον
1215 1335 1479 1414 πονηρῶν,
1509 1336 1556 1392 οἱ
1582 1331 1637 1391 δὲ
1665 1331 1902 1398 τέκτονες

334 1422 748 1502 ἀναγκαζόμενοι
787 1424 1078 1499 ναυπηγεῖν
1113 1419 1372 1501 τριήρεις,
1414 1422 1462 1479 οἱ
1504 1418 1558 1478 δὲ
1598 1416 1903 1498 δημιουργοὶ

337 1510 716 1594 στρατεύεσθαι
756 1507 848 1568 καὶ
876 1516 1117 1591 φρουρεῖν
1162 1504 1603 1586 ἀναγκαζόμενοι,
1631 1509 1680 1565 οἱ
1723 1505 1779 1565 δὲ
1808 1503 1905 1582 μέ-

334 1621 498 1658 τοικοι
527 1594 961 1678 εἰσπραττόμενοι
998 1594 1282 1674 μετοίκιον,
1311 1595 1403 1655 καὶ
1432 1599 1479 1654 οῖ
1508 1593 1642 1663 ξένοι
1669 1594 1906 1653 ἀπελαυ-

259 1705 307 1743 15
336 1685 571 1763 νόμενοι,
601 1683 694 1742 καὶ
721 1686 770 1742 οἳ
806 1685 1062 1753 νησιῶται
1098 1682 1217 1750 τοὺς
1244 1681 1430 1766 φόρους
1472 1680 1904 1764 εἰσπραττόμενοι

336 1773 428 1834 καὶ
450 1779 576 1840 ναῦς
596 1770 932 1854 παρέχοντες.
948 1769 983 1841 ἢ
1008 1761 1097 1830 οὖν
1119 1767 1316 1831 τούτων
1338 1769 1495 1853 χάριν
1522 1769 1905 1849 ἐμνημόνευσεν

338 1864 530 1935 αὐτῶν,
553 1857 590 1931 ἢ
636 1858 950 1939 βουλόμενος
982 1857 1145 1928 δεῖξαι
1172 1857 1252 1918 ὅτι
1288 1857 1584 1930 ἐπιὸλαὸὴς
1625 1856 1850 1917 καθόλου
1877 1860 1905 1914 ὁ

338 1949 584 2026 πόλεμος.
614 1958 675 2006 R.
702 1957 764 2004 V.

418 2056 521 2096 299.
567 2034 850 2115 ἐργαλείων
878 2032 1264 2112 ἐμνημόνευσεν
1294 2032 1532 2105 ἐπίτηδες
1561 2036 1635 2101 εἰς
1659 2033 1720 2093 τὸ
1748 2035 1904 2092 ἀνελ-

260 2147 314 2187 20
341 2124 503 2185 κύσαι
525 2121 646 2190 τοὺς
676 2121 846 2189 λίθους
869 2119 988 2191 τοὺς
1016 2121 1104 2181 ἐπὶ
1130 2126 1207 2203 τῷ
1240 2120 1528 2202 ὀρύγματι,
1555 2124 1610 2181 ἐν
1640 2113 1686 2205 ᾧ
1714 2113 1778 2194 ἦν
1809 2124 1909 2183 Εἰ-

342 2214 505 2294 ρήνη,
538 2214 609 2278 ὡς
636 2209 737 2292 ἔφη
774 2213 803 2269 ὁ
837 2209 1070 2291 Ἑρμῆς,
1104 2208 1209 2289 (ἵνα
1249 2208 1574 2291 ἐλευθερώσῃ
1612 2208 1816 2287 αὐτήν).
1846 2222 1904 2269 R.

337 2314 404 2363 V.
450 2299 614 2379 (ἄμας
656 2296 711 2357 δὲ
745 2296 840 2365 τὰς
884 2296 1150 2376 πυράμας.
1201 2297 1447 2381 ἐργαλεῖά
1482 2322 1600 2357 τινα
1638 2297 1908 2370 ἐπιτήδεια

337 2387 468 2468 πρὸς
488 2385 548 2446 τὸ
568 2385 904 2466 ἀνορύττειν.)
928 2383 1046 2466 [καὶ
1061 2384 1318 2466 παροιμία
1343 2413 1367 2438 α
1392 2384 1533 2464 ἄμας
1560 2384 1827 2464 ἀπῄτουν,
1856 2388 1906 2444 οἱ

342 2475 387 2536 δ’
415 2479 745 2554 ἀπηρνοῦντο
772 2471 991 2555 σκάφας.
1026 2470 1097 2553 υ]

262 2582 314 2621 25
425 2563 569 2642 (300).
614 2564 811 2640 ἀγαθοῦ
842 2560 1084 2638 δαίμονος
1114 2579 1129 2621 t
1161 2561 1314 2623 Φασὶ
1355 2559 1456 2644 γὰρ
1485 2560 1565 2621 ὅτι
1598 2560 1911 2634 δειπνήσαν-

342 2674 428 2719 τες
469 2648 564 2729 μὲν
601 2647 918 2730 ἐπερρόφουν
955 2650 1151 2726 ἀγαθοῦ
1181 2647 1451 2726 δαίμονος,
1484 2650 1910 2709 ἀπαλλάττεσθαι

344 2737 401 2798 δὲ
429 2737 704 2816 μέλλοντες
731 2735 906 2795 ἔπινον
928 2735 1050 2803 Διὸς
1067 2738 1317 2816 σωτῆρος.
1340 2736 1467 2796 ὡσεὶ
1496 2734 1668 2815 ἔλεγε,
1696 2742 1787 2796 νῦν
1809 2735 1911 2817 γὰρ

345 2827 559 2887 σπεῖσαι
585 2824 620 2897 ἢ
650 2825 788 2885 πιεῖν
811 2826 1065 2906 πάρεστιν
1093 2827 1222 2903 ἡμῖν
1247 2826 1444 2902 ἀγαθοῦ
1473 2823 1714 2904 δαίμονος
1739 2824 1908 2904 πόμα.

346 2949 424 2961 --
504 2912 725 2980 Ἄλλως.
765 2911 880 2972 ἀντὶ
907 2917 998 2971 τοῦ
1028 2917 1116 2971 νῦν
1144 2910 1246 2995 γὰρ
1287 2911 1428 2971 ἔστιν
1454 2917 1581 2991 ἡμῖν
1614 2912 1746 2994 ὑπὲρ
1773 2917 1912 2991 ἀγα-

267 3025 321 3065 30
348 3006 440 3074 θῆς
466 2998 633 3082 τύχης
660 3004 850 3079 καμεῖν
878 3001 969 3060 καὶ
995 2998 1233 3082 ἁρπάσαι
1260 2998 1356 3071 τὴν
1385 3000 1633 3081 Εἰρήνην.
1662 3012 1725 3061 V.

432 3108 534 3149 301.
583 3087 766 3169 [δεῦρο
786 3096 892 3154 πᾶς
906 3086 1070 3169 χώρει
1094 3108 1108 3147 t
1142 3084 1386 3154 Εἴσθεσις
1408 3088 1592 3160 διπλῆς
1614 3088 1914 3167 ἀμοιὸαίας.

347 3180 397 3237 οἱ
424 3176 480 3236 δὲ
510 3175 684 3256 στίχοι
722 3174 823 3234 εἰσὶ
853 3173 1127 3257 τροχαῖκρί
1159 3173 1500 3255 τετράμετροι
1534 3177 1915 3249 καταληκτικοὶ

348 3265 460 3337 λη’.
495 3263 586 3322 καὶ
609 3268 643 3336 ἡ
668 3262 865 3330 ἔκθεσις
886 3261 1084 3335 ταύτης
1103 3260 1289 3321 κώλων
1313 3261 1506 3339 ὁμοίων
1528 3267 1828 3343 τροχαῖκῶν
1850 3266 1914 3335 ζ’.

348 3343 421 3411 ὧν
458 3349 525 3410 τὰ
565 3350 606 3409 ε’
636 3349 859 3430 δίμετρα
906 3349 1276 3421 ἀκατάληκτα.
1317 3348 1377 3407 τὸ
1419 3349 1467 3416 ς’
1506 3349 1912 3428 παρατέλευτον.

269 3459 321 3498 3⁵
349 3439 410 3498 τὸ
434 3439 477 3508 ζ’
523 3434 871 3518 ἑφθημιμερὶς
898 3433 1166 3513 ἰαμὸικόν.
1207 3435 1290 3517 ὑφ’
1318 3435 1347 3494 ὃ
1375 3439 1432 3495 αἱ
1456 3437 1692 3509 συνήθεις
1721 3438 1814 3498 δύο
1836 3441 1918 3499 δι-

348 3522 533 3604 πλαῖ.]

431 3613 595 3682 διπλῆ
637 3612 729 3669 καὶ
773 3608 995 3676 είσθεσις
1023 3610 1097 3677 εἰς
1128 3609 1341 3690 στίχους
1385 3610 1695 3692 τροχαῖκοὺς
1734 3615 1921 3693 τριμέ-

349 3724 501 3782 τρους
541 3695 957 3769 καταληκτικοὺς
997 3696 1067 3776 β’,
1106 3695 1194 3764 οὒς
1229 3696 1308 3756 ἔτι
1349 3702 1378 3757 ὁ
1417 3698 1718 3779 πρεσὸύτης
1757 3699 1941 3780 λέγει.“

350 3789 435 3870 ὑφ’
477 3786 563 3854 οὓς
605 3784 824 3865 κορωνὶς
865 3788 958 3842 τοῦ
1009 3790 1167 3866 χοροῦ
1212 3785 1553 3860 εἰσελθόντος,
1601 3786 1693 3847 καὶ
1746 3787 1918 3869 στίχοι

271 3903 327 3942 ⁴0
353 3874 543 3954 ὁμοίως
578 3870 852 3954 τροχαῖκοὶ
888 3871 1231 3952 τετράμετροι
1273 3874 1655 3947 καταληκτικοὶ
1698 3877 1801 3950 λς’,
1845 3856 1918 3937 ῶν

351 3965 644 4027 τελευταῖος
669 3987 693 4012 ιι
723 3960 925 4037 μᾶλλον
950 3956 985 4030 ἢ
1016 3959 1077 4019 τὸ
1098 3964 1264 4040 γῆρας
1288 3960 1453 4030 ἐκδύς.
1487 3990 1512 4013 υ
1535 3973 1597 4022 V.

430 4070 529 4110 εον.
572 4038 617 4107 ‹f›
645 4045 980 4119 Πανέλληνες
1006 4068 1021 4107 ;
1047 4048 1358 4119 Λεληθότως
1381 4052 1450 4118 εἰς
1468 4049 1710 4127 ὁμόνοιαν
1734 4050 1920 4120 αὐτοὺς

353 4137 593 4218 περιάγει
610 4181 627 4212 ‚
663 4137 1044 4214 (ὁμοφρονῆσαι
1083 4135 1286 4204 πάντας
1310 4136 1427 4204 τοὺς
1454 4134 1732 4210 ἽΞλληνας
1761 4138 1917 4208 ἀξιῶν

356 4225 449 4285 καὶ
494 4221 833 4302 ὁμοθυμαδὸν
862 4226 954 4294 τῆς
982 4220 1191 4304 εἰρήνης
1225 4223 1614 4286 ἀντιλαὸέσθαι.
1646 4224 1732 4285 διὰ
1766 4233 1920 4288 τοῦτο

277 4336 329 4375 ⁴5
356 4312 447 4371 καὶ
479 4318 576 4392 μιᾷ
598 4308 923 4390 προσηγορίᾳ
955 4307 1139 4375 αὖτοὺς
1166 4308 1480 4389 περιέλαὸε,
1507 4313 1679 4384 δηλῶν
1703 4311 1762 4371 τὸ
1786 4336 1918 4393 συγ-

361 4400 530 4481 γενὲς,
564 4398 656 4457 καὶ
693 4398 946 4456 δυσωπῶν
973 4394 1160 4463 αὐτοὺς
1186 4398 1257 4463 ὡς
1282 4394 1399 4456 οὐδὲ
1426 4401 1493 4478 τῇ
1520 4399 1777 4481 ὀνομασία
1805 4400 1920 4458 δια-

357 4483 655 4569 κεκριμένοι
683 4485 971 4561 πολεμοῦσι
993 4482 1121 4564 πρὸς
1144 4480 1402 4562 ἑαυτούς.)

442 4576 584 4652 (303).
627 4570 720 4632 καὶ
768 4574 944 4632 κακῶν
998 4573 1296 4651 φοινικικῶν
1348 4591 1362 4631 z
1406 4563 1535 4631 Οἶον
1582 4575 1918 4652 αῖματωδῶν,

362 4661 469 4724 ἀπὸ
493 4665 587 4733 τῆς
621 4665 713 4718 τοῦ
751 4658 974 4736 αἵματος
999 4667 1201 4737 χροιᾶς.
1226 4653 1472 4738 Ὅμηρος
1498 4687 1522 4710 κ
1553 4659 1847 4741 φοινίσσετο
1874 4663 1920 4722 δ’

282 4771 334 4811 ⁶0
364 4747 552 4827 αἵματι
591 4750 739 4824 γαΐα.
768 4773 792 4798 ν
815 4746 988 4805 λείπει
1029 4743 1085 4803 δὲ
1112 4744 1173 4804 τὸ
1212 4744 1576 4826 ἡσυχάσαμεν.
1701 4748 1918 4819 Ἄλλως.

359 4839 464 4896 τῶν
500 4837 834 4913 πολεμικῶν
870 4831 1086 4916 φοινικὶς
1113 4830 1169 4891 δὲ
1198 4833 1409 4913 χλαμὺς
1446 4836 1729 4916 πολεμική.
1771 4874 1849 4885 -
1884 4837 1920 4912 ἢ

2021 564 2161 614 ησιν.
2191 556 2254 602 V.

1982 565 2019 623 φ
2063 649 2160 691 308.
2203 627 2688 711 φιλαμπελωτάτην
2723 649 2738 689 :
2772 626 3057 706 Συντόμως
3090 631 3151 688 ἐκ
3175 631 3272 701 τῆς
3308 627 3548 707 ἀμπέλου

1981 714 2080 790 τὴν
2114 716 2237 800 περὶ
2262 714 2358 784 τὰς
2384 714 2640 796 γεωργίας
2685 716 2991 793 ἐπιμέλειαν
3032 715 3296 787 ἐδήλωσεν
3342 715 3550 796 εἰρήνης

1984 804 2171 878 οὔσης·
2201 803 2435 883 πολέμου
2474 802 2579 885 γὰρ
2620 802 2765 871 ὄντος
2795 804 2856 863 τὸ
2885 803 3117 863 ἐναντίον
3145 806 3460 884 ἠμελοῦντο.
3488 816 3548 864 R.
3578 824 3605 864 ε

1984 906 2106 953 Ven.

2066 1001 2164 1042 ³10.
2205 978 2602 1061 ἐκζωπυρήσετε
2630 1001 2645 1040 t
2673 978 2813 1041 Ἀντὶ
2836 984 2926 1039 τοῦ
2953 979 3182 1061 ἀνάψετε
3209 980 3298 1039 τὸν
3320 979 3552 1060 πόλεμον

1986 1068 2088 1142 ἤδη
2118 1068 2554 1146 κατεσὸεσμένον.
2584 1072 2954 1150 ἐκζωπυρῆσαι
2970 1067 3027 1127 δέ
3055 1071 3167 1128 ἐστι
3189 1067 3380 1149 κυρίως
3404 1068 3465 1128 τὸ
3493 1071 3555 1127 ἐκ

1988 1162 2177 1238 μικροῦ
2225 1155 2388 1237 πυρὸς
2427 1159 2671 1236 φυσῶντα
2722 1155 2958 1235 μεγάλην
2999 1156 3167 1238 φλόγα
3207 1162 3436 1229 κινῆσαι.
3472 1193 3553 1204 -

1993 1240 2223 1321 (Ἄλλως.
2255 1242 2592 1324 ἀνεγείρητε.)
2623 1248 2658 1316 ἠ
2688 1242 2744 1303 δὲ
2770 1244 3042 1326 μεταφορὰ
3071 1244 3176 1304 ἀπὸ
3216 1248 3321 1304 τῶν
3354 1245 3550 1327 ἀνθρά-
3584 1258 3635 1297 1⁰

1988 1354 2111 1390 κων·
2138 1331 2231 1391 καὶ
2253 1335 2282 1390 ὁ
2304 1330 2534 1409 πόλεμος
2554 1332 2657 1412 γὰρ
2686 1331 2984 1399 καυστικός.
3017 1342 3075 1390 R.
3099 1343 3160 1390 V.

2068 1440 2166 1479 ³12.
2210 1421 2269 1478 οὗ
2292 1417 2395 1499 γὰρ
2418 1410 2483 1491 ἦν
2511 1418 2728 1500 ἔχοντας
2761 1418 2910 1490 ἥκειν
2944 1439 2958 1479 t
2989 1421 3071 1480 Οὐ
3098 1416 3219 1500 γὰρ,
3248 1418 3406 1500 φησὶ,
3446 1441 3551 1478 πο-

1987 1505 2205 1583 λεμικὸν
2244 1498 2309 1579 ῆν
2341 1505 2401 1565 τὸ
2439 1505 2717 1588 κήρυγμα,
2743 1506 2860 1565 ἀλλ’
2903 1504 3176 1588 εἰρηνικόν.
3205 1508 3265 1564 ἐκ
3303 1510 3396 1566 τοῦ
3440 1529 3552 1564 πα-

1993 1594 2427 1675 ρακολουθοῦντος
2462 1593 2518 1653 δὲ
2557 1594 2647 1654 τὸν
2691 1595 2921 1674 πόλεμον
2969 1596 3141 1667 δηλοῖ.
3187 1628 3268 1639 -
3303 1594 3420 1652 ἀντὶ
3461 1599 3553 1654 τοῦ

1991 1683 2259 1758 πολεμεῖν.
2289 1684 2337 1739 οἱ
2366 1680 2468 1762 γὰρ
2493 1682 2841 1760 πολεμοῦντες
2864 1681 2993 1763 πρὸς
3020 1683 3158 1764 τρεῖς
3178 1680 3384 1763 ἡμέρας
3404 1682 3552 1755 λαμὲ
3585 1700 3636 1741 15

1993 1768 2210 1829 Βάνουσι
2233 1769 2373 1828 σιτία
2404 1773 2476 1838 εἰς
2505 1769 2595 1829 τὸν
2627 1770 2879 1850 πόλεμον.
2905 1770 3017 1838 ἔθος
3045 1769 3146 1852 γὰρ
3169 1762 3234 1844 ἦν
3257 1771 3363 1839 τοῖς
3389 1794 3554 1853 στρα-

1991 1865 2170 1936 τηγοῖς
2198 1857 2649 1936 ἀναλογιζομένοις
2673 1857 2841 1927 πόσας
2868 1858 3069 1940 ἡμέρας
3093 1857 3315 1934 ἔμελλον
3336 1859 3554 1941 πολέμῳ

1994 1943 2269 2023 σχολάζειν
2314 1946 2407 2004 καὶ
2435 1944 2534 2014 ἔξω
2577 1945 2821 2026 κατέχειν
2868 1946 2957 2006 τὸν
3000 1946 3244 2025 στρατὸν,
3275 1945 3556 2027 κηρύσσειν

1992 2031 2252 2091 τοσούτων
2279 2037 2492 2114 ἡμερῶν
2522 2033 2661 2093 σιτία
2693 2033 3008 2112 ἐπάγεσθαι,
3035 2037 3193 2117 τριῶν
3219 2034 3389 2112 μόνων
3418 2039 3558 2113 ἡμε-

1996 2122 2098 2202 ρῶν
2124 2122 2184 2179 ἐκ
2213 2120 2479 2198 δημοσίων
2509 2114 3097 2203 αὖτοῖς“χορηγούντων.
3128 2132 3186 2180 R.
3211 2132 3274 2179 V.
3584 2146 3638 2185 ,ο

2074 2227 2172 2268 313.
2217 2207 2543 2285 (εὖλαὸεῖσθε
2580 2229 2595 2270 :
2628 2212 2741 2270 Νῦν
2763 2209 2867 2291 πρὸ
2892 2210 3177 2291 ὀφθαλμῶν
3204 2208 3382 2289 ἔχετε,
3406 2209 3555 2291 φησί,

1993 2295 2085 2355 καὶ
2133 2296 2423 2356 δεδίττεσθε
2461 2297 2548 2356 τὸν
2585 2297 2835 2371 Κλέωνα,
2868 2295 2943 2375 μὴ
2984 2295 3227 2375 ἐμποδὼν
3275 2302 3340 2377 τῇ
3379 2298 3556 2381 εἰρήνῃ

1994 2381 2250 2463 γένηται.)
2273 2413 2340 2425 ·-
2359 2382 2451 2442 καὶ
2476 2383 2707 2445 Πλάτων
2729 2385 2785 2445 δὲ
2807 2389 2836 2444 ὁ
2859 2384 3092 2464 κωμικὸς
3111 2383 3376 2467 Κέρὸερον
3401 2386 3557 2446 αὐτὸν

1995 2470 2285 2548 ὠνόμασεν.
2319 2470 2393 2533 ν.

1994 2556 2430 2726 &fialas-3232
2437 2559 2688 2723 <2233
2703 2558 3251 2729 οἴὲῗέῗνχέρτῆίξξίηδζ
3280 2561 3561 2729 Ξεῷγεέἓῖίιύ
3585 2581 3638 2622 ²⁵

1996 2732 2088 2790 καὶ
2133 2732 2394 2814 Πίνδαρος
2442 2739 2608 2804 [Pyth.
2634 2754 2687 2807 4,
2741 2743 2838 2808 180]
2897 2764 2921 2788 a
2968 2735 3183 2818 άντροθε
3226 2733 3330 2817 γὰρ
3377 2735 3562 2814 νέομαι

1997 2818 2145 2900 παρὰ
2172 2822 2469 2903 Χαρικλοῦς
2491 2823 2583 2881 καὶ
2610 2820 2851 2889 Φιλίνας.
2880 2850 2904 2876 υ
2925 2838 2987 2883 V.

2078 2927 2174 2967 314.
2218 2907 2295 2986 μὴ
2323 2907 2615 2988 παφλάζων
2647 2930 2662 2971 :
2702 2909 3008 2991 Παφλάζειν
3051 2906 3163 2968 ἐστὶ
3199 2907 3260 2967 τὸ
3294 2908 3558 2967 λαλοῦντά

1998 3018 2115 3054 τινα
2147 3001 2454 3076 κρατεῖσθαι
2483 2997 2574 3056 καὶ
2604 2997 3013 3059 ἀνακόπτεσθαι.
3038 3000 3109 3064 ὡς
3131 2988 3219 3055 οὖν
3249 3002 3343 3055 τοῦ
3368 2994 3559 3056 loim-
3587 3014 3640 3055 30

2000 3105 2084 3149 νος
2111 3082 2247 3143 οὕτω
2270 3083 2639 3164 διαλεγομένου
2666 3085 2821 3145 τοῦτο’
2843 3108 3021 3166 φησιν.
3049 3082 3086 3155 ἢ
3115 3081 3202 3143 διὰ
3221 3081 3282 3141 τὸ
3303 3086 3557 3162 ταραχῶ-

2002 3168 2084 3236 δες
2109 3175 2200 3230 τοῦ
2232 3174 2473 3239 Κλέωνος
2497 3169 2764 3252 ἐχρήσατο
2790 3175 2867 3252 τῷ
2894 3170 3207 3251 παφλάζειν,
3242 3169 3429 3252 κυρίως
3458 3193 3561 3243 ση-

2001 3255 2238 3335 μαίνοντι
2263 3259 2360 3332 τὴν
2387 3257 2732 3336 κεκινημένην
2762 3257 3046 3318 θάλατταν.

2083 3335 2255 3408 ἐνθάδ’
2294 3340 2358 3421 ἦν
2402 3367 2418 3409 1
2472 3349 2524 3408 Τ
2523 3343 2758 3407 ουτέστιν
2806 3347 2893 3403 ὅτε
2934 3343 3053 3420 ἔζη,
3096 3343 3320 3423 (ὁπηνίκ’
3363 3336 3426 3417 ῆν
3469 3343 3563 3404 σὺν

2000 3435 2167 3512 ἡμῖν).
3590 3448 3639 3487 a!

2082 3541 2181 3582 81⁶.
2228 3520 2303 3602 μὴ
2335 3522 2555 3582 ἑλκύσαι
2583 3542 2598 3582 :
2630 3518 2762 3580 ‘'O-et
2787 3511 3040 3599 ’περιττὸν
3074 3518 3134 3577 τὸ
3159 3518 3255 3595 μή.
3282 3517 3432 3598 ἤρκει
3457 3517 3560 3597 γὰρ

2003 3611 2166 3669 εἰπεῖν
2194 3609 2275 3671 ὅτι
2303 3609 2546 3689 ἐμποδὼν
2567 3608 2781 3688 γε’νηται
2805 3604 2943 3665 ὥστε
2969 3606 3258 3674 ἐξελκύσαι.
3285 3604 3441 3683 ὅμοια
3468 3606 3563 3667 καὶ

2002 3696 2070 3757 τὰ
2094 3703 2337 3772 τοιαῦτα,
2362 3695 2673 3778 ἀπαγορεύω
2700 3718 2782 3754 σοι
2813 3691 2889 3771 μὴ
2919 3692 3123 3762 ἐξιέναι.

2082 3808 2180 3849 317.
2226 3784 2335 3869 [ἰοὺ
2384 3787 2463 3846 ἰοὺ
2501 3806 2515 3846 :
2564 3783 2865 3862 Ἡδομένων
2916 3782 3027 3842 ἐστὶ
3072 3787 3250 3855 τοῦτο,
3297 3781 3378 3842 διὸ
3414 3804 3567 3865 περι-

2003 3885 2220 3935 σπᾶται.
2248 3879 2319 3943 ὡς
2344 3881 2434 3934 τοῦ
2459 3879 2618 3955 χοροῦ
2647 3878 2799 3931 τοῦτο
2822 3868 3110 3951 λέγοντος]
3589 3890 3645 3933 ιο

2081 3962 2142 4022 τὸ
2172 3963 2250 4023 ἰοὺ
2279 3961 2359 4022 ἰού
2391 3986 2523 4029 τινες
2544 3965 2635 4020 τοῦ
2657 3964 2819 4040 χοροῦ
2844 3958 3002 4040 φασὶν
3024 3949 3186 4032 εἶναι,
3215 3956 3356 4016 κατὰ
3380 3956 3560 4039 στίχον

2002 4040 2136 4110 εἶναι
2163 4049 2450 4132 φάσκοντες
2473 4048 2533 4109 τὸ
2556 4047 2862 4125 ἀμοιὸαῖον·
2895 4046 2987 4105 καὶ
3017 4045 3154 4105 οὕτω
3180 4045 3273 4105 καὶ
3302 4049 3407 4105 τῶν
3429 4046 3562 4117 ἡδο-

2005 4138 2172 4214 μένων
2197 4137 2309 4197 ἐστὶ
2336 4137 2396 4197 τὸ
2419 4135 2587 4214 λέγειν
2611 4135 2758 4198 αὐτό.
2783 4133 2873 4194 ἐὰν
2902 4126 2991 4193 οὖν
3020 4133 3102 4206 εἴη
3131 4140 3225 4193 τοῦ
3246 4140 3434 4215 χοροῦ,
3459 4158 3563 4195 πε·-

2006 4236 2273 4307 ρισπᾶται.
2301 4237 2357 4284 R.
2380 4238 2440 4285 V.

2083 4333 2181 4373 ³2⁴.
2226 4315 2285 4371 οὗ
2315 4310 2660 4392 σχηματίζειν
2698 4330 2712 4371 :
2744 4314 2826 4370 Οὔ
2854 4307 2991 4368 κατὰ
3025 4307 3120 4380 τὴν
3151 4306 3286 4386 ἐμὴν
3310 4309 3561 4392 προαίρε-
3589 4333 3642 4374 εε

2006 4425 2107 4474 σιν,
2155 4398 2335 4478 φησὶν,
2379 4403 2412 4470 ἠ
2455 4399 2673 4479 ὄρχησις
2720 4397 2953 4476 γίνεται.
2982 4396 3118 4455 ,ἀλλ’
3168 4395 3271 4469 ἤδη
3330 4395 3415 4455 διὰ
3464 4396 3561 4470 τὴν

2005 4488 2229 4568 ἄσχετον
2261 4485 2451 4558 ἡδονὴν
2497 4486 2772 4565 αὐτόματα
2794 4484 2998 4568 χορεύει
3032 4508 3133 4562 μου
3169 4483 3237 4543 τὰ
3285 4484 3467 4557 σκέλη.
3492 4517 3563 4527 -

2003 4574 2280 4658 χρησίμως
2306 4574 2361 4634 δὲ
2386 4575 2514 4657 πρὸς
2550 4575 2610 4635 τὸ
2632 4576 2814 4634 πεῖσαι
2847 4573 3035 4641 αὐτοὺς
3068 4572 3165 4644 τὴν
3194 4572 3407 4656 εἰρήνην
3442 4571 3564 4633 ἑλέ-

2007 4668 2127 4722 σθαι
2168 4660 2332 4729 οὓτως
2373 4661 2639 4744 ὑπεράγαν
2683 4663 2818 4743 αὐτῇ
2872 4660 3128 4743 χαίροντα
3169 4661 3427 4735 πεποίηκε
3473 4661 3564 4722 τὸν

2003 4748 2178 4832 χορόν.
2208 4761 2265 4808 R.
2294 4760 2355 4808 V.
3593 4771 3643 4812 fic

2084 4858 2181 4898 328.
2229 4836 2301 4913 (ἓν
2344 4835 2439 4914 μὲν
2465 4827 2553 4895 οἶν
2583 4835 2727 4896 τουτί
2753 4836 2809 4915 μ’
2831 4836 2986 4895 ἔασον
3030 4856 3045 4897 :
3078 4835 3182 4897 εἙν
3208 4836 3422 4917 σκέλος,
3456 4838 3566 4898 δει-

364 4923 480 4982 ἀντὶ
504 4927 595 4982 τοῦ
631 4925 1004 5001 ναυμαχικῶν·
1034 4919 1278 4990 Φοίνικες
1312 4920 1416 5001 γὰρ
1444 4921 1686 5003 λέγονται
1711 4936 1920 5009 κρατεῖν
2006 4928 2217 4993 κτικῶς.
2245 4928 2331 5007 ὑφ’
2363 4927 2550 4996 ἡδονῆς
2577 4922 2630 4983 δὲ
2658 4929 2687 4982 ὃ
2724 4923 2878 5006 χορὸς
2906 4927 2978 4992 εἰς
3008 4923 3228 5006 ὄρχησιν
3257 4925 3482 5007 ἐτράπη.
3512 4926 3567 4987 ἓν

365 5015 417 5069 ἐν
445 5017 559 5076 ταῖς
591 5007 927 5087 ναυμαχίαις.
956 5018 1019 5070 V.

409 5117 543 5172 ¹³00.
591 5093 958 5175 μισολάμαχος
995 5116 1007 5156 :
1043 5096 1313 5178 Ἀλλοτρία
1351 5101 1452 5158 τῶν
1487 5098 1749 5180 Λαμάχου
1795 5099 1921 5182 τρό-

2010 5013 2188 5093 μόνον,
2213 5011 2395 5096 φησὶν,
2424 5011 2581 5072 ἔασόν
2606 5035 2675 5089 με
2699 5017 2888 5091 σχῆμα
2911 5016 3173 5091 ποιῆσαι.)

2088 5121 2184 5161 333.
2234 5098 2388 5179 (ὥστε
2431 5098 2507 5178 μὴ
2545 5102 2727 5159 λυπεῖν
2773 5120 2787 5161 :
2819 5101 2956 5179 Ἐμὲ
2987 5099 3242 5173 δηλονότι.
3276 5106 3564 5185 συγχωρῶ,
