3859 5725
1687 319 2059 394 EQUrrUM.

3329 345 3442 399 ⁴⁰1

299 435 374 507 ad
400 449 579 523 Vesp.
602 463 658 502 v.
697 462 829 501 210.
858 442 972 502 Sed
1001 455 1057 501 et
1079 462 1198 501 non
1234 445 1369 503 satis
1397 459 1659 505 accurate
1687 466 1827 525 pen·
1927 447 2018 507 καὶ
2044 452 2109 506 V.
2142 449 2279 508 ἀλλὰ
2313 449 2405 508 καὶ
2449 448 2500 509 τὶ
2523 452 2596 512 Θ.
2620 487 2681 500 -
2716 455 2788 510 30
2820 454 3082 535 ἀνακρίνει
3118 460 3208 518 καὶ
3247 463 3448 539 ἀναζη-

298 536 492 596 sitavit
518 531 917 609 Aristophanis
947 530 1141 601 verba,
1170 552 1300 610 quae
1322 534 1568 592 innuunt
1594 536 1829 613 quidem
1917 544 1998 594 τεῖ
2022 537 2091 595 Θ.

298 621 686 699 suspicionem
722 617 1054 677 rebellionis
1082 620 1318 694 futurae3
1340 640 1458 678 non
1482 622 1830 699 quadrarent

297 731 468 784 vero,
520 709 567 767 si
602 707 723 784 jam
752 708 1052 785 erupisset.
1088 712 1236 765 Nam
1274 708 1584 769 absurdum
1630 714 1832 770 suisset

297 816 567 857 accusare
603 796 1048 854 Demosthenem
1086 809 1143 854 et
1185 796 1431 869 Niciam,
1472 800 1633 875 quasi
1662 800 1832 858 Chal-

298 886 559 943 cidenses
591 883 665 941 ad
688 882 1059 942 rebellionem
1089 884 1491 958 sollicitarent,
1521 887 1569 944 si
1586 887 1705 964 jam
1734 907 1832 945 re-

298 972 478 1032 bellio
508 973 658 1030 facta
686 971 887 1029 suisset
915 971 1143 1029 duobus
1180 974 1344 1031 annis
1380 987 1544 1033 antea
1581 988 1639 1033 et
1678 977 1828 1053 plus,

300 1060 475 1134 Quod
519 1060 567 1117 si
594 1059 724 1138 quis
754 1059 1056 1135 pertendat
1101 1059 1174 1116 de
1212 1060 1475 1118 Potidaeae
1516 1061 1830 1121 rebellione

298 1148 512 1207 debere
546 1147 817 1223 intelligi,
860 1158 999 1204 tunc
1044 1147 1225 1204 multo
1273 1147 1455 1224 major
1508 1148 1830 1208 absurditas

299 1247 636 1313 emergeret.
662 1240 807 1293 Nam
834 1233 1083 1291 Potidaea
1119 1232 1493 1293 rebellaverat
1536 1249 1666 1294 ante
1703 1235 1830 1294 bel-

298 1327 423 1384 lum
443 1317 994 1401 Peloponnesiacum
1022 1322 1311 1400 inceptum
1327 1368 1345 1397 ‚
1372 1324 1707 1400 Pythodoro
1737 1346 1829 1384 ar·

299 1416 535 1487 chonte,
565 1426 630 1471 ut
657 1410 920 1487 Thucyd.
948 1409 1047 1468 lib.
1085 1432 1109 1469 1
1135 1424 1195 1469 et
1219 1430 1272 1469 2.
1297 1416 1558 1470 ΡΑωιειι.

383 1502 519 1574 238,
548 1521 572 1557 1
604 1497 669 1557 δι’
699 1496 957 1577 ἐλάχιστα
980 1501 1051 1556 V.
1581 1521 1586 1526 ·

383 1596 521 1660 242,
553 1609 583 1659 7
611 1583 804 1650 ἱππέας
844 1587 1039 1663 (ἱππεῖς
1088 1584 1201 1663 Θ.).
1221 1576 1294 1652 εἷς
1332 1583 1386 1644 δὲ
1420 1588 1525 1645 τῶν
1566 1584 1771 1645 ἱππέων
1802 1590 1832 1645 δ

298 1681 371 1736 V.
397 1676 467 1734 Θ.
490 1675 697 1733 Glossa
731 1674 793 1730 in
815 1676 881 1730 V.
913 1670 1099 1748 Σίμων
1143 1670 1232 1730 καὶ
1260 1672 1547 1741 Παναίτιος
1581 1672 1829 1755 ὕπαρχοι.

382 1765 520 1837 243,
555 1781 625 1819 10
648 1765 676 1819 ὁ
704 1757 821 1838 μέγ.
852 1760 1006 1818 Θ.-
1032 1781 1097 1818 11
1129 1757 1225 1839 μὲν
1255 1780 1372 1819 0111.
1398 1762 1470 1822 Θ.

383 1849 519 1923 245,
552 1850 621 1906 16
644 1846 746 1918 ἤδη
772 1849 843 1906 Θ.
876 1844 971 1917 ἥδε
1004 1846 1133 1907 Ald.

383 1946 521 2012 247,
551 1955 621 1992 21
663 1933 993 2014 ταράσσονται
1020 1939 1086 1993 V.
1119 1937 1189 1995 Θ.
1213 1973 1276 1985 -
1305 1937 1379 1993 23
1414 1934 1503 1995 καὶΙ
1536 1935 1685 1996 αὐτοὶ
1710 1956 1827 1998 om.

299 2025 375 2086 Θ.
396 2061 459 2074 -
479 2025 552 2081 25
583 2018 943 2103 διαφθείροντά
966 2043 1024 2078 τε
1047 2019 1107 2081 τὸ
1135 2028 1205 2082 V.

382 2111 518 2182 248,
551 2110 624 2167 38
650 2107 970 2188 ἁρπάζοντος
995 2113 1065 2163 V.

340 2191 353 2232 ’-
382 2198 518 2267 253,
550 2197 624 2265 48
652 2198 758 2253 τῶν
798 2196 990 2275 κριθῶν
1014 2191 1104 2251 καὶ
1138 2195 1243 2252 τῶν
1267 2199 1447 2277 πυρῶν
1477 2198 1548 2256 Θ.
1570 2234 1630 2248 -
1651 2196 1832 2256 5210-

300 2285 544 2366 gebatur
575 2283 755 2362 μύλων
785 2282 943 2365 ἀρχή.

384 2382 519 2453 254,
544 2383 617 2440 53
648 2403 700 2439 κ.
734 2379 1017 2451 ἀλήθονται
1048 2379 1253 2440 Suidas
1274 2402 1319 2441 5.
1337 2383 1451 2452 Τὰς
1476 2383 1738 2454 ὁδοῦςμ-ι
1776 2383 1830 2445 δὲ

296 2470 543 2550 λέγονται
569 2471 641 2531 Θ.
677 2470 732 2528 αἱ
774 2466 1129 2547 ἅληλεσμέναι
1154 2470 1360 2530 Suidas
1400 2493 1445 2532 5.
1482 2473 1733 2556 Κάγχρυς
1773 2489 1833 2535 et

300 2558 553 2642 Κυρήὸια
582 2571 640 2617 et
683 2556 797 2625 Τὰς
821 2554 989 2625 ὁδούς.
1024 2558 1269 2631 πτυσάνη
1311 2563 1381 2621 Θ.
1410 2600 1475 2614 --
1504 2572 1535 2633 4
1566 2563 1832 2646 Εὔκρατες

301 2668 421 2710 om.
447 2650 540 2723 9.,
569 2649 669 2726 qui
694 2646 903 2706 deinde
931 2647 1210 2724 μυλωνῶν.

388 2737 522 2808 255,
552 2737 587 2794 8
621 2734 854 2813 μάλιστα
887 2735 990 2792 δικ.
1015 2735 1087 2795 Θ.
1108 2777 1176 2787 -
1209 2756 1278 2795 12
1316 2742 1409 2797 τοῦ
1444 2737 1734 2820 τριωὸόλου
1759 2744 1831 2801 Θ.

301 2862 367 2875 ...
398 2825 468 2884 15
517 2831 743 2906 πατριᾶς
790 2822 921 2882 Ald.
961 2822 1185 2905 πατρίου
1226 2826 1383 2887 Θ.-
1413 2848 1479 2902 17
1526 2827 1663 2888 libri
1699 2827 1834 2908 ἠμὲν

303 2967 443 3047 ἀμφ.
460 3000 525 3015 -
557 2965 629 3022 18
658 2966 728 3024 Θ.
755 2919 952 3046 vairp-iit.
971 2999 1036 3013 -
1060 2985 1130 3041 19
1162 2969 1190 3024 ὁ
1212 2978 1521 3046 utrumque
1544 2988 1658 3027 om.
1683 2971 1754 3029 Θ.
1774 3008 1837 3020 -

304 3070 378 3109 21
417 3049 520 3109 ὑπὸ
560 3054 650 3110 τοῦ
685 3049 837 3125 ἡλίου
865 3056 933 3110 V.
965 3051 1037 3109 Θ.
1056 3087 1122 3099 -
1145 3073 1221 3111 22
1264 3053 1383 3122 τοὺς
1428 3055 1678 3123 δικαστὰς
1714 3056 1834 3123 τοὺς

300 3137 641 3207 συνελθόντας
667 3144 741 3198 V.

386 3227 523 3299 256,
554 3228 626 3283 25
657 3226 747 3285 καὶ
771 3225 952 3287 ἀδίκου
980 3231 1239 3290 additum
1263 3250 1300 3289 a
1325 3230 1651 3292 Dindorfio.

386 3315 523 3386 258,
555 3316 626 3372 33
656 3316 759 3372 τῶν
784 3314 886 3395 πρὸ
911 3322 985 3377 V.

387 3411 521 3483 259,
541 3410 615 3467 35
637 3408 890 3482 κέκληται
910 3413 1040 3472 Α16.
1068 3427 1127 3472 et
1153 3413 1358 3473 Suidas
1378 3433 1420 3472 5.
1449 3413 1832 3484 Ἀποσυκάζεις.

298 3537 366 3550 ....
391 3498 461 3569 37
491 3495 737 3568 διεὸλήθη
767 3499 898 3558 Α16.
921 3513 979 3557 et
1008 3502 1233 3563 SuidaS.
1256 3540 1321 3551 —
1341 3504 1415 3560 38
1437 3522 1561 3581 sqq.
1588 3504 1796 3564 suidas
1819 3526 1833 3561 ε

298 3585 709 3660 Ἄποσυκάζεις,
734 3597 1103 3667 συκοφαντεῖς,
1141 3587 1455 3667 δοκιμάζεις.
1485 3590 1833 3659 ἀποσυκάζειν

297 3669 404 3753 γὰρ
431 3672 490 3731 τὸ
509 3669 577 3730 τὰ
605 3671 834 3755 πέπειρα
857 3681 991 3735 σῦκα
1014 3675 1290 3755 διαλέγειν.
1323 3676 1501 3759 διόπερ
1539 3679 1835 3759 προσέθηκε

297 3758 495 3829 πιέζων
520 3783 532 3797 ·
564 3759 891 3828 ἐκθλίὸοντες
930 3760 1030 3843 γὰρ
1073 3763 1424 3841 δοκιμάζομεν
1475 3763 1542 3823 τὰ
1579 3772 1744 3841 σῦκα,
1788 3769 1833 3826 εἰ

297 3846 529 3931 πέπειρά
558 3850 721 3925 ἔστιν,
746 3847 781 3920 ἢ
811 3849 904 3927 μή.
922 3849 1035 3910 ἐπεὶ
1058 3851 1229 3910 τοίνυν
1253 3852 1493 3921 συκάζειν
1516 3852 1724 3932 λέγεται
1743 3855 1835 3915 καὶ

296 3937 364 3997 τὸ
401 3946 770 4020 συκοφαντεῖν,
802 3937 893 3998 καὶ
935 3938 996 3999 τὸ
1024 3944 1159 3999 σῦκα
1186 3940 1428 3999 κλέπτειν
1445 3986 1462 4014 ,
1494 3941 1634 4010 ἅπαξ
1669 3944 1830 4004 εἰπὼν

297 4027 363 4087 τὸ
394 4028 633 4095 συκάζειν
676 4026 938 4106 ἐπήνεγκε
965 4030 1025 4088 τὸ
1058 4027 1252 4098 πιέζων
1274 4053 1288 4067 ·
1329 4030 1442 4108 ἅμα
1494 4030 1591 4110 μὲν
1630 4035 1700 4100 ὡς
1743 4035 1828 4093 ἐπὶ

300 4111 481 4174 σύκων
503 4137 516 4151 ·
547 4113 662 4191 ἅμα
693 4111 779 4187 δὲ,
807 4114 921 4173 ἐπεὶ
948 4115 1039 4174 καὶ
1064 4113 1215 4182 αὐτὸς
1243 4116 1409 4176 (mest
1430 4115 1548 4184 τοὺς
1577 4142 1836 4202 συκοφαν-

297 4198 612 4277 τουμένους,
635 4199 726 4258 καὶ
756 4199 924 4270 πιέζει
961 4201 1265 4283 δωροδοκῶν
1300 4204 1389 4263 καὶ
1432 4205 1674 4266 διασείων
1718 4209 1838 4277 τοὺς

297 4286 640 4358 ὑπευθύνους,
667 4287 906 4347 τουτέστι
935 4286 1052 4357 τοὺς
1082 4289 1157 4368 μὴ
1194 4291 1476 4370 λογισμοὺς
1510 4316 1833 4376 προσεσχη-

299 4374 464 4441 κότας
498 4378 591 4445 τῆς
618 4377 784 4455 ἀρχῆς
817 4366 881 4447 ἧς
925 4377 1323 4450 ἐπιστεύθησαν.
1348 4416 1408 4429 -
1431 4383 1506 4458 39
1532 4384 1579 4441 εἰ
1609 4385 1834 4444 Suidas.

298 4462 627 4539 legebatur
654 4458 691 4532 ἢ
719 4461 860 4539 ὠμὰ.
880 4501 943 4511 -
964 4465 1037 4532 46
1068 4465 1432 4540 διαπεισθῆναι
1463 4469 1536 4531 Θ.

387 4551 522 4623 261,
554 4558 586 4618 4
618 4538 723 4607 οἷον
749 4550 1185 4633 ἀφιλοπράγμονα
1217 4555 1288 4615 Θ.

389 4646 521 4712 262,
552 4645 589 4702 6
618 4652 726 4710 τοῖς
754 4643 1069 4720 Ἀθηναίοις,
1096 4670 1126 4722 7
1160 4652 1340 4730 πυρῶν
1381 4651 1588 4711 Suidas
1621 4674 1665 4713 s.
1690 4657 1833 4736 Χερ-

301 4731 538 4812 ρόνησος.
557 4771 622 4781 --
645 4732 680 4789 8
699 4734 772 4800 ὥς
794 4736 1018 4810 0111.Θ.,
1048 4734 1103 4794 δὲ
1116 4739 1314 4798 om.V.
1331 4738 1401 4798 Θ.
1418 4777 1479 4790 --
1497 4742 1563 4798 16
1588 4742 1833 4819 κατάξας,

300 4817 799 4897 μετακαλεσάμενος
868 4837 1002 4900 post
1062 4825 1412 4892 ὑποσκελίσας
1476 4827 1831 4906 legebantur.

300 4908 686 4986 Transposuit
712 4909 1013 4970 Dobraeus.
1035 4949 1101 4962 —
1139 4935 1209 4991 19
1239 4914 1501 4975 διαλαὸὼν
1527 4922 1830 4984 Kusterus.

387 4997 520 5066 263,
551 5004 623 5063 24
648 4996 897 5077 ἅργυρίζῃ
921 5000 1143 5059 suidas·

2001 622 2140 699 265,
2170 623 2242 692 34
2271 622 2671 703 Εὗλαὸούμενος
2696 625 2789 684 καὶ
2818 627 3132 708 φοὸούμενος
3167 636 3371 696 Suidas
3398 659 3445 700 5.

1921 705 2205 784 Ἀμνοκῶν.
2230 747 2292 758 -
2322 713 2395 768 36
2417 710 2517 794 γὰρ
2539 710 2625 770 διὰ
2664 712 2862 772 δειλίαν
2889 717 2980 776 καὶ
3004 720 3108 797 (ita
3150 723 3321 781 etiam
3349 726 3448 805 Θ.)

1920 786 2042 865 ἦθος
2061 802 2129 855 V.
2172 795 2272 878 γὰρ
2304 797 2391 857 διὰ
2419 799 2613 858 δειλίαν
2660 799 2753 859 καὶ
2778 802 2985 884 τρόπων
3029 809 3250 869 Suidas.
3272 851 3338 863 -
3373 816 3443 888 37

1920 879 2384 963 συνεπιλεγόμενος
2412 888 2632 946 Suidas.
2653 925 2718 937 -
2742 891 2817 948 38
2852 894 3187 967 καταστήσας
3220 902 3444 962 Suidas.

1919 971 2748 1052 Legebaturxoewcfficm.-—39
2764 976 3046 1058 ἐπηρέαζεν
3063 988 3133 1041 V.
3147 998 3206 1042 et
3224 988 3447 1049 Suidas.

2003 1060 2137 1134 269,
2169 1071 2245 1136 49
2269 1059 2427 1119 αὐτόν
2458 1062 2655 1120 Suidas
2686 1084 2733 1123 s.
2757 1062 3097 1146 Ὑπέρχεται.
3119 1070 3304 1139 αὐτούς
3316 1075 3445 1133 Ald.

2002 1166 2135 1218 270,
2169 1148 2200 1203 5
2216 1169 2235 1203 1
2270 1148 2616 1229 ἐκπανουργεῖ
2645 1150 2867 1209 SuidaS.
2891 1154 3172 1237 ἐπιχειρεῖς
3192 1164 3262 1219 V.
3286 1197 3350 1209 ——
3375 1162 3447 1229 54

1920 1232 2054 1311 μετὰ
2079 1232 2233 1302 ξύλου
2263 1256 2337 1294 ex
2359 1237 2538 1295 Suida
2568 1238 2795 1297 addidit
2819 1242 3145 1302 Dindorf.-
3172 1268 3196 1304 1
3230 1270 3450 1330 κορυνο-

1919 1318 2106 1402 φόρους
2132 1324 2203 1382 Θ.
2220 1358 2284 1371 -
2309 1343 2342 1381 2
2364 1324 2607 1383 παιδείαν
2629 1331 2699 1386 V.
2722 1329 2792 1387 Θ.

2002 1412 2136 1483 276,
2170 1411 2239 1466 18
2275 1410 2640 1488 μουσικοποιὸς
2664 1414 2734 1474 Θ.
2749 1450 2814 1464 -
2830 1436 2901 1492 19
2920 1415 3010 1475 καὶ
3030 1418 3278 1481 ἐπινίκιον
3302 1427 3370 1482 V.

2005 1516 2143 1571 277,
2174 1518 2242 1553 21
2279 1520 2400 1579 περι
2436 1496 2527 1578 ένῃ
2553 1497 2609 1557 δὲ
2655 1508 2771 1568 ταῖς
2808 1503 3123 1586 περιεργίαις
3167 1509 3258 1568 καὶ
3304 1513 3453 1572 ἀναι-

1920 1581 2206 1661 σχυντίαις,
2232 1582 2378 1643 οὐδὲν
2444 1608 2564 1644 ττον
2585 1586 2837 1670 ἡμέτερον
2861 1591 2923 1651 τὸ
2947 1595 3244 1676 τερμάτιον,
3265 1605 3452 1661 τουτέ-

1920 1691 2034 1728 στιν
2054 1674 2088 1741 ἠ
2112 1669 2230 1741 νίκη
2266 1673 2470 1731 Suidas
2496 1694 2543 1735 s.
2566 1676 2829 1746 Τήνελλα.
2847 1681 3000 1738 -23
3036 1683 3334 1761 legebatur
3362 1691 3453 1749 καὶ

1919 1762 1955 1830 ἡ
1976 1781 2098 1831 σησ.
2121 1758 2323 1818 Suidas
2349 1764 2418 1827 ὡς
2459 1761 2732 1841 σησάμους
2763 1770 2791 1824 ὁ
2824 1764 2909 1824 διὰ
2936 1769 3198 1850 σησάμης.
3228 1780 3455 1836 Ρο5ῐτε>

1920 1866 2078 1904 mum
2103 1848 2276 1905 etiam
2304 1849 2365 1905 in
2388 1854 2460 1908 V.
2488 1850 2557 1908 Θ.
2578 1889 2642 1900 -
2662 1854 2756 1924 35,
2785 1855 2857 1912 36
2877 1853 3452 1936 ἅρτύσεων-Ἁθηνῶν

1922 1934 2125 1992 Suidas
2144 1956 2189 1992 5.
2218 1933 2596 2015 Ὗποζώματα.
2617 1938 3224 2021 ἀρτύσεως-Ἀθηναίων
3254 1953 3454 2011 Md.-

1924 2024 1994 2094 37
2024 2020 2204 2093 ἐπειδὴ
2234 2014 2398 2104 ἦρχον
2433 2024 2523 2083 καὶ
2550 2025 2725 2098 νήσων
2750 2034 2905 2089 τινῶν
2936 2034 3100 2092 addit
3126 2038 3352 2099 suidas,

2002 2111 2138 2181 281,
2170 2115 2244 2186 39
2295 2114 2388 2182 τῆς
2422 2111 2621 2179 πόλεως
2657 2117 2863 2176 suidas
2911 2139 2955 2178 s.
2982 2118 3171 2180 Ἔκθεῖ
3207 2163 3270 2175 -·
3292 2142 3359 2197 41
3385 2133 3453 2204 τῇ

1919 2194 2056 2265 λέξει
2075 2197 2146 2257 Θ.
2169 2236 2230 2248 -
2247 2206 2320 2266 42
2352 2201 2757 2275 &zuene-nadre·
2788 2206 2857 2264 Θ.
2881 2209 3228 2280 πεπηδηκάτα
3244 2216 3369 2276 Ald.
3397 2255 3459 2266 --

1922 2285 1997 2353 43
2029 2284 2399 2368 δημοσιτήσεις
2424 2294 2496 2346 V.

2002 2377 2140 2449 282,
2171 2383 2247 2451 49
2274 2374 2404 2455 κρέα
2421 2379 2654 2438 v.-5=
2686 2383 2758 2447 ὣς
2779 2383 2884 2441 τῶν
2905 2385 3055 2445 Θ.-
3081 2386 3200 2458 ἤτοι
3235 2391 3456 2450 Bekke-

1921 2482 2037 2520 rns.
2089 2463 2413 2540 Legebatur
2459 2464 2731 2526 καίτοι.-
2750 2470 2822 2527 52
2871 2470 2947 2550 μὴ
2983 2478 3455 2557 παραιτησαμένου

1920 2551 2067 2609 Θ.-
2087 2550 2159 2618 54
2186 2549 2320 2632 κρέα
2348 2552 2419 2612 Θ.
2449 2552 2630 2626 ἐπειδὴ
2653 2556 2864 2615 Ald.-··
2890 2580 2914 2617 1
2945 2561 3244 2640 legebatur
3267 2566 3456 2647 ἀφίειν.

2003 2641 2115 2707 ,284
2138 2685 2155 2713 ,
2208 2642 2320 2716 6-9
2364 2643 2972 2719 Διπλῆ--καταληκτικά
3012 2666 3147 2730 post
3195 2654 3458 2715 scholion

1920 2745 1977 2784 v.
2013 2730 2120 2785 301
2156 2728 2324 2804 ponit
2347 2733 2411 2786 V.
2437 2729 2707 2809 περιοδικὴ
2730 2754 2846 2793 om.
2874 2740 2937 2795 V.
2967 2739 3041 2799 Θ.
3078 2738 3263 2800 κώλων
3292 2742 3455 2803 δεκα-

1923 2811 2070 2873 εννέα
2087 2818 2410 2896 τροχαϊκῶν,
2432 2808 2793 2904 ὦν-δίμετρα
2819 2826 3202 2900 καταληκτικά.
3234 2828 3297 2891 τὸ
3330 2830 3387 2891 δὲ
3412 2832 3457 2891 δ’

1922 2901 2145 2970 ἐναλλὰξ
2163 2903 2528 2976 ἀκατάληκτον
2559 2910 2627 2968 Θ.
2662 2912 2853 2970 Facile
2880 2914 3173 2975 intellectu
3208 2931 3297 2978 est
3334 2920 3458 2981 haec

1925 2992 2007 3049 sic
2053 3011 2176 3050 esse
2227 2994 2564 3070 corrigenda
2608 3010 2676 3055 ut
2710 3013 2845 3078 post
2882 3022 3081 3064 versus
3122 3007 3456 3083 quindecim

1925 3076 2231 3155 ἀμοιὸαίους
2261 3093 2536 3156 quattuor
2574 3087 2738 3162 sequi
2771 3086 3038 3147 dicantur
3065 3092 3136 3150 ab
3169 3113 3286 3153 una
3311 3115 3456 3174 pro-

1924 3167 2181 3224 nunciati
2210 3186 2488 3243 persona,
2535 3190 2782 3248 quorum
2811 3188 3050 3252 quartus
3094 3180 3342 3242 dimeter
3380 3187 3456 3245 sit

1924 3255 2313 3313 catalecticus.
2341 3260 2520 3314 Dum.
2537 3296 2601 3307 —
2616 3261 2651 3316 8
2672 3258 2891 3340 δίμετρα
2909 3267 3274 3341 καταληκτικά
3309 3278 3454 3332 V.—

1925 3362 1963 3417 9
1990 3340 2195 3421 μήποτε
2220 3342 2322 3402 εἶσὶ
2351 3343 2564 3425 δίστιχα
2599 3346 2926 3433 τετράμετρα
2946 3357 3328 3429 καταληκτικά.
3353 3363 3455 3421 Vi-

1924 3431 2095 3488 detur
2115 3430 2420 3491 scholiasta
2445 3433 2515 3491 de
2537 3448 2813 3513 quattuor
2849 3445 3156 3517 postremis
3187 3447 3455 3508 versibus

1921 3516 2112 3595 loqui,
2156 3538 2302 3595 quos
2348 3520 2412 3578 in
2448 3533 2809 3584 tetrametros
2855 3529 3217 3591 catalecticos
3265 3534 3452 3614 redigi

1921 3622 2093 3681 posse
2120 3603 2293 3678 dicit,
2338 3606 2590 3689 ἀλλότρια
2628 3610 2797 3671 τοίνυν
2841 3615 3038 3697 σοφίζει
3072 3618 3164 3678 καί
3205 3643 3267 3680 σε
3301 3626 3452 3704 φανῶ

1921 3697 2028 3757 τοῖς
2045 3689 2354 3773 πρυτάνεσιν
2399 3697 2410 3772 Ι
2437 3696 2807 3767 ἀδεκατεύτους
2825 3705 2929 3761 τῶν
2950 3706 3081 3763 θεῶν
3100 3705 3242 3788 ἱερὰς
3259 3707 3451 3789 ἔχοντα

1921 3777 2137 3845 κοιλίας.
2162 3785 2310 3839 Nam
2345 3781 2574 3860 dactylo
2596 3787 2696 3845 illo
2715 3787 2807 3847 καί
2826 3812 2887 3850 σε
2907 3796 2982 3873 φᾶ
3013 3795 3025 3870 Ι
3058 3795 3134 3852 νῶ
3163 3809 3321 3856 tanto
3345 3801 3455 3859 mi-

1921 3885 2030 3924 nus
2072 3868 2352 3927 offensum
2396 3891 2528 3930 eum
2576 3875 2750 3934 fuisse
2792 3879 3067 3939 credibile
3105 3896 3223 3957 est,
3271 3906 3453 3964 quum

1922 3974 2093 4013 versu
2120 3958 2390 4034 proximo
2418 3959 2572 4018 haud
2600 3961 2777 4022 dubie
2807 3964 2946 4048 ἱερὰς
2977 3969 3035 4026 in
3066 3969 3217 4030 libro
3246 3992 3353 4032 suo
3376 3976 3453 4034 le·

1924 4042 2073 4117 gerit
2092 4086 2109 4115 ,
2150 4045 2308 4121 quod
2352 4047 2544 4125 ipsum
2586 4070 2820 4130 quoque
2876 4057 3166 4133 dactylum
3210 4060 3448 4137 praebet.

1921 4132 2099 4187 Dum.
2120 4169 2182 4181 -
2201 4131 2390 4192 αὐτίκα
2423 4136 2590 4212 μάλα.
2626 4141 2953 4218 Legebatur
2982 4145 3170 4205 αὐτίκα
3196 4144 3251 4205 δὲ
3274 4146 3447 4228 μάλα,

1923 4215 2081 4294 quod
2115 4238 2228 4278 om.
2258 4226 2333 4280 V.
2358 4224 2428 4282 Θ.
2455 4229 2666 4285 Totum
2694 4229 2954 4290 scholion
2985 4252 3099 4292 om.
3126 4240 3198 4293 G.

2005 4307 2151 4383 289,
2201 4309 2268 4366 15
2291 4309 2383 4369 καὶ
2423 4332 2537 4372 0111.
2561 4321 2631 4373 V.
2660 4318 2731 4378 Θ.
2749 4353 2811 4365 -
2842 4320 2912 4375 16
2939 4320 3219 4402 οὐδετέρως
3242 4323 3449 4384 Suidas

1923 4411 1967 4450 5.
1999 4393 2383 4467 Κυνοκοπήσω.
2411 4402 2481 4457 V.
2504 4398 2594 4459 τὸν
2613 4404 2796 4462 νῶτον.

1973 4489 1988 4519 ‘³
2007 4500 2140 4559 290,
2177 4506 2247 4561 19
2273 4490 2375 4545 τῶν
2412 4490 2743 4558 ἀλαζονειῶν.
2768 4493 2830 4554 τὸ
2857 4493 2915 4553 δὲ
2941 4498 3238 4580 περιελάσω
3257 4500 3321 4559 ἐκ
3344 4523 3447 4578 μι-

1921 4581 2155 4653 ταφορδίς
2170 4577 2276 4632 τῶν
2298 4576 2617 4656 ἐρεσσόντων
2645 4581 2853 4640 Suidas
2872 4602 2917 4641 5.
2940 4586 3197 4666 nepum.

2006 4681 2153 4737 292,
2188 4664 2260 4721 30
2288 4662 2378 4722 καὶ
2417 4665 2648 4748 σκαίρειν
2679 4669 2881 4729 Suidas
2921 4692 2967 4730 s.
3009 4671 3447 4757 Ἀσκαρδαμυκτί.

1920 4747 2065 4806 -31
2095 4748 2373 4810 ἰλλώπτειν
2401 4754 2641 4829 Suida5‚
2669 4756 2768 4815 sed
2798 4757 3044 4819 ἰλλὼπειν
3070 4761 3254 4821 codex
3276 4768 3349 4822 A.

2006 4847 2140 4912 294,
2169 4838 2238 4911 37
2273 4840 2683 4901 ἀλλαντοπώλου
2712 4846 2781 4904 Θ.
2799 4882 2863 4895 -
2882 4847 2956 4905 38
2984 4848 3262 4930 ἐκφορήσω
3283 4849 3451 4909 addit

1919 4920 2039 4981 Ald.
2052 4960 2115 4972 -
2135 4933 2210 4993 40
2238 4924 2304 4984 τὰ
2324 4924 2505 5008 ἔντερα
2525 4933 2590 4987 V.

2002 5014 2147 5088 295,
2173 5015 2248 5081 46
2276 5015 2636 5096 ἔκφορήσομαι
2655 5023 2726 5078 V.
2764 5022 2835 5082 Θ.
2878 5021 2913 5094 ἢ
2956 5026 3026 5091 ὡς
3066 5023 3264 5109 βύρσαν
3305 5024 3448 5107 δέψω

388 5085 524 5154 264,
561 5084 636 5141 28
653 5082 823 5161 λέγειν
837 5083 1133 5166 &lez-adr„
1157 5109 1275 5150 non
1297 5099 1369 5153 G.
1385 5131 1447 5144 -
1471 5115 1548 5173 29
1581 5098 1699 5156 ἀλλ’
1715 5096 1831 5160 εἴτι
1922 5107 2384 5168 Hemsterhusius
2407 5112 2562 5188 apud
2589 5111 2922 5175 Dobraeum.

581 5192 749 5240 Senot..
778 5194 1029 5242 Ammona.

3220 5228 3280 5273 2⁶
