3859 5725
1420 251 1806 315 SCHOLIA
1853 251 1945 313 IN
1995 251 2302 316 NUBES.
3355 277 3465 326 103

250 383 423 466 λόγων
445 382 508 445 τὸ
535 381 734 444 δίκαιον
775 380 1088 462 διαφθεῖραι.
1114 384 1180 440 Β.
1215 378 1302 439 διὰ
1333 382 1567 459 στροφῶν
1596 379 1687 439 καὶ
1714 401 1829 438 ποι-

252 475 436 537 κιλίων
463 471 637 551 λόγων
661 470 725 531 τὸ
752 468 951 530 δίκαιον
988 470 1300 551 διαφθεῖραι.
1336 469 1608 554 διολισθεῖν
1646 488 1662 529 2
1688 468 1820 529 'Ex-

379 565 455 623 “’ν.
478 564 620 621 ‘Vict-

252 587 435 714 Ἓ.
468 649 783 731 προπόλοισι
809 644 893 721 δὲ,
928 644 1184 728 πρόσφυξι
1223 645 1315 704 καὶ
1354 644 1654 725 θεράπουσι.
1683 642 1824 724 λέγει

196 745 228 785 ⁸
256 739 315 804 δὲ
336 744 446 807 τοῖς
459 736 773 821 φιλοσόφοις.
808 735 839 817 [
862 734 1028 805 πιέζει
1049 735 1134 809 δὲ,
1155 734 1498 815 στενοχωρεῖ,
1520 732 1820 812 ἀναγκάζει.

252 864 323 875 -
344 826 726 911 προπόλοισιντ
756 822 1408 906 Ὑπηρέταις,νεωκόροις.
1440 819 1604 901 Vict.]

331 936 432 978 428.
475 914 624 995 [τοὺς
651 912 948 980 κοππατίας
980 932 996 974 :
1033 910 1188 974 Μετὰ
1220 917 1313 972 τοῦ
1348 913 1694 996 χαράγματος
1734 910 1824 971 καὶ

250 1005 373 1075 τοὺς
399 1003 752 1086 ἐιοιεκοφότας
773 1004 934 1061 αὗτοῦ
959 1001 1056 1074 τὴν
1078 1000 1263 1061 οὐσίαν
1288 1003 1456 1074 δηλοῖ.

332 1093 390 1161 ὅς
421 1094 479 1172 μ’
511 1091 787 1173 ἐπέτριψεν
811 1112 827 1151 z
852 1089 955 1157 Ὃς
979 1088 1142 1156 αἴτιός
1175 1112 1267 1168 μοι
1284 1089 1463 1170 γέγονε
1488 1089 1700 1149 πάντων
1722 1091 1825 1147 τῶν

170 1195 228 1234 1⁰
254 1181 575 1262 συμὸάντων
590 1182 788 1240 κακῶν·
806 1177 844 1251 ἢ
869 1180 933 1238 δι’
957 1176 1014 1237 ὃν
1043 1175 1393 1259 ἐδυστύχησα.
1416 1176 1823 1259 -ἒπέτριψενε

253 1269 579 1353 Ἠφάνησεν.
611 1275 762 1341 weh]

334 1379 435 1420 m.
478 1358 617 1440 [νῦν
640 1348 732 1416 οὖν
750 1353 996 1437 χρήσθων
1017 1373 1033 1415 2
1057 1353 1129 1416 ‘fl
1154 1352 1357 1422 ἔκθεσις
1375 1358 1469 1426 τῆς
1496 1356 1684 1424 διπλῆς
1714 1350 1828 1411 κώ-

253 1451 363 1506 λων
409 1446 551 1506 ἐστὶν
590 1444 786 1523 ὁμοίιον
832 1446 1227 1503 ἄναπαιστικῶν
1278 1443 1366 1516 ιη’.
1409 1435 1483 1503 ὦν
1515 1443 1578 1502 τὸ
1622 1443 1826 1523 πρῶτον

252 1535 533 1616 τρίμετρον
570 1531 1095 1614 βραχυκατάληκτον·
1118 1530 1187 1591 τὰ
1217 1529 1274 1591 δὲ
1298 1530 1416 1603 ἑξῆς
1444 1530 1664 1612 δίμετρα
1686 1531 1827 1588 ἀκα-

176 1641 229 1680 ιε
255 1623 503 1694 τάληκτα
519 1667 538 1700 ,
570 1619 717 1692 πλὴν
756 1625 851 1680 τοῦ
887 1618 1183 1679 δωδεκάτου
1215 1619 1308 1678 καὶ
1349 1616 1826 1690 ἑπτακαιδεκάτου,

258 1712 659 1770 ἀναπαιστικῶν
682 1707 885 1789 βάσεων
912 1706 1316 1791 παρατελεύτων
1340 1704 1700 1784 καλουμένων,
1737 1704 1828 1764 καὶ

254 1805 355 1859 τοῦ
380 1796 679 1858 τελευταίου
703 1800 1090 1879 ἐφθημιμεροῦς
1115 1794 1286 1869 ὄντος,
1317 1795 1409 1854 καὶ
1437 1798 1794 1876 παροιμιακοῦ
1810 1837 1827 1867 ,

256 1891 331 1955 ὥς
361 1886 593 1969 εἴρηται,
622 1883 965 1962 καλουμένου.
994 1882 1082 1943 ἐπὶ
1116 1885 1195 1965 τῷ
1228 1881 1369 1942 τέλει
1397 1881 1489 1942 δύο
1520 1882 1702 1941 διπλαῖ
1731 1878 1829 1948 ἔξω

258 1997 573 2036 νενευκυιαι.

177 2086 235 2126 εο
342 1971 632 2145 χρήσθων1ε
656 2063 770 2123 mv
808 2050 897 2120 οῦν
928 2058 1267 2141 χρήσθωσαν.
1308 2057 1405 2130 τὴν
1436 2056 1531 2137 μὲν
1563 2054 1830 2138 προφορὰν

254 2156 332 2220 ὡς
364 2151 542 2212 δυῖκὸν
580 2149 694 2231 ἔχει
726 2153 819 2208 τοῦ
856 2153 1261 2227 σχηματισμοῦ.
1288 2149 1647 2220 πληθυντικῶς
1674 2143 1729 2203 δὲ
1755 2142 1837 2203 λέ·

1909 379 2197 451 ἀλώπεκος.
2243 389 2425 452 κοινῶς
2453 383 2507 446 δὲ
2552 384 2726 466 θηρίον
2757 387 2819 447 τὸ
2853 389 3082 463 κίναδος,
3116 393 3214 471 οὐχ
3239 389 3309 461 ὥς
3339 394 3472 463 τινές

1908 491 2068 551 φασιν
2088 479 2196 530 πᾶν
2224 470 2455 553 ἑρπετόν.
2484 484 2542 531 R.
2577 473 2663 552 (τὸ
2692 473 2747 534 δὲ
2778 476 2985 546 κίναδος
3022 469 3155 547 εἶδός
3179 504 3229 538 τι
3260 480 3472 563 θηρίου,

1910 561 1984 626 ὥς
2004 559 2099 617 καὶ
2136 558 2476 638 Δημοσθένης
2506 565 2559 621 ἐν
2595 566 2670 644 τῷ
2685 563 2804 646 περὶ
2825 564 3079 648 στεφάνου
3107 567 3202 646 [p.
3249 588 3355 642 ³07,
3384 572 3472 651 2³]

1910 673 1936 698 α
1958 652 2113 706 τοῦτο
2149 646 2202 706 δὲ
2226 647 2318 707 καὶ
2345 647 2498 730 φύσει
2524 649 2730 718 κίναδος
2748 653 3070 734 τάνθρώπιόν
3090 657 3246 715 ἐστιν.
3281 684 3305 709 υ
3344 662 3392 716 οἱ
3414 657 3471 717 δὲ

1909 743 2016 794 πᾶν
2037 733 2132 812 μὲν
2157 734 2331 819 θηρίον
2355 736 2557 806 κίναδος
2572 737 2770 808 ἀξιοῦσι
2788 744 3089 816 καλεῖσθαι,
3128 743 3269 812 ἰδίως
3287 743 3343 804 δὲ
3377 745 3471 818 τὴν
3502 777 3527 816 6

1911 821 2180 882 ἀλώπεκα.
2216 831 2501 906 κακοῦργος
2537 817 2643 901 οὗν,
2686 828 2862 909 φησὶν,
2911 833 2982 897 ὡς
3004 830 3266 912 ἀλώπηξ.)
3297 833 3479 914 [[τινὲς

1910 909 1996 982 δὲ,
2018 909 2239 984 κίναδος,
2262 915 2390 993 ζῷον
2415 914 2627 996 μικρὸν,
2649 915 2709 975 τὸ
2730 918 2923 977 αἰδοῖον
2950 921 3195 980 εἷσωθοῦν
3227 921 3319 980 καὶ
3351 922 3477 991 ἔξω·

1911 997 2082 1080 θοῦν.]
2109 1004 2421 1081 πανοῦργος.
2445 1013 2537 1062 Br-

1990 1088 2166 1170 τρύμη
2190 1108 2205 1149 :
2227 1088 2299 1150 ‘O
2316 1091 2629 1172 τετρημένος
2655 1093 2856 1175 σφόδρα
2874 1095 2966 1155 καὶ
2989 1098 3404 1179 πεπερονημένος
3427 1102 3479 1158 ἐν

1912 1184 2018 1244 τοῖς
2038 1176 2364 1255 πράγμασιν,
2396 1179 2453 1238 ὃν
2490 1182 2642 1259 ἡμεῖς
2659 1181 2921 1263 τρύπανόν
2961 1207 3152 1265 φαμεν.
3188 1187 3386 1269 [τρῦμα
3422 1185 3476 1247 δὲ
3511 1209 3560 1247 ιο

1909 1264 2003 1324 καὶ
2029 1269 2209 1345 τρῆμα
2238 1265 2333 1338 τὴν
2356 1267 2492 1340 ὀπήν
2513 1271 2731 1383 φαμεν.]
2756 1270 2892 1330 θέλει
2918 1271 2975 1332 δὲ
2999 1275 3160 1333 εἰπεῖν
3186 1273 3387 1343 εὔτονος
3412 1279 3481 1342 ὡς

1910 1353 2193 1436 τρύπανον.
2225 1353 2254 1435 [
2283 1355 2455 1436 τρύμη
2486 1379 2575 1416 ουν
2609 1357 2889 1438 τρύπανον,
2919 1364 2989 1428 ὣς
3023 1361 3233 1421 πάντων
3270 1387 3479 1444 περιγε-

1910 1442 2144 1522 νόμενος.
2189 1441 2224 1515 ἢ
2264 1443 2402 1521 τριὸς
2449 1444 2539 1504 καὶ
2585 1446 2939 1531 ταλαίπωρος.
2982 1448 3017 1522 ἢ
3066 1450 3354 1532 τρυμαλιά.
3404 1486 3483 1497 --

1909 1530 2238 1611 λεπτολόγος.
2271 1531 2389 1613 Bt]

1993 1640 2092 1682 449.
2138 1620 2377 1698 μάσθλης
2399 1619 2543 1690 ἰδίως
2563 1625 2591 1681 6
2620 1624 3028 1705 μεμαλαγμένος
3063 1628 3230 1709 λῶρος
3265 1627 3356 1687 καὶ
3389 1627 3481 1687 ἔκ·-
3515 1660 3566 1699 15

1911 1711 2080 1776 λυτος.
2119 1708 2356 1787 μάσθλης
2381 1700 2468 1768 οὖν
2499 1711 2722 1770 ἐνταῦθα
2749 1715 2778 1770 6
2804 1711 3163 1792 πολυγνώμων
3180 1713 3294 1792 (καὶ
3323 1714 3485 1794 μηδὲν

1916 1797 2130 1879 βέὸαιον
2165 1797 2299 1874 μηδὲ
2332 1796 2580 1878 σταθερὸν
2610 1797 2901 1878 γινώσκων.
2941 1799 2978 1872 ἢ
3006 1804 3035 1859 6
3071 1801 3369 1880 ῖμαντώδης
3395 1804 3486 1862 καὶ

1916 1883 2197 1964 μαστιγίας
2211 1931 2226 1958 ,
2250 1884 2357 1945 ἀπὸ
2380 1896 2675 1968 μεταφορᾶς
2696 1894 2787 1948 τοῦ
2804 1888 3216 1967 μεμαλαγμένου
3245 1890 3486 1969 ἱμάντος,

1914 1972 1951 2046 ἢ
1988 1972 2151 2041 οὕτως
2189 1972 2391 2041 εὔτονος
2413 1978 2483 2041 ὡς
2504 1973 2673 2055 ἱμάς).
2814 1976 2956 2055 λέγει
2983 1968 3071 2037 οῦν
3101 1977 3188 2037 τὸν
3216 1979 3489 2061 ὀλισθηρὸν

1915 2061 2008 2123 καὶ
2032 2059 2353 2121 διαδατικόν.
2377 2098 2458 2108 -—
2482 2063 2903 2144 μεμαλαγμένος.
2928 2080 3017 2127 Br,
3519 2105 3573 2143 ,ο

2001 2150 2153 2233 εἴρων
2180 2170 2196 2210 :
2227 2149 2296 2210 Ὁ
2333 2149 2510 2210 πάντα
2547 2151 2747 2221 παίζων
2792 2151 2885 2211 καὶ
2924 2152 3311 2233 διαχλευάζων,
3336 2157 3492 2235 εἰρω-

255 2242 445 2301 λειιται
481 2237 823 2320 χρήσθωσαν.
860 2236 1111 2296 Ἀττικῶν
1157 2235 1212 2294 δὲ
1243 2239 1280 2307 ἠ
1318 2232 1537 2308 τοιαύτη
1570 2230 1835 2306 σύνταξις,
1920 2239 2225 2318 νευόμὲνος,
2254 2237 2519 2311 ἀπατεὼν,
2547 2239 2848 2322 ὑποκριτής.

255 2327 550 2388 ποιούντων
573 2329 783 2403 ἐκεῖνοι,
796 2325 1118 2405 φρονούντων
1140 2324 1327 2384 ἐκεῖνοι
1348 2322 1464 2381 ἀντὶ
1483 2327 1577 2382 τοῦ
1595 2320 1837 2381 ποιείτω-

258 2439 363 2476 σαν
399 2414 494 2474 καὶ
529 2413 900 2497 φρονείτωσαν,
929 2415 1000 2480 ὡς
1027 2410 1120 2470 καὶ
1143 2414 1382 2471 ἐνταῦθα.
1420 2415 1510 2469 νῦν
1530 2408 1654 2491 γὰρ,
1684 2406 1841 2490 φησὶ,

175 2529 233 2570 25
258 2504 361 2577 τὴν
388 2501 627 2574 ἐξουσίαν
651 2504 825 2569 αὐτοῖς
860 2499 1139 2578 ἐπιδίδωμι
1177 2505 1270 2558 τοῦ
1303 2501 1531 2578 ἐμαυτοῦ
1567 2497 1842 2576 σώματος,

260 2594 372 2661 τοῖς
394 2588 677 2674 προπόλοις
698 2586 964 2663 δηλονότι,
986 2588 1164 2668 (ἤγουν
1191 2596 1298 2655 τοῖς
1321 2585 1658 2669 φιλοσόφοις).

344 2701 447 2743 441.
511 2684 735 2752 κακοῦν,
778 2677 1109 2759 ξηραίνεσθαι
1157 2676 1250 2737 κα),
1284 2676 1345 2737 τὸ
1405 2675 1571 2758 δέρμα
1621 2698 1721 2754 μου
1774 2677 1847 2741 εἷς

264 2769 434 2829 ἀσκὸν
461 2766 866 2849 ἐκδερματίζειν.
911 2765 1046 2848 ὑπὲρ
1070 2765 1126 2825 δὲ
1164 2769 1257 2824 τοῦ
1298 2769 1636 2838 πιοτευθῆναι
1689 2762 1847 2821 αὐτὸν

264 2856 517 2938 ἐμμένειν
531 2860 638 2925 τοῖς
659 2852 1045 2934 ὑποκειμένοις,
1066 2852 1359 2937 προσέθηκε
1386 2852 1548 2913 πλέον
1573 2851 1634 2930 (ἢ
1664 2853 1849 2911 ἐκεῖνοι

180 2965 243 3011 ³0
266 2944 632 3031 προσέταξαν,
668 2944 763 3004 καὶ
801 2943 945 3022 λέγει
982 2946 1326 3024 καταφρονεῖν
1373 2939 1713 3023 ἐκδερομένου
1758 2943 1849 2998 τοῦ

268 3034 580 3118 δέρματος).
610 3037 640 3091 6
669 3030 774 3114 γὰρ
804 3031 874 3091 τὰ
891 3031 1056 3111 μείζω
1079 3029 1528 3111 ἐπαγγελλόμενος
1557 3026 1852 3106 ὑπομένειν,

272 3126 506 3205 εὗχερῶς
533 3120 597 3181 ἂν
617 3119 687 3180 τὰ
706 3120 902 3192 ἥττονα
942 3119 1233 3198 ὗπενέγκοι.

352 3232 452 3272 442.
500 3211 531 3293 [
556 3209 719 3271 ἀσκὸν
745 3208 910 3291 δέρειν
940 3227 955 3268 :
990 3208 1129 3269 Ἀντὶ
1156 3214 1247 3268 τοῦ
1271 3207 1333 3268 τὸ
1356 3210 1512 3286 σῶμα
1535 3203 1781 3288 ἐκδέρειν,
1811 3204 1857 3262 εἰ

271 3301 384 3363 δέοι
408 3297 826 3382 καταφρονήσειν
866 3294 1208 3377 ἐκδερομένου
1231 3301 1323 3357 τοῦ
1354 3294 1616 3375 σώματος.
1643 3328 1725 3339 -
1767 3294 1859 3351 αὖ·

180 3414 241 3457 ιιι
271 3388 437 3472 χμεῖν
469 3408 485 3449 :
513 3385 902 3469 Ξηραίνεσθαι,
921 3386 1186 3468 ἀλουτιᾷν.
1221 3383 1381 3466 ᾔει]

357 3496 459 3538 446.
498 3474 615 3548 ἴτης
639 3494 657 3536 t
678 3474 816 3536 Ἀντὶ
833 3478 925 3533 τοῦ
942 3472 1156 3551 ἰταμὸς,
1180 3473 1431 3555 σκληρὸς,
1458 3469 1745 3550 τολμηρὸς,
1768 3468 1860 3528 καὶ

278 3564 345 3626 δι’
368 3566 542 3624 αὗτῶν
563 3565 752 3645 χωρῶν
767 3564 873 3621 τῶν
894 3561 1242 3642 πράγματων.
1267 3554 1661 3642 -ὃρμητικόςζ
1680 3572 1775 3619 ΒΥ.

358 3673 460 3715 440.
505 3650 751 3732 βδελυρὸς
772 3670 788 3712 :
809 3649 922 3712 Καὶ
937 3650 1029 3709 τὸν
1057 3648 1424 3732 πόρνονοῦτως
1453 3648 1692 3721 ἐκάλουν,
1711 3651 1783 3714 ὣς
1806 3649 1860 3706 ἐν

276 3745 358 3825 τῷ
392 3738 533 3801 κατὰ
569 3738 852 3821 Τιμάρχου
893 3738 1181 3819 Αἰσχίνης,
1224 3735 1320 3796 καὶ
1353 3736 1442 3796 τὸν
1481 3736 1665 3816 μίσους
1702 3734 1860 3803 ἄξιον.

186 3852 254 3893 40
282 3828 378 3890 καὶ
403 3827 466 3888 τὸ
492 3830 716 3903 μισῆσαι
744 3824 1105 3906 βδελύξασθαι.
1126 3824 1219 3885 καὶ
1261 3825 1348 3884 τὸν
1388 3823 1738 3905 ἀνελεύθερον.
1763 3822 1862 3903 [τὸ

281 3918 339 3979 δὲ
383 3917 590 3997 ψευδῶν
636 3914 997 3994 συγκολλητὴς
1032 3914 1148 3974 ἀντὶ
1173 3917 1266 3973 τοῦ
1313 3909 1771 3995 ψευδοπλάστηφ]
1792 3945 1865 3956 -

280 4001 614 4089 ψευδολόγος.
660 4012 720 4061 R.
742 4012 805 4059 V.
840 4000 1045 4082 μιαρός.
1091 4013 1183 4061 Br.
1221 4000 1443 4084 θρασὺς,
1468 4000 1695 4084 ἰσχυρός.
1730 4015 1859 4065 Vict.

284 4091 639 4173 ξυγκολλητῆς
659 4109 675 4152 t
698 4088 1021 4173 Συρραφεύς.
1050 4106 1175 4157 Vict.

367 4201 468 4244 447.
510 4178 826 4263 εὑρησιεπὴς
852 4199 867 4239 :
893 4176 1213 4260 Ἐφευρετὴς
1230 4176 1423 4258 λόγων.
1445 4189 1506 4238 Α.
1534 4178 1862 4263 περίτριμμα

196 4288 260 4331 48
290 4272 449 4330 δικῶν
481 4287 498 4330 2
527 4265 889 4352 Τετριμμίνος
912 4266 1034 4349 περὶ
1056 4265 1149 4334 τὰς
1168 4265 1333 4334 δίκας.
1360 4278 1462 4326 Br.

380 4376 481 4418 448.
523 4354 706 4439 κύρόις
753 4375 768 4416 :
812 4353 877 4415 Ὁ
925 4355 1226 4436 περίεργος,
1267 4352 1326 4413 ὃν
1366 4354 1461 4413 οὐκ
1512 4354 1624 4414 ἔστι
1664 4358 1861 4416 λαθεῖν·

296 4441 500 4523 (ἕνεκεν
526 4442 630 4525 γὰρ
670 4442 883 4521 μνήμης
902 4440 1191 4522 ἀνέγραφον
1222 4443 1293 4509 εἰς
1316 4438 1410 4509 τὰς
1437 4440 1702 4524 κύρὸιας).
1732 4441 1861 4523 κύρ-

292 4532 377 4601 6ις
403 4532 459 4593 δὲ
483 4532 629 4600 σανὶς
646 4530 769 4591 ἔνθα
793 4533 841 4590 οἱ
864 4526 1013 4607 νόμοι
1037 4528 1395 4609 γεγραμμένοι
1431 4520 1587 4602 ἦσαν.
1616 4528 1651 4601 ἢ
1681 4529 1861 4598 οὕτως.

292 4620 462 4696 ἡδέως
502 4621 567 4681 ἂν
611 4625 783 4680 ὁτιοῦν
819 4617 1187 4697 ὁπομείναιμι,
1227 4616 1315 4677 ἵνα
1351 4617 1483 4689 δόξω
1518 4620 1866 4687 τοῖς’πολλοῖς

202 4739 267 4784 ⁸⁰
291 4709 467 4791 λόγων
503 4707 749 4792 ἔμπειρος
788 4698 923 4767 εἶναι
963 4704 1059 4765 καὶ
1097 4705 1286 4784 νόμους
1322 4706 1532 4767 εἰδέναι.
1569 4718 1628 4767 Β.
1649 4720 1713 4767 V.
1748 4707 1869 4790 κύρ·

288 4799 417 4869 ὄιςε
447 4797 647 4878 Νόμων
674 4795 900 4879 πλήρης.
926 4806 1019 4855 Br.

379 4888 468 4968 (τὸ
485 4887 541 4948 δὲ
570 4886 826 4969 κρόταλον
851 4882 967 4943 ἀντὶ
990 4887 1084 4943 τοῦ
1107 4882 1394 4961 εὔγλωττος
1416 4883 1504 4943 καὶ
1532 4883 1783 4966 εὔστομος
1798 4888 1870 4955 ὡς

289 4974 364 5038 τὰ
393 4973 684 5060 κρόταλα.)
708 5008 788 5019 -·
809 4970 1115 5050 πολυλόγος.
1152 4992 1242 5040 Br.

375 5062 614 5137 κίναδος,
633 5059 974 5135 ἀπατητικός.
999 5059 1204 5141 εἴρηται
1232 5057 1287 5119 δὲ
1320 5060 1429 5121 ἀπὸ
1458 5070 1754 5144 μεταφορᾶς
1776 5066 1873 5135 τῆς,

2004 2327 2173 2408 γλοιὸς
2203 2348 2218 2387 :
2253 2326 2357 2405 (Τὸ
2383 2327 2511 2387 αὐτὸ
2539 2328 2688 2399 δηλοῖ
2716 2331 2792 2409 τῷ
2821 2326 3078 2404 μάσθλης.
3109 2327 3358 2401 εἴληπται
3381 2328 3436 2388 δὲ
3456 2335 3491 2401 ἡ

1927 2412 2198 2498 μεταφορὰ
2228 2413 2332 2473 ἀπὸ
2354 2419 2443 2473 τοῦ
2466 2416 2519 2473 ἐν
2537 2415 2644 2481 τοῖς
2670 2413 2962 2492 βαλανείοις
2985 2415 3163 2475 ἐλαίου
3181 2416 3496 2494 πεπηγότος,

1928 2503 2057 2584 ὅπερ
2121 2501 2243 2569 τοὺς
2300 2500 2826 2580 ἐπιλαμὸανομένους
2878 2501 3218 2566 διολισθάνειν
3274 2502 3493 2586 πέφυκε.
3524 2539 3575 2577 25

1926 2597 2157 2658 τοιοῦτος
2196 2581 2284 2650 οῧν
2325 2589 2415 2648 καὶ
2459 2593 2489 2649 6
2532 2588 2830 2671 πρεσὸύτης
2872 2590 3084 2672 εὔχεται
3110 2590 3345 2670 γενέσθαι
3381 2591 3499 2659 τοὺς

1928 2681 2167 2763 τρόπους,
2176 2676 2262 2736 ἵνα
2272 2676 2451 2757 ὥσπερ
2463 2676 2801 2737 διολισθάνειν
2813 2677 2903 2737 καὶ
2915 2678 3120 2760 φεύγειν
3140 2679 3358 2751 δύνηται
3383 2679 3500 2748 τοὺς

1934 2765 2224 2832 δανειστάς.
2255 2765 2344 2826 καὶ
2377 2764 2533 2847 μέχρι
2563 2766 2716 2847 δεῦρο
2737 2765 2855 2833 τοὺς
2889 2771 2956 2848 τῇ
2997 2765 3182 2848 γνώμῃ
3213 2766 3500 2838 σκάζοντας

1934 2855 2025 2918 καὶ
2046 2853 2209 2933 μηδὲν
2239 2853 2485 2936 σταθερὸν
2506 2858 2843 2937 φρονοῦντας,
2858 2854 2948 2915 καὶ
2973 2854 3103 2915 ἄλλο
3127 2854 3221 2934 μὲν
3249 2856 3503 2934 ἐπαγγελ-

1933 2944 2183 3023 λομένους
2199 2990 2216 3022 ,
2243 2945 2375 3004 ἄλλο
2408 2943 2463 3003 δὲ
2489 2949 2804 3026 φρονοῦντας
2822 2945 2912 3003 καὶ
2938 2943 3302 3027 πράσσοντας,
3328 2946 3415 3005 διὰ
3436 2946 3497 3005 τὸ
3529 2981 3582 3021 30

1936 3039 2030 3106 τ’ἥς
2051 3033 2264 3112 γνώμης
2284 3031 2558 3113 ὀλισθηρὸν
2585 3031 2677 3091 καὶ
2705 3031 2923 3091 ἄπιστον
2959 3031 3163 3110 γλοιοὸς
3189 3035 3499 3114 καλοῦμεν.)

1938 3122 1969 3205 [
1992 3120 2027 3193 ἢ
2055 3119 2224 3200 γλοιὸς
2254 3118 2462 3198 λέγεται
2507 3123 2536 3177 6
2561 3117 2719 3200 ῥύπος
2754 3124 2847 3176 τοῦ
2883 3119 3077 3179 ἐλαίου.
3114 3119 3255 3199 λέγει
3297 3112 3387 3180 οὖν
3415 3121 3503 3181 τὸν

1944 3207 2173 3294 ῥυπαρὸν
2206 3205 2326 3274 τοὸς
2351 3205 2589 3287 τρόπους.
2710 3202 2928 3274 Ἄλλως.
2966 3207 3136 3286 γλοιὸς
3171 3207 3262 3268 ἐπὶ
3288 3214 3380 3268 τοῦ
3410 3212 3502 3291 ῥυ-

1941 3304 2113 3380 παροῦ
2153 3295 2244 3356 καὶ
2291 3300 2481 3375 μιαροῦ
2510 3294 2600 3353 καὶ
2649 3294 2961 3376 μικρολόγον
3003 3297 3502 3377 παραλαμὸάνεται.

1943 3387 2035 3447 καὶ
2059 3383 2159 3467 γὰρ
2183 3388 2211 3443 6
2241 3382 2468 3466 ῥυπαρὸς
2495 3381 2582 3442 διὰ
2607 3381 2706 3456 τὴν
2733 3382 2958 3456 ἄσκησιν
2987 3383 3235 3465 σύνεγγύς
3258 3384 3371 3455 πώς
3395 3388 3505 3445 ἐστι
3535 3425 3588 3465 ³5

1943 3477 2020 3555 τῷ
2045 3475 2226 3554 γλοιῷ.
2250 3471 2339 3531 ἐπὶ
2367 3469 2503 3531 δὲτὸ
2524 3462 2644 3543 ἦθος
2669 3470 2976 3551 μετενεχθὲν
2998 3470 3087 3531 τὸν
3119 3474 3383 3556 μοχθηρὸν
3411 3475 3505 3546 δη-

1945 3564 2028 3622 λοῖ
2068 3560 2158 3620 καὶ
2187 3560 2459 3640 ὀλισθηρὸν
2492 3558 2583 3617 καὶ
2612 3557 2979 3636 εὐμετάὸολον.
3004 3558 3034 3641 ]
3070 3561 3242 3641 γλοιὸς
3256 3607 3272 3636 ,
3324 3561 3509 3644 μιαρὸς

1945 3649 2036 3711 καὶ
2063 3647 2287 3731 ῥυπαρὸς
2309 3647 2399 3707 καὶ
2423 3645 2746 3728 μικρολόγος.
2772 3658 2829 3706 R.
2857 3646 3121 3730 γλίσχρος.
3140 3670 3233 3717 Br,

2025 3757 2125 3799 450.
2168 3736 2394 3819 κέντρων
2419 3756 2433 3796 :
2465 3733 2719 3796 Τουτέστι
2741 3735 2973 3815 χαλεπὸς
3006 3738 3096 3796 καὶ
3119 3736 3356 3820 φρικτὸς,
3380 3740 3509 3799 καθὸ

1947 3826 2038 3886 καὶ
2077 3824 2194 3893 τοὺς
2237 3823 2479 3903 ἡνιόχους
2517 3822 2892 3904 κεντροτύπους
2930 3825 3212 3902 καλοῦμεν,
3250 3824 3368 3893 τοὺς
3405 3826 3511 3893 τοῖς
3536 3861 3591 3900 40

1948 3916 2174 3995 κέντροις
2195 3911 2313 3980 τοὺς
2325 3910 2517 3979 ἵππους
2538 3908 2844 3978 τύπτοντας.
2873 3909 3118 3993 (κέντρων
3137 3912 3349 3993 λέγεται
3364 3913 3454 3973 καὶ
3481 3918 3509 3973 6

1937 4002 2175 4074 ,κλέπτης
2194 3999 2280 4061 διὰ
2300 3999 2361 4059 τὸ
2383 3997 2802 4080 βασανιζομένοις
2822 4002 2931 4066 τοῖς
2945 3999 3195 4067 κλέπταις
3212 4001 3301 4060 καὶ
3320 4001 3509 4084 κέντρα

1947 4089 2369 4172 προσφέρεσθαι.)
2390 4087 2645 4169 ῖκέντρων
2671 4085 2728 4145 δέ
2751 4088 2862 4145 ἐστι
2883 4086 2944 4145 τὸ
2970 4086 3381 4167 ἐπισασσόμενον
3404 4091 3511 4158 τοῖς

1948 4178 2079 4247 ὄνοις
2109 4182 2170 4238 ἐκ
2203 4178 2414 4235 πολλῶν
2445 4175 2536 4234 καὶ
2566 4173 2821 4256 διαφόρων
2852 4173 3109 4257 συρραφὲν
3139 4177 3389 4238 σακκίων.
3418 4178 3511 4237 καὶ

1949 4268 2221 4346 ἐπίσαγμα
2256 4267 2358 4324 τῶν
2387 4263 2536 4325 ὄνων.
2659 4263 2879 4331 Ἄλλως.
2919 4267 2968 4323 οἱ
2998 4266 3060 4322 ἐκ
3098 4266 3307 4323 πολλῶν
3343 4289 3507 4338 συνη-
3539 4305 3592 4345 ⁴⁵

1950 4352 2242 4437 θροισμένοι
2265 4352 2352 4412 ἐπὶ
2377 4351 2594 4413 τοιαῦτά
2611 4376 2728 4412 τινα
2750 4359 2857 4418 τοῖς
2875 4350 3165 4431 ὑποζυγίοις
3191 4352 3510 4434 ῥιπτούμενα

1948 4446 2229 4503 καλοῦνται
2244 4440 2539 4522 κέντρωνες.
2558 4442 2605 4500 οἱ
2620 4438 2675 4499 δὲ
2688 4440 2776 4498 τὸν
2796 4439 3029 4520 λοίδορον
3048 4440 3341 4499 ἀκούουσιν·
3360 4441 3512 4500 οἱονεὶ

1947 4528 2317 4613 κεντροτύπος,
2344 4533 2373 4588 6
2406 4528 2820 4610 κεκεντρωμένος
2845 4526 2936 4587 καὶ
2970 4525 3199 4609 φρικτός.
3238 4563 3318 4574 —
3338 4527 3513 4600 πλήτ-

1946 4643 2070 4679 των.
2096 4630 2187 4677 Br.
2895 4670 2900 4675 .

2029 4618 2239 4789 πρόφίς
2268 4726 2282 4766 :
2318 4703 2446 4765 Ἀπὸ
2471 4709 2566 4762 τοῦ
2593 4702 2854 4785 στροφέως
2887 4706 2921 4774 ἡ
2962 4700 3252 4784 μεταφορά.
3289 4694 3397 4764 οἷον
3423 4703 3515 4764 εὗ-
3541 4743 3594 4783 50

1949 4818 2167 4880 στροφος
2200 4794 2291 4855 καὶ
2320 4793 2589 4865 εὖκίνηκος
2625 4796 2678 4851 ἐν
2710 4800 2818 4858 τοῖς
2849 4789 3145 4872 πράγμασι.
3174 4826 3253 4837 --
3281 4790 3514 4874 στρέφων

1950 4884 2018 4944 τὰ
2052 4882 2362 4966 πράγματα.
2402 4878 2653 4962 ἀργαλέος
2696 4901 2712 4940 t
2753 4876 3019 4959 Λυπηρός.
3057 4891 3149 4939 Br.
3181 4878 3516 4960 ἀκαταγώνι-

1952 4985 2505 5138 στῖςέιίιματιολοιχός
2553 5074 2567 5115 :
2614 5057 2685 5116 Οἱ
2739 5054 2833 5132 μὲν
2878 5052 2966 5112 τὸν
3008 5053 3204 5135 λίχνον,
3237 5058 3285 5115 οἱ
3326 5053 3382 5115 δὲ
3425 5055 3511 5113 τὸν
