3859 5725
441 224 558 283 572

437 353 590 424 Reg.
613 344 786 424 Apud
815 343 1185 403 Aristotelem
1207 384 1224 411 ,
1256 339 1450 413 ταύτης
1488 341 1665 401 πάντα
1692 341 1759 401 τὰ
1794 342 1967 423 φύλλα

437 443 553 501 ταῖς
582 437 792 499 λοιπαῖς
816 430 1015 500 ἰλαίαις
1056 431 1263 490 ἐναντία
1305 429 1554 511 πέφυκεν.
1583 463 1663 476 -
1687 451 1761 489 20
1789 430 1968 500 ἔξω-

436 521 600 581 λευκά
623 521 822 580 addita
850 541 925 578 ex
948 524 1017 577 V.
1044 532 1102 577 et
1130 519 1325 578 Suida.
1352 553 1428 565 -—
1462 539 1530 577 αι
1584 519 1769 601 χλωρά
1809 522 1969 599 apud

436 609 828 669 Aristotelem.
854 642 936 653 —
961 627 1033 666 αα
1069 606 1399 689 συμμέτρους
1441 628 1558 666 om.
1598 609 1776 667 Paris.
1825 614 1966 687 Reg.

436 696 609 775 Apud
634 695 1006 755 Aristotelem
1033 692 1383 773 συμμέτρως,
1421 693 1586 751 libris
1621 695 1967 771 quibusdam

437 784 770 867 συμμέτρους
795 782 1209 864 praebentibuS.
1235 817 1299 829 —
1324 784 1398 839 23
1441 780 1643 861 καρπὸν
1687 787 1759 843 R.
1793 790 1867 843 V.
1896 783 1968 843 Θ.

437 876 663 947 Suidas,
694 894 811 931 om.
844 870 975 931 AJd.
1002 872 1177 928 Paris.
1205 875 1347 946 Reg.
1383 868 1541 950 φυτὸν
1570 866 1748 927 λαὸὼν
1788 874 1816 929 ὁ
1846 870 1966 951 Ἤρ.

435 963 795 1023 Aristoteles.
818 997 879 1008 —
905 970 977 1029 αῖ.
1007 955 1292 1016 πλέκονται
1321 957 1498 1014 Paris.
1534 962 1694 1035 Reg.,
1724 959 1823 1035 qui
1858 959 1968 1016 ad-

437 1052 585 1108 dunt
609 1047 709 1117 ἔξω
737 1047 826 1121 δὲ,
856 1048 952 1105 οὐκ
981 1043 1124 1110 ἐντὸς
1150 1047 1255 1103 τῶν
1280 1040 1490 1125 φύλλων
1530 1042 1643 1122 ἔχει
1666 1043 1727 1102 τὸ
1761 1044 1968 1119 λευκόν,

437 1138 645 1197 ceteris
664 1135 907 1193 omissis.
920 1132 1150 1191 ἐδίδοντο
1179 1130 1404 1190 Suidas.
1430 1128 1572 1190 ἔστιν
1597 1132 1825 1190 R.—25
1847 1132 1969 1211 περὶ

436 1222 526 1283 τὸν
556 1228 630 1284 G.
659 1224 732 1282 Θ.
762 1221 884 1278 Ald.
923 1217 1167 1279 Ἰλισσόν.
1200 1224 1267 1277 In
1299 1219 1407 1277 hac
1439 1221 1728 1298 scriptura
1759 1220 1966 1278 vitiosa

435 1309 804 1370 consentiunt
833 1307 967 1366 libri
995 1307 1321 1366 Aristotelis
1345 1319 1404 1364 et
1436 1307 1664 1365 Suidas.
1696 1307 1970 1367 Scriben-

435 1400 573 1458 dum
610 1418 742 1456 cum
764 1401 985 1454 Hemst.
1011 1392 1295 1453 Ἐλίσσονα
1323 1395 1412 1452 vel
1440 1395 1637 1472 potius
1656 1394 1970 1469 Ἑλίσσονα,

435 1506 610 1565 quem
654 1485 898 1543 fluvium
942 1484 1000 1541 in
1041 1482 1324 1559 Alpheum
1366 1482 1608 1540 influere
1645 1496 1869 1541 constat
1896 1504 1970 1542 ex

435 1578 719 1635 Pausania
750 1593 806 1645 α,
844 1592 934 1645 12,
967 1593 1026 1645 a,
1050 1571 1154 1629 ubi
1183 1568 1448 1630 Ἑλισσών
1483 1570 1759 1629 scribitur
1785 1569 1969 1640 ὀξυτό-

434 1685 553 1727 νως.
585 1659 849 1719 Ἑλίσσων
872 1656 908 1728 ἢ
932 1655 1167 1717 ἽΞλισσα
1195 1671 1435 1715 vocatur
1469 1656 1543 1715 ab
1583 1658 1871 1718 Strabone
1900 1658 1968 1737 81,

436 1770 495 1829 p.
528 1747 661 1806 338.
712 1753 894 1805 Dum.
926 1742 1524 1824 σταδίους-ἀπέχουσα
1570 1766 1689 1804 om.
1741 1746 1967 1806 SuidaS.

435 1835 652 1896 σταδίου
686 1841 756 1894 R.
798 1837 897 1905 V„
930 1853 1048 1891 uon
1077 1834 1146 1892 Θ.
1191 1858 1216 1883 α
1247 1830 1543 1903 Ἓξήκοντα
1587 1834 1758 1891 etiam
1811 1835 1969 1912 apud

434 1926 826 1986 Aristotelem.
850 1928 914 1981 ln
942 1921 1263 1981 stadiorum
1286 1941 1528 1979 numero
1550 1922 1799 1980 finiendo
1824 1924 1971 1980 mul-

438 2026 557 2071 tum
588 2012 710 2071 abit
736 2011 917 2070 schol.
951 2010 1248 2070 Theocriti
1283 2015 1340 2083 4,
1375 2029 1406 2082 7
1441 2031 1454 2066 z
1486 2011 1730 2085 ἀγνοοῦσι
1767 2007 1823 2068 δὲ
1844 2054 1860 2083 ,
1890 2008 1971 2069 ὅτι

435 2091 584 2167 οὗτος
607 2104 656 2179 (ὁ
686 2098 1054 2177 Ὀλυμπιακὸς
1083 2096 1355 2177 στέφανος)
1386 2098 1449 2154 ἐκ
1477 2099 1570 2168 τῆς
1597 2098 1911 2164 καλλιστοῦς
1934 2095 1970 2169 ἢ

436 2189 854 2268 καλλιστεφάνου
885 2185 1064 2253 ἐλαίας
1087 2186 1363 2263 γενόμενος
1388 2183 1588 2243 δίδοται
1605 2230 1621 2258 ,
1646 2184 1761 2257 ἥτις
1783 2185 1973 2264 ἀπέχει

435 2275 662 2334 σταδίων
697 2272 865 2349 ὀκτὼ,
894 2271 966 2341 ὥς
993 2296 1151 2354 φησιν
1177 2269 1554 2353 Ἀριστοτέλης.
1587 2275 1746 2346 Quin
1775 2287 1970 2332 autem

434 2363 532 2421 hic
549 2363 883 2422 scholiastes
901 2381 971 2420 ex
986 2361 1299 2420 Aristotele
1319 2362 1394 2420 sit
1408 2360 1818 2434 emendandus,
1842 2362 1973 2421 ideo

436 2472 552 2509 non
578 2449 807 2508 dubitat
837 2455 1124 2508 Kusterus
1143 2492 1161 2521 ‚
1195 2448 1355 2526 quod
1382 2446 1634 2519 ἑξήκοντα
1674 2450 1849 2506 etiam
1888 2450 1973 2506 le-

435 2551 606 2618 gatur
625 2538 780 2616 apud
808 2538 1175 2596 scholiastam
1195 2536 1617 2614 Aristophanis,
1652 2537 1798 2594 Mihi
1832 2557 1969 2594 sen-

437 2627 617 2685 tentia
645 2627 816 2703 longe
839 2625 949 2683 alia
973 2624 1132 2682 sedet
1162 2648 1176 2681 :
1210 2637 1274 2683 ut
1303 2625 1458 2683 enim
1486 2624 1781 2682 Theocriti
1805 2625 1972 2684 scho-

437 2715 615 2772 liastae
632 2732 799 2771 suum
817 2710 956 2771 ὀκτὼ
974 2712 1226 2770 libenter
1244 2713 1530 2790 relinquo,
1550 2712 1630 2769 sic
1652 2712 1970 2771 stadiorum

434 2821 740 2860 numerum
768 2801 828 2857 in
849 2790 1051 2858 nostro
1072 2812 1247 2879 atque
1267 2800 1570 2859 Aristotele
1594 2801 1774 2879 magis
1800 2801 1969 2859 etiam

434 2891 806 2950 imminutum
866 2890 1058 2948 velim.
1107 2887 1392 2967 Equidem
1437 2890 1603 2948 valde
1642 2890 1783 2947 mihi
1825 2908 1969 2967 per-

433 2979 679 3052 suadeo,
713 2999 746 3038 a
777 2978 1129 3057 philosopho
1156 2979 1384 3037 venisse
1409 2978 1648 3045 σταδίους
1673 2976 1726 3047 ἓξ
1751 3023 1769 3053 ,
1808 2979 1973 3055 eujus

432 3069 654 3127 voculae
685 3069 875 3148 prima
913 3067 1080 3125 litera
1120 3086 1299 3143 quum
1341 3066 1494 3125 sorte
1533 3068 1898 3142 evanuisset,
1946 3064 1973 3135 ξ

435 3177 546 3236 pro
573 3158 801 3215 numeri
830 3157 995 3233 signo
1025 3155 1134 3212 suit
1152 3168 1489 3233 acceptum,
1520 3168 1578 3213 et
1602 3156 1830 3233 peperit
1850 3153 1974 3225 ἑξή-

434 3267 613 3306 κοντα.
642 3251 768 3304 Jam
790 3245 840 3303 si
871 3258 945 3303 ex
968 3244 1305 3323 propinquo
1329 3255 1585 3320 notoque
1608 3245 1738 3301 loco
1779 3244 1975 3301 deter-

434 3332 709 3392 minanda
728 3333 802 3390 sit
834 3332 1073 3390 oleastri
1097 3331 1392 3408 Olympici
1421 3332 1618 3403 sedes,
1652 3343 1839 3388 utram
1865 3341 1975 3388 sta·

434 3421 666 3479 diorum
740 3420 1201 3497 designationem
1275 3418 1639 3477 commodius
1708 3419 1973 3477 instituto

434 3508 788 3588 respondere
823 3509 1011 3577 dicem,
1047 3529 1149 3567 sex
1178 3529 1247 3567 an
1280 3508 1610 3584 sexaginta?
1633 3527 1759 3565 eam
1795 3508 1974 3566 ratio-

433 3619 567 3657 nem
610 3598 801 3675 quivis
849 3597 1050 3670 facite,
1085 3597 1175 3653 vel
1214 3615 1305 3653 me
1351 3607 1570 3652 tacente
1596 3638 1613 3667 ,
1658 3596 1974 3674 collegerit.

434 3693 652 3745 Heus‘r.
689 3692 781 3743 τοῦ
818 3690 1061 3761 ποταμοῦ
1098 3683 1250 3757 ΑΜ.,
1288 3696 1353 3740 ut
1393 3683 1546 3759 apud
1585 3684 1971 3744 Aristotelem.

434 3811 514 3822 -—
536 3794 608 3848 27
636 3772 999 3833 scribebatur
1025 3770 1243 3849 θίγοντι.
1263 3804 1338 3816 -
1357 3791 1432 3848 29
1459 3785 1515 3829 et
1536 3776 1833 3850 sequentia
1858 3795 1976 3834 om.

436 3865 609 3922 etiam
654 3865 724 3922 Θ.
754 3894 833 3906 —-
875 3863 948 3919 32
1001 3859 1274 3918 Gelenius
1312 3861 1820 3941 καταρρητορευθείς.
1859 3864 1974 3923 Sed

435 3945 911 4032 καταρρητορεύσει
951 3950 1029 4005 ita
1063 3947 1342 4025 explicari
1378 3961 1570 4026 potest
1601 3970 1613 4005 :
1642 3970 1775 4006 nam
1803 3954 1973 4026 figu-

436 4061 559 4096 ram
608 4046 771 4095 istam
821 4038 1149 4108 Chremrlus
1167 4044 1463 4094 oratoriam
1522 4040 1779 4095 adversus
1818 4042 1975 4096 Pau-

429 4140 704 4204 pertatem
752 4124 1083 4201 intorquebe't
1104 4167 1124 4195 ‚
1192 4139 1248 4183 et
1293 4140 1584 4202 superatus
1642 4129 1786 4183 ἄϊε-ετ
1825 4149 1843 4182 .·
1893 4128 1976 4185 sic

436 4229 629 4274 autem
670 4213 926 4292 intellige
952 4257 970 4287 ,
995 4215 1088 4284 ῖῆς
1135 4213 1360 4281 Πενίας·
1398 4215 1489 4272 sin
1532 4228 1802 4292 quartum
1870 4235 1973 4273 ca-

436 4325 561 4362 sum
583 4303 913 4375 addideris,
952 4301 1429 4385 καταρρητορεύσει
1462 4302 1556 4376 τὴν
1598 4304 1794 4365 Πενίαν
1817 4351 1833 4378 ,
1872 4326 1975 4364 ca-

438 4392 711 4469 piendum
751 4392 865 4449 erit
897 4392 1008 4449 hoc
1036 4404 1207 4469 pacto
1242 4413 1255 4448 :
1283 4392 1504 4450 artibus
1548 4405 1606 4451 et
1649 4413 1809 4452 more
1837 4414 1974 4453 ora-

439 4492 631 4538 tomm
655 4479 886 4538 Peniam
917 4478 1167 4556 depellet
1187 4501 1253 4538 ac
1282 4480 1521 4557 rejiciet.
1552 4485 1776 4539 Hans-r.
1807 4524 1868 4534 -
1898 4483 1973 4550 48

441 4589 528 4648 sq.
559 4567 699 4627 οὕτω
725 4565 819 4626 καί
845 4590 922 4634 τις
960 4568 1034 4627 11.
1066 4570 1327 4627 Eustath.
1362 4569 1434 4628 ad
1462 4571 1702 4648 Dionys.
1744 4571 1967 4647 Perieg.

436 4678 496 4715 v.
525 4658 660 4730 463,
683 4654 784 4713 ubi
815 4655 988 4712 ducta
1010 4655 1273 4716 locorum
1294 4677 1324 4714 a
1356 4657 1569 4734 plantis
1591 4656 1975 4716 arboribusve

438 4746 673 4803 nomina
694 4756 972 4822 recenset,
996 4744 1132 4803 dum
1156 4746 1273 4804 sere
1297 4757 1555 4804 nostrum
1580 4759 1972 4805 enarratorem

440 4830 717 4890 exscribit
747 4832 890 4908 [imo
917 4831 1224 4892 scholiasta
1250 4835 1613 4893 Eustathitun
1640 4835 1967 4912 exscripsit.

441 4920 682 4998 Dinn.],
721 4920 842 4978 haec
879 4934 1098 4995 tamen,
1140 4925 1198 4981 in
1250 4924 1461 5002 quibus
1498 4925 1714 5002 aliquid
1755 4925 1974 4982 haerere

447 5005 569 5068 vitii
611 5007 978 5068 manifestum
1018 5024 1137 5085 est,
1167 5013 1375 5070 omisit.
1423 5019 1688 5090 Auguror
1727 5013 1966 5071 interci-

1568 209 2019 271 ADNOTATIO
2061 209 2138 271 ΙΝ
2183 207 2448 271 SCEOL.

2057 344 2210 403 disse
2237 364 2441 403 vocem
2471 333 2604 409 οἶνος
2636 366 2649 402 :
2678 340 2815 403 οὕτω
2838 343 2931 403 καί
2955 368 3034 412 τις
3074 335 3208 412 οἶνος
3236 343 3596 410 lla-tuocum·

2056 434 2355 492 Πιτυοῦντα
2379 451 2520 489 vero
2537 431 2800 511 intelligo
2822 434 2917 503 τῆς
2937 435 3229 514 Παριανῆς,
3248 434 3432 510 cujus
3451 433 3602 510 apud

2057 519 2397 578 Strabonem
2430 519 2652 578 mentio
2688 520 2778 590 13,
2807 541 2862 598 p.
2891 522 3024 594 880,
3044 526 3110 596 C,
3139 523 3200 581 in
3231 542 3360 599 quo
3402 533 3601 593 tractu,

2057 608 2157 685 qui
2204 609 2408 666 vitium
2458 608 2596 666 satis
2645 608 2838 681 ferax,
2882 607 3022 667 urbs
3058 630 3293 688 quoque
3353 608 3604 670 Πιτύεια.

2058 696 2216 768 Quin
2249 709 2307 753 et
2338 701 2692 775 Lampsacus
2720 696 2781 754 in
2812 698 3152 775 propinquo
3179 699 3288 757 sita
3314 698 3472 755 olim
3502 717 3604 775 ap-

2058 783 2431 862 pellationem
2459 784 2664 842 habuit
2693 786 3027 843 Πιτυοῦσσαν
3049 808 3062 821 ·
3103 806 3292 864 neque
3339 787 3606 863 ignotum

2058 885 2146 929 est
2189 873 2392 930 vinum
2446 877 2944 950 Lampsacenum3
2991 873 3253 951 illudque
3307 872 3606 952 oppidum

2058 960 2429 1019 Themistocli
2460 960 2738 1018 tributum
2764 964 2837 1027 εἰς
2864 949 3022 1019 οἶνον.
3045 962 3236 1019 Multo
3261 963 3475 1040 plures
3502 980 3608 1017 an-

2061 1062 2171 1108 tem
2203 1062 2261 1107 et
2289 1051 2553 1127 regiones
2583 1061 2642 1107 et
2665 1048 2840 1107 urbes
2869 1069 2944 1107 ex
2974 1050 3141 1128 copia
3171 1051 3430 1128 pinnum
3461 1048 3606 1107 idem

2059 1139 2316 1197 induisse
2341 1157 2550 1195 nomen
2580 1149 2823 1195 constat.
2860 1140 3085 1195 Heus-r.

2143 1226 2278 1301 589.
2306 1230 2433 1284 Hoc
2456 1246 2691 1304 quoque
2723 1225 2984 1283 scholion
3014 1226 3173 1304 (quo
3215 1237 3382 1283 caret
3431 1225 3604 1283 etiam

2059 1314 2154 1391 Θ.)
2182 1314 2561 1373 recentissimi
2590 1326 2677 1372 est
2702 1314 3100 1390 grammatici,
3142 1314 3394 1372 fortasse
3426 1314 3605 1392 ipsius

2059 1405 2319 1476 Musuri,
2367 1417 2429 1461 ut
2471 1403 2580 1461 alia
2625 1400 2975 1478 hujusmodi.
3038 1406 3350 1480 Sumptum
3407 1416 3602 1461 autem

2061 1493 2369 1550 maximam
2411 1505 2634 1572 partem
2663 1502 2751 1547 est
2775 1510 2848 1547 ex
2896 1490 3199 1549 Eustatbio
3232 1490 3308 1548 ad
3361 1494 3602 1549 Homer.

2060 1600 2118 1659 p.
2156 1583 2288 1640 125.
2337 1587 2522 1640 Dum.
2570 1580 2786 1657 Regius
2815 1580 2937 1637 baec
2966 1601 2980 1637 t
3010 1579 3090 1639 Τὸ
3128 1578 3307 1660 λήροις
3351 1605 3391 1652 η
3439 1579 3601 1658 γράφε

2058 1665 2148 1726 καὶ
2179 1668 2254 1746 μὴ
2282 1668 2556 1749 δίφθογγον
2576 1712 2595 1744 ,
2623 1669 2695 1735 ὣς
2713 1665 2910 1725 οἴονταί
2926 1688 3090 1737 τινες,
3110 1664 3351 1743 λέγοντες
3379 1670 3461 1735 ὡς
3491 1669 3600 1725 λει·

2061 1754 2185 1835 ρίοις
2219 1746 2314 1829 ἦν,
2358 1754 2477 1827 ἤτοι
2511 1753 2688 1813 ἄνθεσι
2709 1799 2728 1831 ,
2780 1751 2870 1812 καὶ
2915 1752 3054 1812 κατὰ
3107 1751 3382 1831 συγκωτὴν
3420 1751 3601 1831 γέγονε

2060 1842 2267 1923 λείροις.
2296 1845 2452 1922 λῆρος
2478 1839 2580 1923 γὰρ
2604 1846 2640 1914 ἡ
2671 1840 2921 1923 φλυαρία.
2973 1838 3116 1917 λέγει
3145 1839 3201 1898 δὲ
3245 1843 3482 1899 ἐνταῦθα
3515 1841 3598 1900 τὸν

2061 1928 2113 1998 ἐξ
2139 1930 2320 1995 ἐλαίας
2370 1929 2625 2010 στέφανον
2671 1932 2833 2008 λῆρον
2859 1974 2876 2003 ,
2923 1931 2994 1994 ὣς
3020 1930 3217 2008 φαῦλον
3257 1928 3350 1987 καὶ
3395 1929 3599 1992 οὐδενὸς

2061 2016 2218 2087 ἄξιον.
2238 2057 2302 2068 -
2328 2020 2395 2077 16
2426 2018 2860 2100 ἐκφλαυρίζεσθαι
2900 2022 3203 2076 KusteruS.
3255 2019 3598 2099 ἐκφλυαρίζε-

2061 2111 2180 2166 σθαι
2203 2108 2326 2165 Ald.
2347 2151 2408 2160 .-
2434 2108 2505 2165 35
2533 2107 2599 2165 δι’
2618 2104 2741 2164 ὅλου
2766 2103 3028 2181 σώματος.
3051 2106 3221 2177 lllud,
3243 2107 3482 2184 opinor,
3509 2123 3598 2163 vo-

2061 2196 2169 2253 luit
2214 2196 2577 2269 scholiastes,
2613 2195 2846 2252 fasciam
2891 2193 3198 2251 candidam
3248 2213 3370 2251 non
3423 2193 3594 2273 capiti

2063 2295 2283 2341 tantum
2317 2283 2793 2341 circumvolutam
2816 2325 2833 2355 ,
2865 2281 2964 2338 sed
2993 2301 3358 2358 quacumque
3386 2300 3595 2359 corpo-

2061 2373 2140 2430 ris
2169 2384 2335 2450 parte
2358 2370 2779 2447 adstringatur,
2809 2370 2924 2427 dici
2954 2368 3219 2427 diadema
3258 2392 3272 2426 ε
3298 2367 3594 2445 quomodo

2061 2460 2338 2538 Pompeio
2371 2459 2468 2517 tali
2503 2458 2674 2516 fascia
2708 2478 2839 2515 crus
2868 2457 3161 2535 alligatum
3199 2455 3442 2515 babenti
3491 2460 3592 2514 Fa-

2059 2548 2270 2607 vonius
2287 2591 2303 2618 ,
2327 2550 2450 2604 Non
2473 2543 2662 2621 msere,
2691 2546 2979 2623 inquiens,
3008 2567 3122 2621 qua
3142 2552 3199 2601 in
3213 2559 3380 2621 parte
3399 2564 3590 2621 σοφο-

2060 2641 2137 2691 ris
2157 2641 2231 2692 sit
2252 2638 2515 2691 diadema
2535 2679 2554 2711 ,
2589 2633 2774 2710 regias
2807 2634 2960 2690 vires
2997 2632 3408 2712 exprobravit,
3458 2643 3590 2690 teste

2060 2724 2247 2783 Valer.
2274 2723 2506 2782 Maxim.
2540 2724 2597 2796 6,
2630 2740 2685 2792 α,
2717 2743 2767 2793 7.
2807 2718 3104 2798 Ἀναδέσμη
3136 2720 3292 2800 apud
3320 2721 3589 2780 Suidam:

2060 2818 2320 2872 Damasc.
2343 2811 2405 2869 in
2431 2810 2597 2869 Phot.
2621 2808 2894 2868 Biblioth.
2931 2830 2987 2889 p.
3023 2808 3130 2866 561
3163 2851 3180 2881 ,
3223 2809 3317 2880 35,
3345 2806 3588 2868 ἀναδεδε-

2061 2897 2194 2976 μένη
2221 2895 2317 2969 τὴν
2346 2896 2580 2978 κεφαλὴν
2605 2895 2873 2976 ἀναδίσμῃ
2894 2920 2908 2933 ·
2935 2903 3228 2974 γυναικεῖος
3244 2897 3336 2965 τῆς
3363 2894 3588 2975 κεφαλῆς

2059 2984 2351 3063 ἀνάδεσμος
2371 2985 2526 3063 apud
2549 2984 2816 3061 Etymol.,
2848 2984 2949 3061 qui
2980 2985 3062 3040 sic
3089 2981 3281 3063 μίτραν
3309 2983 3586 3060 interpre-

2063 3086 2232 3133 tatur.
2265 3077 2489 3131 Hans-r.

2144 3162 2258 3238 590
2283 3181 2395 3218 om.
2419 3162 2591 3219 etiam
2621 3161 2694 3221 Θ.
2716 3166 2858 3238 Reg.
2881 3203 2956 3215 ...
2984 3169 3060 3235 49
3077 3179 3176 3239 sq.
3197 3150 3274 3226 οἷς
3298 3158 3586 3226 ἐλπίζουσιν

2060 3248 2144 3306 ἐπ’
2188 3248 2345 3308 αὐτά.
2386 3253 2521 3307 Haec
2551 3249 2863 3308 Christiani
2903 3248 3156 3306 hominis
3206 3248 3501 3325 ingenium
3529 3265 3588 3302 ac

2061 3337 2271 3414 stylum
2302 3337 2596 3408 redolent,
2619 3357 2748 3414 quae
2769 3334 2907 3394 alibi
2934 3356 3168 3413 quoque
3188 3381 3205 3410 ,
3231 3335 3463 3394 tametsi
3501 3334 3586 3390 lo-

2062 3445 2163 3483 cus
2193 3445 2310 3482 non
2352 3438 2680 3496 succurrat,
2728 3444 2820 3483 me
2853 3425 3058 3502 legisse
3099 3425 3352 3483 memini.
3395 3428 3589 3481 Poste-

2063 3513 2216 3570 riora
2244 3512 2569 3570 claudicant
2599 3533 2613 3569 ε
2641 3513 2849 3570 vitium
2879 3511 3202 3584 sustuleris,
3250 3513 3298 3570 si
3344 3509 3587 3578 scribas,

2062 3592 2137 3670 οἶς
2167 3600 2508 3669 ἐπελπίζουσι
2529 3645 2546 3672 ,
2580 3601 2710 3672 vel,
2741 3598 2822 3659 ὅτι
2846 3646 2864 3673 ,
2891 3602 3013 3659 sive
3040 3598 3158 3658 ὅσον
3189 3597 3487 3665 ἐλπίζουσιν
3515 3593 3587 3654 ἐπ’

2063 3688 2220 3747 αὐτά.
2251 3695 2463 3748 Sensus
2486 3702 2604 3763 est,
2634 3687 2902 3768 περίαπτα
2933 3692 3060 3757 dici,
3101 3690 3252 3766 quod
3281 3693 3348 3743 iis
3371 3705 3588 3764 appen-

2061 3783 2136 3835 sis
2157 3782 2299 3834 mali
2322 3777 2430 3834 sIbe'
2450 3780 2848 3853 persuadeant,
2880 3796 2939 3833 se
2954 3780 3150 3832 melius
3176 3773 3460 3832 habituros
3474 3798 3497 3844 ,·
3519 3779 3589 3829 sic

2064 3880 2123 3923 ut
2142 3872 2441 3942 e‘pse'pote‘us
2467 3868 2689 3922 dicendi
2711 3871 2827 3922 sint
2847 3885 2922 3921 ex
2950 3868 3057 3920 illis
3069 3865 3317 3939 pendere
3331 3904 3351 3932 ,
3382 3869 3437 3917 in
3469 3867 3588 3937 qui-

2068 3954 2165 4011 bus
2187 3974 2340 4029 spem
2359 3974 2652 4030 prosper-02²
2675 3955 3015 4011 valetudinis
3031 3950 3396 4023 autforeunoe
3425 3952 3587 4005 collo-

2063 4054 2189 4098 cent
2213 4062 2229 4095 :
2259 4041 2381 4098 sive
2397 4081 2411 4109 ,
2439 4047 2571 4115 quia
2597 4061 2749 4116 spem
2780 4044 2973 4097 salutis
2993 4045 3048 4095 in
3078 4045 3144 4096 iis
3169 4038 3418 4096 habeant
3440 4059 3589 4114 repo-

2061 4135 2244 4185 sitam.
2285 4133 2373 4186 De
2418 4126 2726 4208 περιάπτοις
2770 4140 2965 4185 autem
2991 4170 3008 4199 ,
3060 4146 3309 4205 quorum
3361 4125 3586 4184 virtutis

2065 4216 2265 4293 opinio
2289 4214 2626 4274 Christianae
2646 4233 2882 4291 quoque
2906 4213 3095 4293 plebis
3125 4212 3331 4270 animis
3358 4212 3470 4269 alte
3503 4214 3586 4269 in-

2062 4305 2333 4375 haeserat,
2362 4302 2500 4379 quid
2542 4304 2869 4361 censuerint
2897 4306 3093 4360 Patres
3113 4345 3128 4373 ,
3171 4313 3471 4381 exponunt
3514 4303 3586 4360 Is.

2064 4392 2308 4451 Casaub.
2331 4390 2402 4449 ad
2421 4391 2704 4469 Spartian.
2728 4390 3003 4448 Caracall.
3020 4410 3077 4468 p.
3112 4392 3241 4455 131,
3267 4388 3581 4447 Lindenbr.

2064 4481 2135 4539 ad
2152 4491 2335 4539 Amm.
2361 4479 2617 4537 Marcell.
2655 4499 2744 4553 19,
2775 4498 2831 4556 p.
2857 4477 2991 4549 251,
3011 4482 3130 4536 Jac.
3159 4475 3495 4534 Gothofred.
3519 4474 3587 4536 ad

2064 4575 2129 4630 L.
2176 4571 2208 4627 3
2251 4573 2314 4627 C.
2354 4568 2462 4625 Th.
2505 4566 2577 4624 de
2627 4566 2765 4624 Mal.
2811 4577 2870 4623 et
2915 4565 3195 4623 Mathem.
3249 4567 3313 4621 ln
3339 4565 3580 4623 Constit.

2061 4664 2265 4739 Apost.
2293 4656 2349 4729 8,
2374 4656 2467 4724 32,
2496 4668 2724 4712 cautum
2749 4665 2855 4727 est,
2877 4674 2990 4731 qua
3014 4652 3345 4710 conditione
3365 4651 3587 4733 περιάμ-

2063 4767 2208 4824 ματα
2235 4745 2434 4817 ποιῶν,
2472 4741 2710 4820 ejusque
2752 4742 2950 4800 farinae
2993 4741 3090 4799 alii
3116 4740 3187 4798 ad
3234 4738 3582 4817 baptismum

2062 4833 2289 4892 admitti
2323 4832 2591 4890 debeant.
2633 4828 2997 4910 Περιάμματα
3033 4848 3174 4886 vero
3214 4839 3380 4898 sunt,
3432 4839 3497 4883 ut
3525 4826 3582 4883 in

2062 4922 2275 4982 Lexico
2299 4922 2480 4979 veteri
2508 4924 2613 4977 Ms.
2655 4939 2748 4998 ap.
2785 4922 3043 4995 Ducang.
3079 4916 3440 4996 explicantur
3464 4958 3481 4987 ‚
3522 4914 3582 4978 τὰ

2061 5008 2197 5070 κατὰ
2219 5007 2335 5078 τοὺς
2369 5005 2693 5090 τραχήλους,
2724 5008 2813 5065 καὶ
2842 5003 2931 5071 τὰς
2972 5012 3181 5090 χεῖρας,
3212 5001 3302 5062 καὶ
3339 4999 3456 5068 τοὺς
3488 5005 3581 5070 πό-
