3859 5725
1780 278 2032 340 PLUTI.
3379 289 3493 341 559

343 423 698 510 ιίπιφίρομιν
738 421 885 482 dixit
918 419 1259 489 scholiasta,
1300 435 1415 475 non
1448 412 1747 491 ἐποίσομεν,
1776 409 1877 489 qui
1969 410 2197 471 Suidas.
2223 408 2528 492 δυσιργήτῳ
2559 411 2783 470 Suidas.
2832 411 3064 492 δυσριγεῑ
3093 411 3245 485 Α1ι1.,
3290 432 3498 471 corru-

342 519 628 600 κρεμῶμεν
676 533 786 591 pro
837 509 1153 569 indicativo
1206 503 1509 585 praesentis
1561 500 1819 560 haberet.
1852 525 1877 550 u

341 608 526 665 Dum.
553 625 638 662 σοι
661 622 775 661 om.
797 606 867 658 V.
883 602 912 657 6
932 596 988 658 δὲ
1006 601 1204 656 om.R.
1225 598 1290 651 V.
1308 634 1387 650 ...-
1413 594 1511 659 34.
1529 589 1636 650 Illa
1659 589 1877 670 ἐρινεοῦ,

341 712 515 771 quem
580 687 1004 769 vespertilionis
1063 684 1127 742 in
1188 680 1424 742 modum
1489 679 1878 757 adglutinatus

341 783 563 857 ‘Ulyxes
589 773 1091 855 adprehenderat,
1116 767 1289 850 ἑποχὴ
1318 780 1508 830 sumta
1548 780 1637 828 est
1663 785 1738 825 ex
1764 763 1874 824 Od.

342 873 420 941 Μ,
443 869 577 937 432.
605 864 912 927 Melanthii
942 859 1365 926 meritissimam
1394 875 1622 936 poenam
1663 854 1739 912 ad
1770 872 1877 912 oo-

343 959 601 1017 lumnam
633 952 894 1033 suspensi
921 950 1196 1029 graphice
1220 946 1527 1025 descripsit
1562 956 1735 1024 poeta
1764 940 1876 1001 Od.

340 1048 422 1118 X,
454 1043 584 1117 175,
627 1043 758 1120 193·
784 1043 1010 1100 Husr.
1036 1041 1129 1095 τοῦ
1150 1036 1412 1094 additum
1443 1053 1517 1092 ex
1561 1036 1629 1091 V.
1658 1043 1718 1089 et
1735 1034 1877 1105 neg.

346 1137 618 1193 Ceterum
651 1131 713 1189 in
745 1135 817 1187 V.
849 1146 1023 1205 supra
1056 1136 1193 1206 post
1236 1122 1503 1186 scholion
1530 1141 1590 1180 v.
1623 1120 1737 1180 302
1780 1117 1879 1176 ad-

310 1215 319 1222 ’
345 1221 560 1298 scripta
588 1238 718 1296 quae
737 1218 851 1276 huc
880 1215 1175 1295 pertinent
1202 1209 1318 1271 δέον
1358 1209 1493 1289 (δίον
1521 1227 1636 1268 om.
1673 1206 1771 1285 G.)
1799 1205 1880 1263 εί-

343 1315 460 1365 πεῑν
489 1304 547 1365 τὸ
582 1305 720 1387 ξίφος
746 1301 1181 1368 ἐπανατείναντες
1212 1296 1395 1380 ὥσπερ
1425 1303 1455 1359 ὁ
1479 1292 1771 1359 Ὀδυσσεὺς
1810 1295 1879 1374 τῇ

346 1391 633 1476 Κίρκῃ.-
654 1393 730 1450 35
781 1388 1009 1468 στόματι
1054 1389 1235 1450 Paris.
1257 1418 1336 1433 -
1356 1388 1431 1450 38
1464 1405 1551 1464 sq.
1589 1382 1880 1465 Ὥσπερ-

347 1481 604 1541 ἀνέτεινεν
635 1479 813 1539 hahet
843 1481 916 1540 Θ.

427 1572 567 1649 313,
594 1571 770 1638 41-53
809 1570 892 1627 sic
944 1569 1005 1630 in
1041 1571 1135 1640 V.‚
1174 1564 1333 1645 μίνθη
1370 1564 1562 1647 κυρίως
1592 1567 1621 1624 6
1655 1560 1880 1644 τράγος,

347 1659 790 1740 καταχρηστικῶς
822 1653 879 1715 δὲ
908 1659 944 1727 ἡ
976 1653 1253 1737 ἀνθρώπου
1281 1652 1474 1735 κόπρος
1489 1698 1507 1727 ,
1540 1643 1883 1732 ᾔὲκέχρηντο

348 1742 917 1826 -πταρμ.ᾤ.Ἄλλως.
944 1742 1105 1820 μίνθη
1125 1745 1161 1813 ἡ
1191 1739 1384 1823 κόπρος
1410 1744 1517 1802 τῶν
1541 1741 1705 1817 αἰγῶν
1729 1735 1880 1816 λέγε·

349 1860 458 1895 ται.
488 1831 1115 1904 ἐπειδὰν-ᾅηδίζονται.
1140 1825 1369 1893 Ἄλλως.
1400 1830 1450 1886 οἱ
1479 1825 1574 1905 μὲν
1597 1828 1687 1887 τὸν
1718 1825 1883 1897 ἡδύο-

349 1925 620 2002 σμον-οῖ
666 1917 871 2003 τράγοι.
910 1951 983 1964 --
1018 1928 1084 1987 41
1119 1917 1208 1976 τὸν
1246 1915 1533 1993 ἡδύοσμον.
1582 1917 1885 1976 Dioscori-

351 2011 453 2070 des
484 2015 538 2083 3,
573 2021 642 2082 41
671 2031 688 2070 t
714 2007 1006 2086 ἡδύοσμος,
1029 2008 1079 2066 οἱ
1103 2003 1160 2064 δὲ
1176 2001 1389 2085 μίνρην,
1420 2002 1686 2086 γνώριμον
1720 2002 1886 2084 βοτά-

348 2120 486 2156 νιον·
517 2112 574 2155 et
602 2096 813 2158 suidas
855 2095 915 2152 in
960 2092 1158 2166 Μίνθη.
1198 2090 1351 2151 Alibi
1394 2106 1665 2152 neutrum
1706 2107 1886 2171 genus

353 2179 688 2246 scholiastes
734 2181 1069 2262 posuit2ad
1112 2186 1259 2242 Rau.
1311 2178 1697 2253 ιοῚΒεΜίνθη
1733 2179 1787 2239 δὲ
1826 2180 1887 2239 τὸ

351 2273 476 2353 παρ’
504 2278 634 2350 ἡμῖν
665 2268 934 2346 ἡδύοσμον
953 2291 966 2305 ·
991 2270 1039 2326 οἱ
1069 2264 1128 2327 δὲ
1152 2266 1243 2326 τὸν
1279 2267 1462 2348 θύμον,
1492 2264 1529 2339 ἢ
1567 2266 1762 2348 κόπρον
1797 2272 1888 2327 αἰ-

350 2359 756 2439 γῶν.”Ηε·ε)ὀῑι.
780 2378 793 2412 :
822 2354 1029 2430 Μίνθα,
1062 2355 1123 2415 τὸ
1147 2351 1436 2432 ἡδύοσμον,
1463 2353 1557 2414 καὶ
1588 2355 1889 2436 ἀνθρωπεία

352 2450 564 2529 κόπρος.
600 2446 765 2505 Idem
792 2467 806 2502 :
837 2441 1090 2517 Ψώῖζος,
1114 2439 1302 2523 ἄφοδος
1320 2440 1475 2523 ὑγρὰ,
1493 2442 1530 2516 ἢ
1550 2441 1727 2518 ὄνθος,
1757 2444 1887 2504 δυσ-

350 2536 505 2612 ωδία,
557 2533 737 2606 καΓῆν
771 2534 994 2592 καλοῦσι
1018 2530 1229 2609 μίνθαν·
1260 2534 1311 2590 οἱ
1349 2530 1407 2590 δὲ
1443 2531 1674 2612 αὐχμὸν,
1708 2530 1745 2604 ἢ
1787 2532 1889 2611 μό-

350 2625 547 2701 λυσμα·
566 2622 898 2681 sanavimus
913 2618 1189 2678 affectum
1206 2619 1397 2677 locum
1416 2631 1475 2677 et
1513 2620 1661 2678 male
1694 2633 1887 2680 tenta-

354 2725 494 2771 tum.
516 2719 624 2790 Ap.
642 2710 1055 2789 Etymologum
1078 2706 1281 2767 itidem
1296 2708 1357 2765 in
1374 2705 1550 2780 Μίνθη
1565 2728 1676 2787 pro
1703 2707 1889 2790 μίθρον

354 2801 565 2858 rectius
580 2812 669 2859 est
698 2797 899 2877 μίνθον.
918 2795 1154 2877 Κωμικὴ
1168 2792 1307 2866 λέξις
1341 2808 1428 2854 est
1455 2796 1604 2856 liber
1635 2798 1889 2856 comico-

356 2908 484 2947 rum
520 2887 809 2948 vocabula
845 2885 1184 2964 complexus
1217 2898 1276 2944 et
1325 2884 1639 2945 declarans.
1688 2887 1889 2945 Schol.

353 2977 623 3055 Apollou.
641 2978 753 3035 Rh.
776 2985 806 3044 4
827 3020 845 3049 ,
867 2974 1010 3051 973,
1033 2974 1104 3032 de
1120 2972 1416 3032 orichalco
1439 2994 1617 3051 quum
1635 2974 1891 3033 diversas

352 3075 617 3122 veterum
649 3064 959 3141 opiniones
991 3061 1382 3140 exposuisset,
1405 3061 1607 3120 addit:
1629 3059 1793 3128 οὕτως
1824 3053 1889 3135 ἦν

336 3139 408 3217 ’,ἐν
447 3152 514 3229 τῇ
557 3152 774 3228 κωμικῇ
814 3146 952 3216 λέξει
991 3153 1058 3228 τῇ
1106 3148 1391 3228 συμμίκτῳ
1417 3171 1431 3184 ·
1484 3167 1675 3227 neque
1731 3150 1889 3209 aliud

352 3238 629 3296 existimo
651 3234 714 3295 τὸ
740 3233 977 3313 κωμικὸν
999 3236 1223 3311 λεξικὸν,
1252 3236 1417 3314 cujus
1449 3236 1603 3296 idem
1642 3241 1889 3298 mentio-

353 3348 486 3390 nem
535 3328 672 3386 secit
720 3329 790 3386 ad
836 3349 893 3384 v.
939 3329 1109 3397 1611..
1159 3334 1467 3386 Auctorem
1527 3328 1890 3388 Palamedem

358 3417 733 3494 Etymologus
760 3415 982 3474 indicat
1001 3436 1061 3494 p.
1100 3415 1234 3488 145,
1263 3423 1336 3485 44
1358 3437 1372 3473 ι
1399 3415 1738 3494 Παλαμήδης
1761 3420 1895 3476 ἱστο-

359 3506 500 3588 ρικὸς
531 3506 561 3564 6
598 3503 698 3577 τὴν
728 3502 974 3583 κωμικὴν
1014 3500 1153 3573 λέξιν
1192 3500 1531 3583 συναγαγών·
1569 3504 1667 3562 ubi
1711 3506 1894 3565 miror

355 3596 698 3655 historicum
740 3594 959 3666 vocari,
986 3592 1086 3670 qui
1133 3593 1309 3652 fuerit
1341 3595 1772 3670 grammaticus,
1802 3616 1894 3654 eo·

251 3697 255 3700 ’
356 3706 470 3764 quc
497 3682 668 3742 titulo
687 3683 946 3761 signetur
975 3702 1009 3739 a
1065 3681 1275 3740 suida:
1300 3681 1670 3761 Παλαμήδης,
1696 3680 1893 3743 Ἐλεά-

353 3796 449 3843 της
464 3817 480 3846 ,
506 3768 893 3852 γραμματικός.
918 3766 1165 3848 κωμικὴν
1189 3768 1280 3828 καὶ
1311 3769 1568 3851 τραγικὴν
1595 3768 1758 3857 λέξιν,
1781 3778 1889 3831 etc.

353 3860 660 3937 Temporis
688 3878 806 3935 quo
823 3858 973 3916 vixit
990 3858 1271 3916 indicium
1294 3859 1578 3917 Athenaeo
1596 3857 1892 3934 debemus,

360 3973 394 4012 a
416 3967 534 4024 quo
568 3946 1049 4025 Dipnosophistis
1088 3946 1503 4007 adnumeratur
1526 3951 1554 4008 6
1587 3947 1893 4016 Ἐλεατικὸς

355 4033 693 4113 Παλαμήδης
711 4032 1094 4112 ὀνοματολόγος
1124 4055 1220 4109 ιο,
1246 4055 1303 4113 p.
1336 4040 1410 4112 39
1420 4057 1473 4109 7,
1493 4041 1563 4094 A.
1587 4037 1748 4095 Idem
1769 4039 1893 4097 siue

353 4123 535 4183 dubio
587 4123 939 4196 Palamedes,
981 4122 1072 4200 cuj
1083 4144 1148 4182 us
1205 4126 1558 4184 auctoritate
1601 4126 1660 4182 in
1697 4126 1892 4186 verbis

355 4211 792 4270 obscurioribus
863 4210 1221 4288 explicandis
1273 4223 1518 4270 utuntur
1573 4214 1893 4274 scholiastae

276 4371 293 4387 ο
346 4299 621 4377 Apollon.
648 4300 761 4359 Rh.
795 4298 868 4356 ad
899 4319 949 4373 1,
979 4307 1124 4372 7043
1151 4303 1206 4372 3,
1233 4320 1380 4372 ¹073
1413 4307 1471 4372 4,
1498 4299 1669 4374 1563,
1693 4314 1751 4360 et
1784 4322 1894 4360 no-

163 4408 179 4420 ·
282 4462 289 4468 ι
354 4400 474 4446 ster
506 4388 578 4445 ad
609 4393 740 4446 Pac.
773 4401 830 4445 et
855 4391 1038 4467 Vesp.
1068 4404 1156 4446 ter
1174 4401 1470 4466 quaterve.
1490 4392 1716 4451 Hmr.
1743 4391 1893 4451 Vide

355 4476 690 4535 Boeckhium
726 4472 1064 4554 praefatione
1104 4476 1180 4535 ad
1211 4474 1393 4535 schol.
1425 4476 1653 4536 Pindar.
1683 4498 1739 4556 p.
1764 4499 1887 4539 xix.

355 4567 534 4622 Dum.
565 4567 780 4643 κωμικῇ
823 4561 971 4631 τάξει
1019 4567 1084 4621 V.
1113 4598 1191 4609 —-
1226 4566 1298 4632 43
1328 4561 1590 4647 φυόμενον
1624 4569 1695 4627 V.
1730 4588 1891 4649 φερο-

356 4648 515 4727 μένου
548 4652 618 4711 Θ.
647 4684 725 4697 -
747 4660 819 4722 44
845 4647 881 4723 ἦ
914 4650 1008 4710 καὶ
1035 4649 1211 4717 ἄλλως
1246 4652 1376 4714 Ald.
1412 4646 1448 4724 ἦ
1474 4656 1569 4713 τοῦ
1592 4652 1786 4734 τράγου
1806 4652 1892 4714 κό-

354 4760 501 4817 προς.
519 4740 970 4821 παραχρηστικῶς
983 4783 1158 4799 .....
1186 4736 1486 4801 ἱτιειδᾶινῙὶ.
1509 4743 1888 4809 scribendum

355 4826 591 4885 videtur
636 4831 1089 4910 παραχρηστικῶς
1150 4826 1206 4888 δὲ
1255 4834 1290 4902 ἡ
1338 4830 1617 4911 ἀνθρώπου
1680 4830 1888 4914 κόπρος.

357 4918 539 4975 Dum.
566 4947 644 4962 —
667 4919 742 4985 45
770 4920 974 4999 ψυχμῷ
995 4924 1093 4994 V.‚
1140 4917 1241 4997 qui
1282 4921 1362 4978 50
1397 4940 1512 4979 om.
1534 4921 1609 4981 αἱ.
1628 4954 1710 4965 --
1739 4920 1812 4979 52
1841 4926 1889 4982 οἱ

1967 509 2132 574 ptum
2156 498 2403 557 fortasse
2428 515 2502 556 ex
2527 497 2783 579 δυσεργεῖ.
2813 501 3016 576 Caprae
3042 495 3295 580 δύσριγοι,
3316 499 3497 558 alsio-

1965 604 2064 658 σω,
2085 587 2362 645 dicuntur
2392 585 2466 644 ab
2492 586 2797 645 Aristotele
2830 598 2889 644 et
2923 587 2984 644 in
3017 591 3285 665 Geopon.
3323 590 3416 660 18,
3441 608 3500 665 9,

1969 675 2022 732 5.
2061 674 2287 734 Deinde
2327 674 2561 755 τράγων,
2582 678 2630 734 οἱ
2663 672 2718 732 δὲ
2757 678 2835 754 τῷ
2859 678 3087 756 πταρμῷ
3116 681 3186 735 V.
3225 676 3502 737 Scholion

1966 762 2077 820 hoc
2092 762 2358 839 pluribus
2376 763 2569 822 verbis
2588 782 2713 822 esse
2736 763 3023 823 defectum
3044 762 3312 823 censebat
3325 769 3504 823 Hem-

1965 850 2306 910 stoi-husius.
2349 852 2500 911 Mihi
2547 871 2622 912 ex
2675 853 2978 930 superiore
3036 854 3262 912 scholio
3308 855 3505 932 inepte

1967 951 2308 1017 excerptum
2365 939 2613 998 videtur.
2661 939 2814 998 Illud
2877 961 3114 1019 quoque
3170 941 3504 1014 absurdum,

1967 1028 2134 1106 quod
2159 1042 2384 1090 stercus
2418 1030 2736 1088 humanum
2761 1029 2942 1089 hircis
2971 1029 3236 1089 adhiberi
3274 1029 3503 1090 dicitur.

1968 1121 2148 1176 Dum.

2054 1207 2189 1276 314,
2221 1226 2326 1278 7-1
2341 1227 2365 1264 1
2379 1206 2478 1286 ‚sic
2496 1206 2556 1264 in
2577 1210 2666 1279 V.‚
2688 1204 3020 1288 Ἀρίστυλλος
3047 1204 3266 1286 αἰσχρὸς
3285 1205 3509 1281 ποιητὴς

1971 1291 2064 1351 καὶ
2094 1294 2150 1354 ἐν
2182 1302 2297 1362 ταῖς
2326 1293 2697 1376 μσυσουργίαις
2719 1291 2984 1374 κεχηνώς·
3011 1291 3046 1364 ἢ
3077 1296 3148 1360 ὡς
3173 1294 3359 1375 μοιχὸς
3385 1297 3508 1355 δια-

1972 1380 2228 1443 θάλλιται
2260 1384 2352 1444 καὶ
2386 1384 2474 1443 ἐπὶ
2520 1382 2791 1462 μαλακίᾳ,
2824 1380 3094 1464 μίμνηται
3132 1383 3189 1443 δὲ
3218 1387 3380 1444 αὐτοῦ
3415 1383 3507 1444 καὶ

1972 1471 2026 1529 ἐν
2049 1469 2556 1543 Ἐκκλησιαζούσαις
2574 1475 2647 1539 ὣς
2663 1472 2890 1552 αἰσχροῦ
2913 1470 3007 1531 καὶ
3034 1474 3406 1554 ἄρρητοποιοΐὶ.
3427 1505 3509 1517 -

1981 1579 2054 1618 ιο
2075 1561 2103 1618 6
2129 1556 2186 1617 δὲ
2214 1558 2544 1640 Ἀρίστυλλος
2564 1558 2783 1641 αἰσχρὸς
2802 1558 3026 1633 ποιητὴς
3045 1561 3218 1620 habet
3240 1567 3311 1620 lt.
3335 1594 3416 1605 —-
3441 1581 3464 1618 1
3478 1579 3511 1617 α

1974 1644 2057 1705 ὅτι
2092 1649 2164 1714 ὡς
2207 1651 2236 1707 6
2286 1647 2396 1731 Ἀρ.
2442 1653 2514 1709 R.
2568 1682 2651 1696 -—
2699 1668 2770 1707 12
2829 1646 3019 1708 ἔπεσθε
3052 1669 3169 1713 om.
3226 1655 3300 1708 V.
3348 1648 3512 1731 μητρὶ

1973 1744 2148 1816 χοῖροι
2182 1750 2243 1797 et
2290 1739 2591 1815 sequentia
2644 1757 2758 1797 om.
2788 1744 2859 1800 V.
2895 1740 2990 1813 9.,
3035 1740 3140 1817 qui
3171 1759 3288 1797 om.
3337 1740 3509 1798 etiam

1974 1825 2244 1884 scholion
2272 1847 2326 1883 v.
2355 1828 2486 1885 316.

2057 1915 2171 1986 317
2210 1915 2330 1975 ἀλλ’
2355 1913 2686 1974 &tivum-(ov
2713 1919 2785 1974 lt.
2815 1920 2885 1975 V.

2058 2004 2168 2061 321
2194 2008 2261 2062 V.
2287 2004 2412 2062 limo
2443 2015 2667 2062 tantum
2703 2003 2901 2076 habet,
2928 2001 3046 2063 ἀντὶ
3075 2007 3169 2061 τοῦ
3207 2002 3274 2062 δι’
3314 2002 3516 2084 ἡμέρας

1976 2088 2116 2149 οὕτω
2145 2089 2366 2170 κάμνειν
2397 2090 2604 2149 ἐσθίων.
2648 2088 2841 2168 μασάω
2878 2093 3070 2168 μασσῶ
3099 2089 3174 2149 δέ.
3195 2125 3279 2140 -
3306 2092 3380 2162 34
3426 2110 3513 2168 sq.

1978 2175 2602 2255 μασσῶ-μασσώμενος
2627 2181 2703 2245 ὥς
2721 2177 2990 2257 κλώμενος
3018 2179 3145 2239 Ald.
3162 2180 3327 2251 -37
3357 2181 3514 2260 τῷ-

1980 2264 2228 2337 διήσιται
2269 2265 2489 2326 habent
2530 2267 2706 2326 etiam
2731 2270 2872 2346 Beg.
2889 2268 3060 2342 ete„
3079 2268 3142 2326 in
3164 2287 3285 2345 quo
3307 2267 3517 2346 legitur

1981 2351 2236 2425 δεήσειεν.

2063 2443 2208 2515 322,
2235 2442 2422 2511 38-41
2460 2440 2889 2523 Κορωνὶς-δρῶ
2931 2462 3052 2501 om.
3093 2442 3266 2501 etiam
3288 2443 3360 2503 Θ.
3406 2447 3515 2502 Se-

1978 2532 2216 2608 quentia
2267 2531 2329 2588 in
2359 2533 2427 2589 V.
2479 2530 2596 2588 hoc
2642 2530 2877 2603 ordine,
2916 2529 3038 2612 περὶ
3080 2528 3515 2611 τοῦ-Ἀχαιούς.

1978 2616 2202 2683 Ἄλλως.
2253 2621 2283 2677 ὁ
2338 2616 3018 2700 Χρεμύλος-καινότερον.
3055 2649 3134 2665 -
3187 2629 3218 2688 4
3233 2641 3255 2677 1
3303 2620 3404 2701 Χρ.
3445 2621 3518 2684 ὡς

1979 2704 2072 2766 καὶ
2103 2705 2348 2777 ξενισθεὶς
2370 2708 2443 2766 Θ.
2471 2741 2552 2756 -
2574 2714 2650 2774 42
2695 2704 2793 2777 τὴν
2838 2705 3196 2786 προσηγορίαν
3245 2713 3314 2766 V.
3335 2740 3415 2754 —
3438 2708 3516 2776 45

1978 2802 2073 2857 τοῦ
2103 2819 2163 2856 τι
2192 2801 2499 2856 Kusterus.
2527 2798 2624 2854 τοῦ
2641 2800 2711 2852 V.
2734 2798 2890 2854 τοῦτο
2924 2795 2996 2854 Θ.
3018 2794 3243 2853 Ald.—
3266 2797 3341 2864 46
3363 2797 3514 2854 Dio-

1980 2889 2182 2965 nysius
2195 2888 2291 2946 ille
2304 2888 2436 2965 quis
2457 2888 2653 2960 fuerit,
2668 2889 2819 2945 inter
2838 2900 2926 2945 tot
2944 2887 3259 2964 Dionysius
3271 2907 3306 2947 a
3321 2893 3523 2947 Meur-

1979 2978 2089 3046 sin,
2119 2977 2329 3034 vossio
2347 2988 2408 3035 et
2433 2980 2527 3037 Jo.
2551 2975 2755 3035 Jonsio
2777 2980 2866 3033 De
2892 2975 3115 3052 scriptt.
3145 2979 3214 3033 H.
3243 2976 3346 3034 Ph.
3391 2978 3449 3047 3,
3481 2978 3518 3034 8

1982 3063 2315 3134 recensitos,
2340 3063 2578 3122 definire
2604 3082 2726 3121 non
2763 3074 2851 3121 est
2883 3082 3149 3141 pronum.
3180 3065 3404 3120 Heusr.
3439 3095 3521 3109 -—

1984 3161 2056 3223 47
2083 3151 2219 3210 vide
2243 3153 2447 3211 Thom.
2475 3156 2557 3209 M.
2577 3171 2634 3209 ν.
2657 3150 2896 3231 Χαίρειν,
2920 3156 3141 3229 Menag.
3167 3150 3240 3209 ad
3271 3153 3518 3230 Diogen.

1981 3245 2170 3299 Laert.
2198 3241 2255 3313 3,
2283 3241 2383 3297 61.
2409 3245 2588 3299 Kusr.
2618 3238 2747 3299 αὒτὸ
2775 3260 2892 3298 om.
2922 3245 2993 3299 V.
3026 3241 3096 3300 Θ.
3123 3245 3383 3318 Uterque
3411 3241 3522 3299 deu·

1982 3327 2117 3386 inde
2146 3325 2436 3408 γράφοντος
2467 3325 2525 3385 δὲ
2577 3328 2738 3385 αὐτοῦ
2765 3326 2895 3407 πρὸς
2919 3326 3029 3387 Ἀθ-
3080 3326 3286 3395 ἑλόντος
3311 3326 3434 3395 τοὺς
3462 3330 3519 3388 ἐν

1983 3416 2078 3487 Σ.,
2095 3425 2154 3472 et
2176 3423 2251 3490 49
2266 3418 2296 3472 6
2325 3412 2512 3473 Κλέων
2535 3412 2843 3486 Ἀθηναίοις.
2868 3447 2947 3461 -
2970 3416 3047 3472 5ο
3067 3414 3189 3497 περὶ
3209 3414 3308 3487 τὴν
3329 3416 3522 3476 σύντα-

1984 3502 2058 3572 ξιν
2084 3499 2399 3562 ἀσύστατον.
2428 3504 2702 3582 Disputat
2749 3504 3104 3577 scholiastes,
3134 3517 3201 3562 ut
3245 3507 3519 3584 Apollon.

1982 3590 2150 3650 Alex.
2177 3591 2233 3662 3,
2264 3610 2325 3667 p.
2358 3592 2497 3665 231,
2528 3591 2601 3650 de
2621 3611 2730 3651 usu
2752 3592 3021 3651 infinitivi
3049 3589 3255 3673 χαίρειν
3304 3595 3365 3651 in
3411 3595 3520 3652 hac

1982 3679 2280 3759 epistolari
2309 3680 2586 3755 formula,
2610 3682 2702 3758 cuj
2712 3701 2779 3739 us
2805 3682 3090 3739 rationem
3103 3693 3412 3741 structurae
3432 3683 3522 3741 le-

1982 3771 2197 3847 gitimae
2241 3789 2564 3848 repugnare
2611 3782 2828 3843 monet,
2873 3771 2985 3829 nisi
3018 3771 3149 3848 quis
3188 3772 3521 3849 imperativi

1983 3858 2111 3919 vice
2129 3860 2440 3919 Homerico
2468 3878 2632 3917 more
2667 3859 2920 3937 positum
2951 3858 3214 3936 accipiat.
3234 3859 3522 3918 Videntur

1986 3960 2175 4006 tamen
2203 3969 2241 4007 e
2280 3946 2516 4006 duobus
2559 3946 2730 4005 codd.
2767 3947 2830 4005 in
2867 3966 3046 4005 unum
3092 3946 3354 4005 conflatas
3397 3966 3523 4007 esse

1981 4035 2133 4096 binae
2159 4036 2450 4097 sententiae
2473 4035 2678 4095 similis
2700 4035 2947 4114 periodi,
2978 4054 3222 4114 quarum
3247 4036 3521 4096 alterutra

1984 4126 2174 4185 fuerat
2191 4123 2510 4185 omittenda
2529 4125 2685 4183 hunc
2707 4126 2769 4182 in
2794 4124 3031 4183 modum
3056 4142 3072 4179 t
3098 4121 3241 4201 λέγει
3257 4121 3316 4181 δὲ
3342 4124 3518 4201 (Dio-

1982 4212 2207 4292 nysius)
2228 4212 2358 4273 αὗτὸ
2380 4216 2587 4272 κεῖσθαι
2603 4209 2975 4292 *tcaput-evaei
2996 4209 3136 4270 κατὰ
3157 4209 3255 4283 τὴν
3276 4211 3518 4282 σύνταξιν

1982 4300 2294 4363 ἀσύστατον.
2320 4299 2464 4379 siga-05
2488 4323 2568 4367 τις
2589 4299 2720 4360 αὐτὸ
2744 4300 2902 4360 λόὸοι
2923 4312 3063 4374 eto„
3090 4301 3183 4358 vel
3201 4343 3217 4371 ,
3252 4302 3312 4359 ἐκ
3343 4298 3396 4358 δὲ
3424 4305 3520 4373 τῆς

1981 4386 2271 4457 συντάξεως
2291 4393 2386 4447 τοῦ
2411 4387 2571 4467 λόγου
2600 4385 2761 4469 φησὶν
2797 4387 3158 4467 (Dionysius)
3197 4387 3515 4463 ἀσύστατον,

1982 4481 2027 4539 εἰ
2049 4478 2125 4558 μὴ
2152 4494 2259 4539 etc.
2291 4484 2518 4541 Rus-r.
2549 4484 2690 4539 Post
2728 4478 3026 4539 ἀσύστατον
3062 4483 3132 4537 V.
3168 4479 3330 4542 addit
3360 4482 3421 4540 οὔ
3461 4480 3518 4540 δὲ

1978 4567 2223 4650 περιττὸν
2266 4570 2340 4635 ὡς
2385 4567 2730 4647 εἰσκιίμενον.
2754 4600 2833 4615 --
2863 4571 2938 4626 52
2968 4567 3084 4628 ἀντὶ
3127 4589 3242 4629 om.
3283 4571 3378 4643 6.,
3412 4571 3517 4648 qui

1977 4659 2366 4738 προστακπυιὸν
2418 4658 2491 4717 Θ.
2512 4695 2593 4709 -
2623 4679 2646 4716 1
2698 4655 2941 4738 ἔμφαίνιι
2985 4662 3169 4717 Dorv.
3229 4691 3308 4703 —
3351 4666 3385 4727 4
3442 4656 3517 4717 ὢν

1978 4746 2158 4805 Puris.
2187 4749 2331 4822 Reg.
2371 4736 2440 4819 ἦν
2461 4749 2494 4803 J
2502 4757 2621 4803 unt.
2649 4745 2815 4805 Idem
2843 4749 2984 4823 Reg.
3007 4742 3199 4828 τούτῳ,
3220 4759 3289 4804 ut
3315 4747 3515 4825 legen-

1978 4834 2118 4891 dum
2142 4844 2244 4891 est.

2059 4923 2196 4989 321..
2227 4921 2413 4989 14-16
2439 4942 2559 4980 om.
2580 4925 2653 4979 G.
2677 4919 2805 5003 παρ’
2830 4918 3108 4980 ὑπόνοιαν·
3131 4918 3291 4979 εἰπὼν
3310 4917 3411 5003 γὰρ
3436 4919 3514 4999 μή

356 4996 771 5063 &Roma—53
788 5002 1075 5084 ἱκέχρηντο
1097 5003 1481 5089 περιτρίὸοντες
1491 5011 1555 5064 V.
1577 5006 1886 5085 vulgatum
1941 5010 1942 5015 ’
1975 5008 2384 5091 προσαγοριύειν
2409 5008 2703 5078 ἀσπάζεται
2727 5026 2837 5087 pro
2867 5009 2958 5067 his
2986 5009 3154 5088 ponit
3180 5012 3248 5068 V.

357 5086 538 5149 habet
560 5091 766 5150 suidas
794 5112 840 5155 8.
860 5091 1230 5172 Μινθώσομεν.
1250 5127 1325 5140 -
1345 5094 1417 5167 54
1446 5090 1502 5157 iv
1527 5114 1647 5159 om.
1672 5096 1800 5161 Ald.
1830 5110 1888 5157 et

2062 5098 2200 5172 325,
2223 5100 2391 5159 18-22
2422 5099 2507 5158 sic
2541 5099 2604 5159 in
2630 5102 2722 5171 V.‚
2757 5094 2892 5176 μιτὸι
2916 5095 3113 5167 τάξεως
3137 5095 3228 5156 καὶ
3253 5098 3515 5169 σπουδῆς,
