3859 5725
453 209 563 260 4⁴4

447 328 584 400 ττι-ἦν
609 329 820 409 τέφραν.
843 365 905 378 -
932 331 966 388 5
993 330 1152 389 addit
1175 331 1239 390 V.
1277 331 1359 390 ὅτι
1385 332 1477 391 καὶ
1499 333 1872 414 παρετίλλοντο
1894 336 1990 396 τέ-

445 439 577 495 φραν
619 419 792 483 αὗτοῖς
836 419 1303 501 ἑπιπραττομένοις
1342 422 1490 500 (scr.
1536 420 1982 503 ἐπιπαττόμενοι)

446 504 519 569 εἷς
542 503 629 561 τὀν
656 504 920 585 πρωκτόν.

527 612 548 647 ι
563 592 675 660 084
695 597 763 651 R.
781 592 903 650 haec
921 607 1140 653 tantum
1156 594 1332 655 habet
1345 601 1436 654 τοῦ
1451 585 1582 654 εἶναι
1600 596 1975 677 εὐρύπρωκτος.

556 689 709 762 085,
750 711 838 763 ιι,
890 711 976 768 sq.
1019 690 1081 749 τὸ
1123 689 1301 767 μέντοι
1332 691 1553 770 ἕὸδομον
1583 696 1672 754 καὶ
1706 694 1979 754 ἑνδέκατον

442 773 696 857 τρίμετρα
720 776 806 835 καὶ
829 776 891 836 τὸ
916 779 1131 837 δέκατον
1150 780 1534 862 πενθημιμερὲς
1561 783 1690 841 Ald.
1714 785 1980 842 Correxit

446 866 824 923 Hei-mannus.
853 871 1137 926 Octavum
1165 888 1391 926 versum
1422 868 1566 926 dicit
1597 867 1686 927 καὶ
1723 871 1824 927 τῶν
1852 872 1980 926 θεα-

441 953 546 1007 τῶν
571 949 809 1032 ὁπότεροι
835 951 1043 1019 πλείους
1081 952 1298 1027 σκόπει,
1334 956 1702 1014 undecimum
1736 955 1829 1013 καὶ
1857 977 1979 1012 του-

441 1038 552 1099 τονὶ
589 1046 713 1118 γοῦν
747 1033 846 1100 οἶδ’
872 1042 976 1121 ἐγὼ
1015 1045 1279 1103 κάκεινονί
1294 1090 1311 1118 ,
1355 1046 1643 1104 decimum
1672 1044 1792 1113 τοὺς
1821 1048 1978 1127 εὐρυ-

442 1126 726 1207 πρώκτους.
762 1135 902 1189 Nam
936 1133 1018 1189 sic
1053 1153 1251 1190 versus
1280 1148 1412 1191 sunt
1449 1135 1720 1213 descripti
1755 1136 1814 1192 in
1851 1136 1975 1194 Ald.

522 1218 697 1289 1087,
719 1220 791 1299 εξ
821 1221 893 1284 εἰς
922 1224 1077 1278 τοῦτο
1103 1241 1216 1278 om.
1238 1225 1304 1278 V.
1332 1221 1502 1279 λείπει
1529 1227 1563 1293 ἡ
1593 1225 1691 1291 είς,
1731 1220 1817 1282 ἵνα
1840 1214 1876 1302 ᾖ
1906 1226 1979 1291 εἷς

441 1308 609 1361 τοῦτο.
668 1302 760 1362 δύο
800 1306 1095 1386 προθέσεων
1139 1308 1390 1386 έλλείψεις
1433 1310 1550 1368 ἀντὶ
1589 1314 1682 1369 τοῦ
1722 1315 1793 1375 εἰς
1822 1315 1976 1368 τοῦτο

440 1395 653 1468 νικηθῇς
689 1392 778 1451 ὑπ’
814 1394 971 1469 ἐμοῦ,
1009 1393 1091 1453 ὅτι
1117 1396 1213 1454 οὔκ
1257 1394 1370 1454 ἔστι
1407 1394 1569 1454 κακὸν
1615 1396 1976 1479 εὖρύπρωκτον

443 1469 572 1540 εἶναι
603 1484 737 1541 Ald.
763 1487 976 1560 νικηθῇς
995 1484 1113 1561 ἐμοὶ
1142 1491 1231 1562 R„
1281 1485 1387 1565 εὗρ.
1417 1475 1549 1544 εἶναι
1576 1490 1645 1544 R.

523 1590 666 1646 ¹⁰9¹
684 1615 702 1644 ‚
732 1580 803 1638 210
832 1570 1013 1643 ἐπειδὴ
1033 1618 1050 1645 ,
1077 1570 1153 1629 25
1178 1570 1271 1630 καὶ
1295 1571 1381 1630 διὰ
1401 1592 1543 1630 ποικ.
1569 1578 1635 1630 V.

522 1660 777 1733 1103,29
796 1657 953 1739 φησὶν
991 1660 1343 1717 om.R..-31
1374 1657 1623 1738 ἄχθεσθαι
1644 1657 1737 1718 σὺν
1754 1660 1974 1740 αὗτῷἾ.

529 1765 549 1801 ι
570 1765 674 1817 ¹07
706 1743 808 1826 γὰρ
847 1744 1190 1825 κολαζόμενοι
1227 1744 1562 1804 παιδεύονται
1592 1752 1661 1804 V.
1704 1751 1976 1806 Ceterum

441 1831 630 1901 κόλαζε
648 1879 663 1907 ,
710 1854 824 1892 non
870 1835 1082 1893 δίδασκε
1125 1834 1332 1892 lemma
1377 1835 1790 1913 praefigendum
1836 1849 1975 1894 erat.

528 1940 550 1976 1
570 1923 675 1978 108
697 1965 712 1990 ‚
755 1924 828 1991 45
870 1921 1088 1994 ὄξύνεις,
1113 1921 1178 1992 ἢν
1203 1920 1456 2000 εὔστομον
1486 1921 1722 1994 ποιήσεις
1769 1922 1893 1980 Ald.
1913 1960 1976 1972 -

443 2009 517 2075 46
549 2007 721 2090 φαμὲν
755 2013 848 2084 V.‚
890 2029 1003 2067 om.
1053 2010 1257 2068 Suidas
1301 2030 1343 2067 s.
1389 2007 1711 2090 Στομώσῃς,
1743 2030 1818 2068 ex
1858 2030 1978 2087 quo

441 2097 556 2153 ἀντι
576 2101 669 2154 τοῦ
693 2096 971 2155 additum.
992 2134 1056 2147 -
1077 2105 1147 2169 «¹⁸7
1172 2116 1295 2173 sqq.
1321 2100 1618 2177 μαχαιρῶν.
1641 2097 1702 2156 τὸ
1720 2096 1974 2178 ἡμέτερον

440 2208 507 2261 '²‘
514 2183 1603 2352 32‘.‡33‘.3;2?⁰3;.{2”.{‘{2.5ffl3?52
1615 2184 1977 2347 ἷιῖῖἶξρέᾆὲἷῗ

440 2356 833 2437 ὑποκοριστικὸν
876 2356 932 2414 δὲ
967 2356 1029 2416 τὸ
1052 2358 1300 2429 δικηδίοις
1323 2364 1391 2416 V.
1412 2401 1473 2411 -
1499 2367 1573 2435 49
1594 2371 1724 2436 post
1745 2359 1979 2426 δικιδίοις

439 2454 603 2512 addit
628 2456 696 2510 R.
723 2452 839 2512 ἀντὶ
863 2459 955 2511 τοῦ
982 2450 1204 2524 δυνατὴν
1233 2451 1323 2511 καὶ
1356 2452 1601 2535 ἔμπειρον
1630 2455 1702 2520 εἰς
1721 2452 1782 2511 τὸ
1803 2452 1975 2532 λέγειν

441 2540 605 2607 δίκας.

528 2648 552 2684 ι
570 2648 592 2684 ι
609 2647 631 2683 ι
650 2648 672 2684 ι
700 2625 952 2708 παρέλκει
993 2624 1052 2683 τὸ
1084 2625 1289 2704 ἀμέλει.
1316 2626 1526 2694 πάντως
1552 2626 1603 2686 δὲ
1636 2629 1755 2693 τοὺς
1780 2648 1977 2686 πεπαι-

442 2712 716 2793 δευμένους
737 2712 925 2783 δεξιοὺς
947 2711 1125 2792 ἔλεγον
1146 2720 1215 2773 V.

529 2823 588 2860 11
610 2804 710 2876 15,
758 2822 792 2860 a
810 2848 827 2877 ,
888 2801 949 2860 τὸ
997 2802 1267 2884 ἐπίρρημα
1319 2805 1414 2875 τῆς
1454 2802 1802 2887 παραδόσεως
1850 2806 1973 2870 Ald.

440 2895 731 2948 Postrema
798 2890 1008 2948 delevit
1082 2896 1465 2950 Hermannus.
1543 2929 1606 2942 —
1658 2914 1838 2951 10-12
1913 2895 1973 2953 in

439 2983 506 3036 V.
574 2989 661 3033 est
725 2975 842 3035 ἀντὶ
906 2976 1101 3044 εὐθείας
1153 2976 1418 3050 αἰτιατικὴ
1473 2979 1587 3038 ἀντὶ
1635 2985 1728 3039 τοῦ
1758 2983 1807 3039 οἱ
1860 3003 1973 3064 κρι-

436 3063 541 3124 ταί.
584 3062 857 3144 Ὅμηρος,
902 3063 1105 3145 μητέρα
1132 3063 1279 3135 δήτοι
1321 3065 1479 3144 θυμὸς
1520 3066 1819 3150 ἐποτρύνει,
1857 3070 1972 3128 ἀντὶ

436 3157 529 3210 τοῦ
553 3156 587 3222 ἡ
619 3150 811 3232 μήτηρ.
835 3188 900 3203 --
927 3172 995 3209 12
1020 3151 1137 3224 ἤτοι
1163 3157 1231 3211 Β.
1260 3173 1368 3230 pro
1393 3153 1444 3212 εἴ
1464 3156 1530 3213 οἳ.
1556 3157 1730 3235 Apud
1751 3161 1974 3218 nome-

440 3260 571 3299 rum
603 3253 690 3300 est
715 3242 1020 3320 ἐφορμᾶται.

525 3349 705 3406 ιιι9,
753 3347 942 3385 20-22
982 3340 1069 3386 cst
1105 3327 1445 3386 recentioris
1481 3333 1838 3406 grammatici
1870 3352 1971 3391 an-

438 3417 688 3486 notatio,
721 3435 891 3492 quem
912 3416 1115 3473 vitiosa
1135 3415 1362 3493 decepit
1383 3417 1667 3493 scriptura
1688 3417 1969 3493 τεκούσας,

437 3505 511 3562 de
560 3523 672 3581 qua
721 3502 782 3560 in
825 3503 1199 3560 annotatione
1240 3502 1310 3560 ad
1357 3502 1512 3560 hunc
1557 3523 1782 3563 versum
1829 3506 1966 3566 dixi.

438 3596 616 3648 Diuo.
640 3626 704 3638 -
729 3609 801 3646 aa
831 3590 970 3661 ἐστιν
1001 3589 1204 3667 εὐχερές
1227 3592 1427 3650 Aldina
1450 3617 1463 3651 ε
1490 3612 1619 3670 quae
1643 3594 1791 3653 infra
1815 3596 1872 3653 in
1901 3617 1968 3655 ea

439 3680 645 3757 pagina
663 3722 679 3751 ‚
723 3696 846 3755 quae
885 3697 935 3733 v.
989 3677 1284 3748 1381-141
1303 3700 1325 3736 ι
1377 3685 1467 3738 Br.
1523 3683 1803 3757 continet,
1852 3685 1966 3743 sra-

438 3778 733 3844 gmentum
754 3763 926 3821 babet
945 3763 1145 3821 scholii
1173 3766 1230 3823 in
1252 3769 1503 3844 vulgatis
1523 3767 1651 3825 edd.
1675 3771 1963 3830 omissum.

434 3857 502 3915 ld
535 3855 618 3912 sic
649 3855 928 3932 scriptum
958 3867 1043 3911 est
1068 3874 1082 3909 ε
1111 3855 1360 3922 τεκούσας
1388 3857 1479 3916 καὶ
1505 3857 1726 3938 φυλάξαι
1754 3861 1841 3919 ἐπὶ
1871 3866 1963 3934 τῆς

437 3943 771 4023 βλαστήσεως
815 3944 907 4013 τῆς
951 3939 1191 4017 ἀμπέλου
1213 3966 1226 3980 ·
1269 3943 1389 4002 λίαν
1430 3944 1531 4025 γάρ
1574 3947 1712 4004 ἐστιν
1759 3947 1964 4030 εὐχερὲς

436 4036 541 4114 ῥεῖν
588 4030 725 4088 ἀλλὰ
766 4037 881 4095 ταῖς
933 4028 1225 4102 ἀληθείαις,
1279 4031 1570 4112 προσέθηκε
1611 4039 1776 4093 τοῦτο.
1823 4037 1963 4096 Inde

435 4125 538 4199 (.er
566 4117 924 4189 addidimus3
974 4116 1132 4192 quod
1164 4118 1236 4175 ‹le
1276 4119 1554 4178 fructibus
1589 4121 1813 4181 dicitur.
1849 4124 1958 4183 Po-

434 4218 639 4263 strema
667 4203 841 4262 verba
873 4225 906 4261 e
932 4203 1154 4261 scholio
1194 4206 1265 4263 ad
1306 4227 1359 4265 v.
1415 4228 1473 4264 11
1496 4217 1553 4276 11.
1591 4211 1769 4285 petita
1808 4227 1958 4271 sunt.

432 4299 623 4354 Ηιιιιι.
669 4294 881 4352 Mirum
911 4305 999 4350 est
1026 4293 1181 4369 quod
1207 4293 1276 4350 de
1306 4295 1558 4353 editione
1588 4296 1791 4355 Aldina
1816 4319 1957 4357 nar-

432 4398 518 4443 rat
563 4386 943 4440 Hermannus.
982 4385 1181 4457 Neque
1224 4384 1378 4441 enim
1425 4385 1485 4442 in
1526 4403 1653 4441 meo
1686 4406 1870 4463 neque
1896 4388 1958 4445 in

431 4472 686 4549 quinque
713 4469 836 4526 aliis
863 4487 992 4544 quae
1018 4468 1302 4545 inspicere
1329 4471 1490 4528 licuit
1511 4470 1785 4530 editionis
1808 4473 1960 4532 Aldi-

430 4577 520 4615 nae
551 4553 978 4633 exemplaribus
1008 4556 1185 4613 ullum
1219 4558 1451 4615 alterius
1481 4557 1638 4634 quod
1674 4563 1958 4618 Herman-

433 4665 539 4702 nus
571 4643 712 4702 dicit
739 4643 941 4702 scholii
984 4645 1288 4721 vestigium
1334 4646 1468 4703 vidi.
1510 4645 1738 4704 Judicet
1778 4649 1958 4725 igitur

432 4731 505 4789 de
534 4732 641 4788 hac
670 4750 731 4789 re
765 4731 866 4807 qui
907 4734 967 4788 F.
1009 4738 1069 4789 Α.
1112 4732 1303 4790 Wolfii
1367 4733 1660 4809 exemplar
1686 4734 1954 4792 Aldinum

434 4819 723 4897 possidet,
752 4839 870 4895 quo
896 4840 1030 4878 usus
1047 4832 1134 4878 est
1159 4825 1515 4880 Hermannus
1537 4841 1714 4897 quum
1738 4823 1956 4882 scholia

1577 207 2023 269 ADNOTATlo
2064 208 2148 269 IN
2187 209 2446 273 Senot.

2078 355 2134 412 p.
2170 339 2307 417 398,
2324 363 2400 401 ex
2418 346 2651 426 εὐχερεῖς
2666 346 2792 408 esse
2814 359 3157 422 corruptum
3186 353 3357 411 docet
3381 354 3603 416 codicis

2071 429 2277 485 Veneti
2307 430 2607 507 scriptura.
2637 437 2807 488 Dum.
2834 437 2902 491 In
2932 454 3176 496 numero
3205 442 3610 520 exemplorum

2068 532 2197 590 quae
2239 516 2573 576 Dindorfius
2618 520 2872 597 inspexit
2918 524 2966 581 si
3010 544 3126 582 non
3159 540 3248 585 est
3273 528 3420 586 illud
3450 529 3612 607 quod

2067 617 2174 675 ego
2203 601 2501 677 possideo,
2539 604 2678 663 olim
2719 612 2770 666 J.
2814 613 2894 666 Μ.
2936 614 3176 670 Gesneri
3212 628 3271 673 et
3300 629 3507 694 postea
3549 623 3611 676 L.

2068 686 2471 767 Kulenkampii
2488 735 2504 763 ,
2526 693 2833 770 septimum
2856 699 3093 757 accedit.
3117 704 3311 772 Quare
3334 706 3610 781 suspicor

2067 773 2127 830 in
2150 775 2250 832 illo
2264 778 2452 835 Wolffi
2472 782 2736 859 exemplo
2754 803 2888 842 casu
2908 806 3073 844 serva
3084 797 3204 847 tum
3228 811 3356 850 esse
3380 794 3611 866 folium,

2067 865 2157 919 cui
2199 863 2470 924 damnato
2512 871 2905 948 typographus
2947 874 3104 932 aliud
3154 877 3475 939 substituit.
3524 889 3610 943 Eo

2067 951 2241 1008 modo
2283 954 2456 1011 etiam
2496 956 2791 1016 Theocriti
2829 963 3181 1039 exemplaria
3229 968 3445 1027 Aldina
3492 972 3610 1031 dif-

2066 1035 2292 1110 ferunt,
2335 1039 2406 1098 de
2456 1041 2667 1119 quibus
2705 1064 2756 1102 v.
2791 1047 3005 1106 Reiskii
3056 1052 3273 1127 praefat.
3318 1076 3375 1134 p.
3408 1078 3506 1128 νι,
3554 1074 3611 1118 et

2066 1126 2373 1203 Euripides
2404 1133 2455 1186 J.
2497 1133 2788 1206 Lam-aris,
2822 1132 2892 1192 de
2923 1155 3041 1212 quo
3069 1137 3284 1198 dictum
3315 1144 3376 1200 in
3409 1149 3611 1207 Wolfii

2065 1212 2349 1271 Analectis
2397 1216 2504 1273 litt.
2557 1219 2670 1276 vol.
2712 1238 2734 1274 1
2754 1263 2771 1293 ,
2811 1240 2867 1297 p.
2924 1229 3038 1294 472
3083 1246 3240 1304 seqq.
3290 1231 3604 1295 liz-uam«.

2065 1299 2267 1378 αὐχμὸν
2294 1314 2352 1359 et
2377 1302 2437 1361 τὸ
2474 1301 2530 1362 δὲ
2556 1319 2615 1362 et
2641 1306 2757 1365 ἀντὶ
2780 1312 2873 1366 τοῦ
2899 1329 3014 1367 οιιι.
3040 1317 3103 1369 R.

2151 1408 2174 1444 1
2191 1390 2328 1462 125,
2355 1410 2422 1463 27
2446 1392 2626 1464 ἐπειδη
2647 1393 2830 1474 γὰρΥ.
2860 1396 3066 1456 ἐπειδὰν
3085 1399 3256 1480 γὰρ..
3272 1402 3495 1479 γένηται
3528 1413 3594 1469 R.

2153 1495 2172 1531 ι
2190 1476 2316 1547 ι3ο,
2341 1478 2414 1535 35
2434 1479 2770 1541 διαὸάλλεται
2793 1487 2864 1540 R.
2900 1499 2958 1543 et
2984 1487 3054 1557 37
3088 1507 3203 1545 om.
3230 1511 3412 1570 φησιν.
3440 1541 3505 1552 -.
3534 1498 3605 1554 38

2064 1560 2201 1707 ’ἑὰτὶ1
2228 1565 2453 1625 Suidas.
2532 1567 2781 1651 πρότερον
2840 1575 2915 1629 V.
2968 1574 3028 1631 οὗ
3083 1573 3227 1652 θαμὰ
3278 1583 3344 1635 V.
3393 1582 3606 1660 οὐδαμᾶ

2107 1670 2162 1707 ιιι
2204 1670 2286 1709 as.

2151 1740 2328 1812 1131,
2364 1741 2438 1799 50
2479 1740 2697 1810 είσθεσις
2725 1756 2781 1802 et
2806 1745 2906 1804 εἶσὶ
2942 1748 3043 1827 γὰρ
3069 1754 3140 1807 R.
3188 1799 3251 1811 ..
3287 1753 3354 1809 51
3397 1753 3451 1813 δὲ
3478 1778 3597 1815 om.

2064 1828 2135 1881 V.
2166 1867 2227 1879 ...
2256 1827 2329 1885 52
2355 1828 2607 1909 ἠρίθμουν
2630 1828 2722 1898 τὰς
2743 1831 2946 1912 ἡμέρας
2968 1834 3072 1893 Ἇθ.
3094 1882 3111 1910 ,
3153 1858 3177 1895 ι
3213 1837 3309 1906 ἕως
3350 1865 3369 1900 ι
3405 1844 3604 1925 τρίτης,

2068 1931 2101 1968 a
2130 1916 2279 1989 ἡμεῖς
2307 1937 2376 1973 κα
2410 1922 2474 1974 V.
2504 1917 2726 1990 δεκάτην
2750 1921 3082 1981 Dindorlius
3110 1945 3179 1983 ex
3210 1928 3432 1987 scholio
3457 1934 3600 1991 infe-

2065 1999 2238 2058 riore.
2267 2002 2453 2075 ἐνάτην
2477 2005 2606 2062 ΑΙιΙ.
2640 2007 2828 2079 ἐνάτην
2854 2014 2925 2066 V.
2957 2011 3176 2084 ἕννάτην
3197 2018 3269 2072 Β.
3299 2020 3370 2074 G.
3403 2019 3605 2098 φθίνον·

2064 2109 2150 2152 τος
2175 2108 2292 2147 om.
2324 2096 2393 2148 V.
2429 2136 2492 2149 ...
2516 2092 2549 2149 3
2576 2091 2728 2159 αὐτός
2755 2116 2911 2174 φησιν
2945 2103 3015 2155 R.
3049 2099 3236 2172 ἐνάτην
3267 2105 3605 2167 Dindorfius

2066 2174 2345 2235 indidem.
2380 2179 2704 2256 Legebatur
2725 2181 2934 2258 ὀγδόην.
2962 2231 3023 2243 ..
3052 2195 3083 2255 4
3112 2188 3409 2265 legebatur
3430 2195 3607 2254 δευτέ-

2068 2287 2160 2343 ραν
2201 2265 2292 2322 καὶ
2328 2265 2532 2325 εἰκάδα.
2567 2268 2900 2328 Diudorlius
2926 2293 2941 2329 ε
2970 2275 3385 2337 «Scribendum
3418 2282 3603 2342 δευτέ-

2066 2374 2159 2431 ραν
2190 2351 2369 2411 εἰκάδα
2397 2354 2488 2412 καὶ
2513 2356 2588 2412 ἐν.
2634 2360 2732 2414 Est
2777 2359 2888 2415 boc
2921 2360 3064 2418 alius
3097 2363 3301 2422 scholii
3342 2368 3599 2430 initium.

2063 2438 2321 2521 Δευτέραν
2354 2440 2539 2501 εἰκάδα
2565 2443 2717 2501 idem
2744 2446 3020 2523 significat
3045 2451 3198 2527 quod
3229 2452 3326 2524 τὴν
3348 2452 3604 2532 ἐἰκοστὴν

2064 2527 2328 2609 δευτέραν.
2383 2532 2658 2589 Similiter
2685 2545 2743 2590 et
2776 2554 2948 2613 supra
2985 2549 3042 2594 et
3073 2540 3221 2598 infra
3253 2543 3601 2620 aliquoties:

2064 2614 2172 2673 nisi
2193 2615 2281 2674 his
2296 2617 2438 2675 locis
2456 2617 2723 2676 omnibus
2736 2632 2888 2678 notae
2907 2625 3226 2684 numerales
3243 2626 3332 2686 κα’
3348 2629 3439 2688 κδ’
3464 2650 3604 2694 sunt

2064 2705 2447 2763 restituendas.
2471 2732 2494 2758 υ
2517 2752 2579 2763 .-
2611 2707 2646 2763 8
2668 2705 2766 2778 τὴν
2784 2708 2818 2764 λ
2850 2715 2921 2767 V.
2946 2756 3008 2768 ...
3030 2732 3068 2787 9
3091 2733 3222 2789 quae
3240 2730 3373 2792 post
3399 2717 3525 2792 ἔνην
3544 2746 3603 2781 τε

2062 2790 2153 2849 καὶ
2180 2807 2497 2870 sequuntur
2533 2794 2591 2851 in
2625 2798 2695 2852 Β.
2734 2795 2843 2873 legi
2879 2816 2993 2854 non
3036 2815 3296 2875 possunt.
3335 2808 3402 2862 ln
3430 2808 3507 2868 Θ.
3544 2828 3603 2869 et

2062 2881 2246 2957 Regio
2265 2901 2417 2960 saepe
2442 2896 2756 2941 memorato
2787 2885 2933 2943 2821
2967 2886 3229 2945 scholion
3262 2890 3372 2950 hoc
3401 2909 3521 2968 est,
3553 2902 3603 2957 οἱ

2063 2965 2284 3026 Ἀττικοὶ
2314 2968 2450 3027 οὕτω
2487 2968 2693 3050 διῄρουν
2720 2969 2809 3029 τὸν
2845 2976 3021 3049 μῆνα,
3066 2998 3108 3032 π
3160 2974 3177 2996 ’
3240 3019 3251 3046 ,
3290 2980 3600 3058 ἱσταμένοιο,

2062 3055 2276 3136 δευτέρα
2289 3054 2569 3134 ἱσταμένου
2594 3056 2753 3138 μέχρι
2779 3056 2869 3117 τὸν
2895 3058 3042 3118 δέκα.
3086 2997 3326 3140 effi&
3354 3040 3597 3145 ἐπιδέκα,

2062 3140 2153 3200 δύο
2186 3141 2402 3202 ἐπιδέκα
2439 3142 2597 3225 μέχρι
2622 3149 2717 3216 τῆς
2740 3146 3190 3220 ἐννεακεδεκάτης.
3223 3149 3320 3222 τὴν
3358 3151 3415 3212 δὲ
3447 3158 3593 3215 εἰκο-

2061 3231 2188 3303 στὴν
2216 3229 2391 3310 ἔλεγον
2419 3231 2654 3310 μεγάλην
2674 3231 2876 3291 εἰκάδα.
2915 3224 3028 3293 εἶτα
3073 3238 3468 3310 ἀναποδίζοντες
3504 3245 3596 3303 τὸν

2060 3318 2278 3400 ἀριθμὸν
2306 3317 2401 3391 τὴν
2423 3318 2518 3397 μὲν
2545 3342 2614 3378 κα
2641 3319 2864 3392 δεκάτην
2891 3320 3067 3400 ἔλεγον
3098 3326 3389 3406 φθείνοντος
3425 3333 3591 3410 (φθίν.

2058 3406 2259 3484 Reg.)‚
2298 3406 2393 3478 τὴν
2432 3405 2486 3466 δὲ
2527 3406 2763 3478 εἰκοστὴν
2793 3407 3034 3489 δευτέραν
3063 3409 3135 3484 θ’,
3163 3411 3260 3483 τὴν
3298 3414 3353 3472 δὲ
3391 3417 3485 3494 κγ’
3516 3445 3552 3492 η
3575 3466 3589 3479 .

2057 3493 2146 3552 καὶ
2173 3494 2389 3567 καθεξῆς
2413 3493 2551 3553 οὕτω
2577 3494 2638 3553 τὸ
2673 3494 2960 3575 φθείνοντος
2979 3499 3321 3579 περιτιθέντες
3348 3513 3597 3586 (προσῃ-

2056 3582 2225 3648 θέντες
2258 3581 2417 3663 μέχρι
2439 3580 2528 3639 καὶ
2551 3585 2655 3639 τῶν
2687 3580 2752 3640 λ’·
2788 3581 2910 3655 ἔνην
2950 3583 3004 3643 δὲ
3032 3584 3121 3644 καὶ
3143 3585 3264 3646 νέαν
3294 3588 3390 3661 τὴν
3416 3594 3596 3674 ἀρχὴν

2053 3675 2145 3729 τοῦ
2173 3670 2353 3750 ἐφεξῆς
2381 3667 2542 3746 μηνὸς
2564 3668 2782 3729 ἐκάλουν
2810 3675 2983 3749 Reg.,
3013 3674 3114 3750 qui
3145 3674 3238 3733 hic
3268 3679 3392 3736 finit
3421 3683 3597 3740 scho-

2055 3758 2196 3835 lion)
2214 3758 2372 3836 ἤγουν
2402 3759 2442 3826 ζ’
2472 3757 2517 3826 ς’
2545 3758 2584 3815 ε’
2610 3757 2656 3814 δ’
2679 3756 2768 3816 καὶ
2790 3758 2940 3837 τρίτη
2966 3760 3055 3818 καὶ
3083 3763 3129 3838 β’
3155 3762 3315 3841 ἤγουν
3335 3767 3439 3824 κθ’.
3470 3760 3593 3829 εἶτα

2053 3847 2147 3918 τὴν
2175 3844 2487 3926 τριακοστὴν
2530 3844 2650 3916 ἔνην
2684 3843 2773 3903 καὶ
2808 3844 2932 3904 νέαν
2966 3846 3180 3925 ἔλεγον,
3216 3852 3327 3910 ἐπεὶ
3365 3857 3419 3912 ἐν
3450 3860 3592 3937 αὐτῇ

2051 3935 2194 3999 τέλος
2227 3955 2286 3992 τε
2323 3932 2414 3991 καὶ
2453 3932 2591 4013 ἀρχὴ
2631 3934 2691 3990 ἐκ
2714 3936 2809 4003 τῆς
2838 3933 3062 4006 σελήνης
3079 3937 3455 4016 ἀριθμούμενος
3476 3945 3591 4019 μὴν

2051 4021 2180 4102 ἔχει.
2201 4020 2295 4093 τὴν
2320 4020 2398 4079 κα’
2417 4022 2452 4091 ι’,
2473 4021 2568 4092 τὴν
2589 4019 2674 4078 κ6’
2695 4020 2759 4092 θ’,
2780 4019 2875 4092 τὴν
2894 4021 2979 4099 κγ’
2994 4021 3066 4096 η’,
3090 4023 3186 4096 τὴν
3205 4027 3287 4084 κδ’
3306 4026 3376 4102 ζ’,
3392 4029 3489 4102 τὴν
3510 4031 3595 4093 κε’

2048 4108 2115 4184 ς’,
2133 4108 2228 4181 τὴν
2244 4109 2323 4178 ,ις’
2345 4107 2406 4181 ε’,
2428 4105 2523 4180 τὴν
2548 4108 2619 4176 κζ
2644 4108 2706 4174 δ’.
2729 4105 2825 4178 τὴν
2850 4107 2936 4180 κη’
2954 4113 3022 4187 γ’,
3042 4110 3138 4182 τὴν
3153 4112 3235 4170 κθ’
3256 4118 3308 4191 β’
3329 4119 3422 4174 καὶ
3441 4140 3592 4200 τρια-

2048 4197 2238 4270 κοστὴν
2259 4198 2376 4269 ἔνην
2402 4197 2490 4255 καὶ
2513 4195 2657 4254 νέαν.
2688 4198 2939 4255 Lexicon
2979 4199 3196 4259 rhetor.
3249 4202 3306 4260 in
3343 4205 3588 4268 Dobraei

2047 4286 2363 4366 appendice
2401 4285 2470 4342 ad
2497 4285 2769 4345 Photium
2803 4305 2862 4363 p.
2914 4287 3030 4342 668
3058 4289 3280 4346 confert
3302 4293 3582 4355 Dindors.

2046 4420 2108 4432 -
2146 4395 2211 4446 17
2244 4386 2373 4452 post
2396 4369 2732 4449 ἡγησαμένου
2756 4375 3118 4431 Hermannus
3147 4380 3341 4452 posuit
3362 4400 3497 4457 quae
3522 4385 3587 4443 in

2046 4464 2155 4520 {ine
2177 4462 2425 4540 proximi
2450 4461 2650 4519 scholii
2671 4460 2940 4537 leguntur
2968 4458 3105 4520 ὥστε
3127 4467 3162 4533 ἡ
3189 4462 3286 4540 μὲν
3309 4509 3368 4519 -
3392 4470 3587 4552 τετρὰς

2044 4552 2273 4629 λέγεται.
2315 4596 2377 4609 ...
2434 4570 2503 4625 19
2543 4548 2697 4606 idem
2737 4548 3020 4606 «fortasse
3058 4550 3358 4611 ἐπακτέον»
3392 4602 3456 4614 ,-
3502 4580 3579 4634 ²7

2042 4637 2238 4711 ταύτην
2273 4637 2328 4696 δὲ
2362 4643 2742 4697 Heu-mannus.
2782 4634 2932 4692 Vide
2958 4639 3298 4716 Harpocrat.
3337 4662 3385 4700 s.
3428 4642 3581 4719 Ἕνη

2043 4726 2131 4785 καὶ
2153 4725 2266 4785 νεά.

2132 4817 2308 4885 ιι34,
2362 4821 2430 4879 4ι
2483 4807 2762 4890 ὑπερόρους
2793 4813 2864 4868 R.
2902 4816 2974 4870 V.
3013 4812 3146 4871 Ald.
3185 4826 3243 4873 et
3281 4818 3487 4877 Suidas
3522 4844 3575 4881 s.

431 4906 643 4965 ederet.
691 4907 840 4965 Illud
887 4920 1075 4966 autem
1127 4906 1332 4988 εὐχερὲς
1383 4912 1518 4989 ῥεῖν,
1573 4909 1727 4986 quod
1782 4911 1953 4967 etiam
2043 4901 2179 4973 Ἕνη
2221 4900 2312 4960 καὶ
2329 4898 2441 4958 νέα·
2489 4903 2827 4958 correctum
2854 4898 2912 4955 in
2941 4898 3189 4959 editione
3218 4905 3579 4970 Londiuensi

432 4993 783 5060 Schneidero
812 4993 1067 5053 fraudem
1088 4995 1216 5053 fecit
1248 4996 1320 5053 ad
1345 4996 1722 5074 Theophrast.
1753 4995 1867 5053 vol.
1899 4998 1955 5068 3,
2046 4990 2326 5051 Thesauri
2355 4988 2556 5065 steph.
2583 5007 2641 5065 p.
2668 4988 2848 5064 6957.
2881 4987 3236 5071 ὑπερημέρους
3270 4996 3577 5058 Ernestius

3768 0 3800 197 l

3778 456 3802 1685 l

3798 1820 3804 2011 ι

3790 2048 3804 2539 Ι
