3859 5725
1635 288 1956 349 NUBIUM.

304 427 443 495 742,
470 441 545 479 ao
566 418 635 479 τὰ
656 418 947 501 πράγματα
976 418 1178 477 Suidas
1218 439 1265 476 ε.
1308 418 1557 499 Διαιρῶν.
1585 454 1649 467 —
1672 437 1742 475 αι

226 508 280 567 τὸ
300 508 355 567 δὲ
384 511 596 567 σκοπῶν
620 509 735 567 ἀντὶ
762 514 1320 568 V.—22·n·otetR.-
1340 508 1413 564 23
1431 506 1516 565 ἐπὶ
1539 509 1644 566 τῶν
1661 529 1756 565 νο-

223 594 503 674 μισμάτων
524 599 790 675 Toupius
815 596 1116 657 Emendat.
1140 596 1258 654 vol.
1287 597 1343 669 3,
1371 616 1429 673 p.
1463 595 1557 653 52.
1591 593 1753 654 Conf.

220 685 405 745 schol.
437 689 586 744 Rau.
619 684 716 758 78.

303 773 439 844 743,
480 792 552 843 27
602 769 728 849 μένε
759 771 839 850 ἐφ’
878 768 1104 849 ἡσυχίας
1148 772 1218 827 V.
1266 770 1404 842 Qui·
1424 779 1557 846 post
1588 764 1756 848 κόρεις

220 859 417 933 addit,
444 858 506 917 τὸ
530 856 585 918 δὲ
608 860 821 939 ἀπορεῖς
855 857 972 917 ἀντὶ
1010 860 1102 916 τοῦ
1129 855 1227 916 κᾶν
1257 859 1455 937 ἀπορῇς
1483 857 1554 922 εἷς
1579 854 1756 932 νόημά

220 969 303 1017 τι,
341 966 466 1025 quoe
510 949 761 1006 correxit
834 946 1191 1004 Dindorlius.
1219 980 1282 993 —
1316 952 1392 1012 4ο
1438 951 1546 1010 τοῖς
1611 943 1684 1008 εἶς
1727 964 1756 999 ν

222 1037 307 1090 Re
326 1052 363 1088 r.

307 1055 418 1192 344
452 1118 533 1178 sic
560 1119 620 1177 in
650 1118 810 1192 Ald„
830 1114 978 1198 ἀφεὶς
993 1115 1187 1176 ἄπελθε
1209 1139 1225 1174 :
1258 1114 1410 1175 ἔασον
1433 1115 1496 1175 τὸ
1519 1111 1755 1195 ἀπορού-

222 1228 381 1284 μενον
395 1230 411 1244 ·
458 1205 640 1265 ἔπειτα
680 1206 840 1266 πάλιν
885 1208 1204 1265 ἀνασκοπεῖν
1249 1204 1339 1265 καὶ
1380 1196 1486 1263 οἷον
1531 1202 1756 1279 ἀνοίγειν

222 1297 519 1378 α’ποπειρῶ.
550 1293 614 1353 τὸ
638 1291 743 1376 γὰρ
766 1296 1050 1372 ἀναζυγοῦν
1085 1292 1197 1353 ἐστὶ
1222 1292 1284 1352 τὸ
1315 1292 1497 1361 ἔξωθεν
1532 1290 1756 1367 ἀνοίγειν

225 1380 323 1453 τὴν
349 1381 526 1464 θύραν.
553 1382 681 1445 ἔνιοι
702 1382 758 1441 δὲ
787 1381 1121 1464 ζυγώθρισον,
1147 1380 1497 1462 συνάρμοσον,
1523 1379 1760 1460 σύμπλε-

224 1467 332 1537 ξον.
388 1468 602 1540 κίνησον
649 1469 704 1529 δὲ
748 1461 923 1544 αὖθις,
957 1469 1072 1529 ἀντὶ
1118 1475 1209 1530 τοῦ
1255 1470 1345 1529 καὶ
1390 1467 1625 1549 δεύτερον
1668 1464 1756 1525 καὶ

222 1554 399 1638 τρίτον
442 1557 753 1629 ἐπίστησον·
802 1556 924 1640 περὶ
966 1561 1072 1617 τῶν
1119 1559 1290 1617 αὐτῶν
1337 1556 1724 1637 ζυγοστάτησον
1741 1600 1759 1630 ,

225 1644 438 1705 ἵσωσον.
456 1648 605 1715 -136
635 1644 950 1727 ζυγόθρησον
975 1652 1049 1705 G.
1079 1646 1173 1705 hic
1199 1658 1258 1704 et
1289 1649 1459 1706 infra.
1488 1642 1759 1727 ζυγώθρη-

224 1754 319 1791 σον
348 1738 418 1793 R.
435 1771 498 1782 —
525 1742 601 1812 49
627 1731 724 1805 τὴν
757 1732 916 1816 θύραν
945 1747 1077 1812 post
1102 1736 1390 1813 ἄναζυγοῦν
1414 1734 1659 1791 collocat
1681 1739 1754 1792 G.

225 1856 290 1868 —
311 1820 388 1878 50
420 1819 694 1899 σύμπηξον
723 1822 895 1880 etiam
928 1820 1132 1880 Suidas
1156 1840 1203 1878 S.
1243 1818 1596 1902 Ζυγώθρισον.

312 1910 447 1982 745,
478 1908 548 1966 51
579 1908 752 1976 ἄλλως
771 1911 1073 1989 praefixum
1100 1909 1161 1967 in
1185 1915 1256 1967 V.

311 2005 443 2074 749,
479 2018 509 2070 7
540 1990 915 2056 διαὸάλλοντὸιι
943 1996 998 2056 δὲ
1025 1999 1074 2055 οἳ
1097 1999 1194 2070 V.‚
1226 1999 1282 2054 in
1313 2016 1430 2075 quo
1457 1997 1555 2055 illa
1581 1995 1763 2055 Ἀττι-

224 2084 312 2146 κοὶ
351 2082 660 2165 βαρύνουσιν
703 2087 752 2143 οἱ
789 2082 926 2143 κατὰ
975 2083 1278 2165 Μένανδρον
1319 2086 1391 2149 ὡς
1420 2082 1664 2161 δαμάλην
1699 2084 1762 2141 in

224 2174 520 2254 principio
555 2174 762 2231 scholii
803 2174 995 2252 posita
1024 2184 1260 2230 sunt.-
1281 2173 1316 2229 8
1351 2169 1512 2252 μέχρι
1548 2170 1637 2229 καὶ
1670 2176 1760 2230 νῦν

225 2262 432 2321 suidas
460 2282 508 2320 s·
539 2258 790 2332 Θετταλὴ
817 2257 969 2340 γυνὴ,
1003 2259 1105 2318 ubi
1130 2257 1219 2318 καὶ
1244 2278 1361 2317 om.
1399 2259 1531 2316 cod.
1575 2258 1755 2318 Paris.

223 2356 301 2409 A.
325 2353 382 2407 αἱ
404 2348 674 2410 Θετταλαὶ
703 2368 818 2407 om.
841 2353 912 2407 R.
934 2350 989 2406 αἱ
1016 2346 1289 2408 Θεσσαλαί
1312 2352 1386 2405 V.
1403 2350 1762 2405 Hermannus

223 2442 321 2496 νῦν
346 2439 402 2495 αἱ
427 2459 596 2519 φαρμ.
624 2437 751 2518 παρ’
775 2440 875 2514 ἡμ.
904 2434 1172 2494 Θετταλαὶ
1211 2457 1266 2492 κ.
1289 2472 1353 2487 --
1383 2456 1421 2511 9
1464 2439 1499 2507 ἡ
1548 2434 1762 2507 Μήδεια

227 2524 455 2585 διιίὼιε.
485 2528 722 2605 φυγοῦσα
737 2528 807 2581 R.
825 2523 1030 2581 Ald.-—
1056 2544 1079 2580 1
1098 2544 1121 2580 1
1145 2522 1457 2581 Menandri
1481 2524 1763 2583 comoedia

228 2612 342 2670 snit
378 2611 648 2683 Θεττάλη.
700 2611 896 2670 Codex
933 2612 1147 2689 Regius
1190 2631 1205 2668 ε
1253 2613 1326 2672 Αἱ
1365 2613 1426 2670 ἐκ
1472 2612 1766 2680 Θετταλίας

3257 296 3369 357 ⁴39

1926 416 2062 490 758,
2098 425 2173 485 4ο
2220 418 2538 501 κατηγορίαν
2565 419 2781 479 addidit
2814 418 3175 481 DindorfJT-
3208 433 3283 494 [ια
3310 426 3373 485 τὸ

1842 494 2001 554 πέντε
2040 495 2258 577 ἐφύλαξε
2275 541 2292 570 ,
2340 498 2399 556 id
2440 511 2527 556 est
2574 498 2980 568 πεντετάλαντος
3026 502 3204 577 dixit,
3254 525 3371 563 non

1843 587 2281 654 πεντατάλαντος.
2317 593 2580 648 Fortasse
2612 603 2803 649 tamen
2847 592 3212 653 scribendum
3259 594 3319 654 τὸ
3348 616 3373 653 ε

1843 672 2091 756 ἐφύλαξε,
2122 695 2254 734 cum
2287 683 2567 736 Por-sono.
2601 684 2786 737 Diuo.

1924 765 2062 836 0:63,
2111 772 2175 832 14
2206 763 2292 823 τὸν
2339 786 2457 823 om.
2505 772 2739 843 R.—19
2778 767 2844 827 τά
2888 790 2946 826 τε
2988 774 3369 831 HermannuS.

1844 853 2061 930 Vulgo,
2085 855 2256 912 etiam
2279 855 2341 913 in
2365 859 2536 933 Reg.,
2558 855 2627 915 τά
2654 877 2735 933 γε.

1927 943 2064 1013 768,
2092 944 2163 999 26
2192 941 2503 1025 τροχοειδὲς,
2532 942 2567 1016 ἢ
2595 942 2852 1026 ἠλέκτρου
2880 946 3080 1005 Suidas
3104 967 3151 1005 s.
3182 947 3374 1020 Ὑάλη.

1842 1049 1999 1101 —27
2031 1027 2120 1087 καὶ
2144 1050 2260 1088 om.
2294 1035 2365 1089 R.
2407 1032 2686 1112 χρίσαντες
2727 1032 2818 1091 καὶ
2858 1033 2995 1114 ἡλίῳ
3033 1033 3380 1115 θερμήναντες

1843 1117 2072 1176 Suidas.
2092 1153 2155 1166 —
2173 1121 2249 1177 28
2276 1115 2357 1176 ὅτι
2384 1120 2431 1177 εἰ
2449 1125 2522 1177 V.
2552 1116 2644 1193 διδι1
2667 1123 2761 1191 τῆς
2791 1121 3048 1203 ἠλέκτρου
3069 1123 3294 1182 suidas.
3318 1162 3379 1175 .-

1850 1223 1926 1279 29
1948 1202 2342 1283 προσαγάγοιμι
2369 1207 2596 1266 Suidas.
2635 1206 2798 1266 Libri
2824 1208 3168 1287 προσάγοιμι.
3204 1215 3297 1269 τοῦ
3322 1235 3380 1271 τε

1843 1313 1930 1370 γρ.
1969 1297 2042 1349 V.
2058 1293 2316 1350 -30-33
2345 1291 2548 1353 ὅτι-οὗ
2575 1296 2633 1353 in
2658 1296 2948 1374 principio
2970 1297 3174 1356 scholii
3197 1299 3383 1358 collo·

1846 1392 1940 1437 cat
1967 1384 2039 1438 V.
2068 1380 2150 1438 sic
2177 1382 2424 1459 scripta,
2456 1381 2548 1440 καὶ
2592 1380 2679 1441 διὰ
2719 1387 2813 1442 τοῦ
2858 1382 3184 1464 κρυστάλλου
3218 1386 3381 1445 δυνα-

1850 1466 2038 1544 μένους
2078 1468 2279 1528 ἐναύειν
2303 1493 2317 1506 ·
2341 1469 2488 1552 παρὰ
2517 1469 2573 1530 δὲ
2599 1470 2827 1553 Ὁμήρῳ
2854 1473 2946 1532 καὶ
2998 1482 3101 1541 τοῖς
3142 1476 3382 1556 ἀρχαίοις

1846 1556 2096 1640 ἤλεκτρος
2125 1559 2222 1635 μέν
2247 1559 2409 1632 ἐστιν,
2439 1558 2588 1626 ὕελος
2612 1560 2658 1618 δ’
2681 1560 2741 1619 οὔ
2760 1584 2773 1597 ·
2802 1575 2920 1626 tum
2951 1565 3159 1642 pergit,
3183 1563 3375 1634 ἄλλως.

1847 1642 2266 1724 κατασκεύασμα
2293 1658 2404 1704 etc.
2424 1684 2486 1695 —
2503 1646 2824 1727 κεκαυμένον
2850 1654 3242 1712 Hermannus.
3288 1678 3384 1715 κε-

1847 1731 2116 1811 καυμένης
2167 1738 2326 1793 Junt.
2375 1733 2671 1812 καυομένης
2704 1741 2849 1815 Reg.
2891 1775 2955 1787 -
2981 1738 3057 1797 36
3096 1741 3184 1800 τὸν
3230 1746 3384 1801 Her-

1854 1840 2127 1881 mannus.
2165 1819 2322 1881 αὐτὸν
2351 1826 2514 1883 Junt.
2543 1827 2612 1882 In
2643 1828 2785 1901 Reg.
2811 1836 2898 1883 est
2923 1823 3013 1884 τὸν
3037 1825 3087 1883 δ.
3123 1828 3176 1885 λ.
3205 1829 3383 1902 αὑτὸν,

1930 2019 2047 2073 770
2067 2044 2084 2071 ,
2112 2000 2187 2075 39
2212 2002 2576 2075 Exceptomm
2612 1999 2769 2060 dicit.
2789 1996 2893 2061 ¹De
2939 2024 3059 2080 quo
3098 2004 3384 2064 vocabulo

1848 2086 1985 2146 vide
2002 2098 2314 2165 utrumque
2333 2087 2687 2149 Glossarium
2703 2094 2898 2149 Ducan
2907 2091 2999 2167 gii.
3022 2093 3218 2150 Codex
3242 2096 3382 2170 Reg.

1849 2171 2203 2256 Γραμματεὺς
2229 2173 2419 2254 κυρίως
2459 2179 2488 2234 6
2512 2181 2603 2235 τοῦ
2631 2174 2834 2253 δήμου,
2879 2175 2934 2243 ὃς
2976 2181 3256 2258 ῥωμαῖκῶς
3281 2202 3385 2237 τα·

1849 2259 2072 2319 δελλίων
2115 2262 2352 2319 καλεῖται
2374 2284 2387 2299 ·
2414 2260 2743 2343 ὑπογραφεὺς
2778 2266 2807 2321 6
2843 2267 2936 2321 τοῦ
2976 2266 3252 2343 βουλευτοῦ
3294 2264 3383 2325 καὶ

1848 2352 1954 2406 τῶν
1997 2350 2189 2429 κριτῶν
2212 2372 2226 2385 ·
2267 2348 2676 2431 γραμματιστὴς
2708 2350 2764 2409 δὲ
2801 2355 2830 2411 6
2865 2353 3385 2431 χαμαιόιδάσκαλος,

1847 2434 1967 2507 ἤτοι
1994 2439 2023 2495 6
2042 2436 2111 2495 τὰ
2133 2444 2369 2516 στοιχεῖα
2395 2437 2485 2496 καὶ
2504 2435 2601 2509 τὴν
2624 2437 2814 2510 λοιπὴν
2835 2438 3178 2522 προπαίδειαν
3203 2465 3386 2524 παρα·

1850 2523 2035 2591 διδούς.

1933 2615 2084 2687 773,
2121 2613 2196 2682 54
2244 2612 2526 2694 εἰργάσατο
2565 2614 2694 2673 cod.
2736 2615 2973 2694 Regius·
3030 2619 3387 2700 τριηργάσατο

225 2708 473 2779 γυναῖκες
500 2700 617 2758 λίαν
647 2690 783 2771 ἦσαν
813 2699 1017 2778 γοήτων
1050 2699 1140 2759 καὶ
1183 2699 1370 2777 μάγων
1410 2699 1539 2782 ἔργα
1584 2703 1764 2761 έπιτε-
1856 2704 2018 2759 Junt.
2042 2737 2104 2748 —
2135 2708 2165 2769 4
2219 2700 2310 2758 καὶ
2342 2699 2580 2781 γὰρκαὶ
2603 2707 2675 2762 G.
2706 2700 2818 2761 ἔστι
2859 2700 2962 2785 γὰρ
2981 2704 3072 2762 καὶ
3098 2711 3183 2782 V.‚
3213 2722 3387 2782 recte,

226 2789 445 2847 λοῦσαι·
492 2786 583 2846 καὶ
641 2786 717 2867 μὴ
755 2786 912 2866 μόνον
964 2790 1020 2846 αἱ
1066 2796 1305 2868 γυναῖκες
1326 2833 1343 2864 ,
1392 2787 1531 2848 ἀλλὰ
1576 2788 1666 2848 καὶ
1717 2792 1765 2848 οἱ
1807 2803 1815 2879 ι
1853 2789 1902 2847 si
1928 2786 2207 2869 λεγόμενον
2231 2790 2569 2867 corrigatur.

229 2877 433 2960 ἄνδρες.
480 2878 609 2960 φασὶ
654 2875 756 2960 γὰρ
802 2877 924 2960 περὶ
967 2882 1063 2949 τῆς
1105 2878 1340 2950 Μηδείας
1380 2881 1452 2946 ὡς
1498 2879 1656 2950 ἡνίκα
1706 2881 1767 2939 ἐκ
1808 2887 1815 2984 1
1938 2879 2075 2951 776,
2114 2898 2183 2953 ¹9
2211 2874 2286 2955 μὴ
2323 2877 2750 2938 ἀποδεικνύουσιν
2780 2881 2847 2938 V.
2867 2918 2931 2931 -
2961 2901 3028 2938 αι
3075 2881 3387 2950 ἐξετιννύετο

230 2967 464 3046 Κόλχων
520 2965 704 3048 ἔφευγε
756 2966 889 3044 μετὰ
932 2971 1026 3026 τοῦ
1080 2964 1311 3034 Ἰάσονος
1328 3011 1345 3041 ,
1392 2969 1446 3025 ἐν
1498 2968 1769 3051 Θετταλία
1809 2989 1816 3073 γ
1854 2966 2178 3046 τετραπλοῦν
2199 2967 2266 3024 V.
2286 2963 2535 3034 ἐξετίννυε
2557 2968 2878 3045 τετραπλοῦν
2898 2969 3099 3029 Suidas
3117 2992 3163 3028 s,
3196 2970 3397 3053 Ὀφλῆ-

228 3053 294 3113 τὸ
351 3057 513 3125 αὐτῆς
564 3053 845 3134 βαλάντιον
901 3052 1092 3131 μεστὸν
1147 3052 1205 3113 ὃν
1259 3052 1555 3135 φαρμάκων
1598 3055 1769 3137 λάθρα

228 3142 393 3202 πεσὸν
414 3139 710 3202 ἀπώλεσεν.
731 3132 777 3223 ᾧ
797 3141 1163 3223 περιτυχόντες
1186 3143 1235 3199 οἱ
1250 3140 1512 3202 Θετταλοὶ
1535 3139 1591 3209 ἐξ
1608 3145 1768 3203 αὐτοῦ

227 3231 416 3304 πάσης
445 3232 875 3312 φαρμακευτικῆς
931 3228 1024 3288 καὶ
1064 3231 1314 3308 γοητικῆς
1363 3228 1769 3303 ἀνεπλήσθησαν

227 3319 306 3380 τέ·
332 3343 445 3393 νης.

291 3345 455 3481 4751,
486 3414 552 3473 14
586 3426 670 3483 sq.
705 3405 820 3465 ἔστι
839 3401 895 3464 δὲ
923 3403 1058 3476 αῦτη
1087 3403 1368 3488 περιφερής
1397 3408 1461 3463 V.

316 3496 451 3569 752,
488 3513 553 3567 17
602 3496 672 3560 ὣς
714 3492 969 3576 ἔσοπτρον
1011 3493 1233 3552 Suidas.
1264 3492 1394 3575 φησὶ
1421 3496 1490 3552 R.
1534 3493 1671 3551 V.—
1699 3496 1768 3553 18

228 3581 405 3665 τούτῳ
436 3583 662 3642 suidas·
686 3587 931 3641 ‘roffi-ov·
965 3579 1104 3640 οὕτω
1132 3582 1263 3642 Ald.
1287 3615 1351 3630 --
1381 3602 1450 3657 19
1484 3581 1770 3662 Πυθαγόρα

233 3678 325 3751 V.‚
349 3691 466 3730 non
510 3676 583 3730 G.
613 3667 844 3748 πύθαγος
869 3682 1149 3747 corrupte
1186 3668 1410 3728 suidas.
1446 3667 1594 3726 Vide
1641 3674 1770 3728 Me-

229 3782 364 3839 nag.
394 3760 466 3818 ad
492 3759 666 3836 Diog.
701 3763 894 3816 Laert.
927 3760 986 3831 8,
1019 3757 1112 3815 36.
1143 3753 1230 3815 διὰ
1268 3760 1362 3814 τοῦ
1401 3753 1493 3815 καὶ
1521 3761 1591 3814 V.
1633 3757 1763 3815 Ald.

228 3872 385 3909 ...20
433 3852 504 3917 εἰς
557 3847 782 3907 addidit
831 3851 981 3906 Dan.
1034 3847 1327 3905 Heinsius.
1351 3881 1416 3894 -
1455 3865 1526 3902 22
1582 3849 1770 3918 στῆναι

230 3939 427 3998 snidae
455 3938 528 3996 ed
570 3937 808 3996 Mediol.
850 3947 929 4008 et,
958 3948 1022 3993 ut
1061 3935 1322 4008 videtur,
1351 3933 1536 3992 codex
1584 3936 1764 3994 Paris.

229 4033 303 4087 A.
339 4024 663 4104 Legebantur
701 4022 880 4096 σταίη.
907 4055 988 4068 --
1009 4023 1081 4080 23
1110 4025 1350 4082 κάκεῖνον
1365 4027 1438 4079 V.
1462 4034 1522 4080 et
1543 4022 1767 4083 Suidas.

227 4116 473 4182 ἀτενίσας
495 4114 687 4175 Suidae
717 4113 812 4171 ed.
856 4113 1097 4172 Mediol.
1147 4110 1473 4189 Legebatur
1500 4111 1768 4188 ἀτενίσαι,

228 4205 393 4284 quod
425 4214 514 4262 est
536 4203 597 4261 in
625 4201 814 4261 Suidae
833 4200 1006 4259 codd.
1035 4205 1065 4259 6
1087 4221 1204 4259 om.
1236 4205 1309 4259 R.
1334 4205 1407 4258 V.
1451 4214 1511 4258 et
1542 4202 1765 4262 Suidas.

226 4329 297 4342 -
319 4292 396 4350 25
424 4289 511 4349 ἐπὶ
539 4309 657 4348 om.
703 4293 775 4347 R.
814 4293 888 4346 V.
923 4288 1097 4367 Apud
1126 4285 1360 4348 Suidan'i
1389 4290 1566 4367 vulgo
1605 4292 1659 4349 ἐν
1701 4294 1768 4371 τῇ

229 4379 464 4460 σελήνῃ,
495 4378 596 4437 sed
624 4379 678 4436 ἐν
706 4397 824 4436 om.
870 4389 986 4435 tres
1013 4377 1209 4451 codd.‚
1228 4381 1322 4447 τῆς
1345 4376 1569 4450 σελήνης
1595 4378 1772 4439 habet

226 4470 413 4530 Paris.
445 4473 517 4525 A.

318 4558 455 4633 755,
487 4559 559 4615 33
587 4556 676 4629 τίη
705 4556 846 4629 τιητί
867 4553 1140 4616 λείπεσθαι
1162 4554 1396 4637 φέριστοι
1423 4561 1491 4616 V.
1520 4557 1663 4629 τιητί
1704 4557 1768 4632 δὴ

226 4645 507 4705 λείπεσθαι
556 4642 762 4726 ἄριστοι
812 4643 944 4701 Ald.
997 4649 1084 4702 Ex
1125 4647 1380 4701 Homero
1424 4657 1766 4705 correctum.

316 4734 434 4806 756
476 4731 736 4791 scholion
785 4731 1010 4789 illatum
1056 4730 1290 4789 videtur
1334 4750 1408 4788 ex
1455 4731 1769 4808 integriore

227 4819 433 4880 codice
479 4817 867 4896 Etymologici
905 4823 988 4876 Μ.
1040 4839 1103 4897 p.
1160 4819 1293 4892 137,
1333 4819 1439 4891 28,
1475 4817 1578 4877 ubi
1617 4839 1769 4878 nunc

227 4910 357 4967 haec
395 4919 616 4966 tantum
655 4908 941 4983 leguntur,
969 4906 1140 4965 ἰστέον
1180 4904 1262 4964 ὅτι
1303 4914 1410 4962 πᾶν
1451 4903 1769 4982 νόμισμα-

226 4994 476 5054 εἰώθασιν
504 4993 745 5075 ἀργύριον
774 4996 975 5068 καλεῖν,
1002 4994 1092 5053 καὶ
1120 4996 1170 5052 οἳ
1205 4990 1300 5070 μὲν
1330 4990 1540 5073 ῥήτορες
1563 4994 1765 5064 ἑνικῶς,

226 5086 277 5142 οἱ
310 5081 367 5142 δὲ
390 5082 619 5158 κωμικοὶ
643 5079 865 5162 ἀργύρια
885 5084 1264 5153 πληθυντικῶς.
1298 5086 1483 5139 Dim).

1856 3079 1987 3116 σειν.
2030 3052 2189 3122 ἐξέτιε
2235 3054 2503 3134 τετραπλῆ
2548 3054 2676 3115 ΔΙιΙ.
2723 3057 2893 3130 Quod
2940 3058 3000 3115 in
3034 3057 3197 3129 διπλῆ·
3236 3074 3390 3118 recte

1857 3157 2080 3202 mutare
2137 3141 2369 3199 videtur
2427 3141 2727 3201 Dobraeus.
2775 3143 3150 3205 scribendum
3213 3147 3391 3223 igitur

1857 3233 2095 3292 διπλοῦν.
2114 3234 2300 3291 Dum.
2322 3268 2384 3279 —
2405 3250 2478 3288 αα
2509 3232 2581 3297 εἶς
2614 3229 2676 3289 τὸ
2703 3230 3036 3314 δικαστήριον
3074 3234 3386 3312 (δεσμωτή-

1858 3343 1966 3402 ριον
1992 3317 2323 3398 Ernestius)
2358 3319 2483 3377 Ald.
2511 3355 2567 3367 -
2592 3320 2664 3377 23
2687 3317 2777 3377 καὶ
2806 3321 2835 3378 6
2878 3327 2969 3379 τοῦ
2997 3320 3210 3403 ῥήτορος
3249 3322 3394 3403 Ἀρι-

1857 3407 2178 3486 στογείτονος
2202 3405 2379 3488 πατὴρ
2403 3412 2476 3465 V.
2492 3417 2551 3464 et
2572 3406 2793 3466 SuidaS.

1941 3497 2074 3570 783,
2093 3498 2161 3554 3ι
2190 3492 2418 3577 ληρότης
2434 3494 2784 3553 Dindorfius.
2806 3495 3002 3555 Codex
3020 3496 3228 3577 ληρό....

1941 3584 2054 3653 784
2082 3582 2146 3642 τὸ
2168 3581 2224 3642 δὲ
2249 3581 2335 3642 ναὶ
2357 3580 2605 3663 περισσόν
2628 3588 2698 3640 V.

1938 3674 2054 3748 788
2081 3675 2151 3739 ὣς
2171 3661 2635 3748 ἐπιλανθανόμενος
2656 3675 2722 3734 V.

1943 3781 2077 3836 790,
2113 3763 2189 3835 39
2221 3757 2538 3836 ἐπιλήσμονι
2571 3763 2642 3820 R.
2667 3758 2798 3817 Ald.
2832 3757 3227 3836 έπιλησμοσύνη
3262 3763 3358 3820 Sui
3380 3798 3393 3806 ·

1857 3850 1961 3909 das
2014 3867 2061 3907 s.
2112 3841 2595 3925 Ἐπιλησμότατον.
2656 3845 2976 3926 ἕπιλήσμοσι
3052 3849 3392 3908 Gaisl‘ordus

1857 3958 1930 3996 ex
1968 3955 2139 3994 versu
2180 3936 2398 3994 Cratini
2448 3934 2603 4014 apud
2648 3934 2936 4011 Hephaest.
2981 3955 3038 4013 p.
3076 3945 3165 4004 ¹4·
3200 3937 3382 4005 ἐπιλη-

1859 4023 2030 4104 σμονή
2055 4022 2331 4083 Abresch.
2352 4023 2413 4081 in
2435 4022 2735 4099 Act.'1'raj.
2762 4041 2880 4099 ¹,p.
2904 4041 3036 4098 ²29·
3062 4023 3391 4101 ἐπιλησμόνη

1858 4105 2193 4172 Πίηάοῐίίυὲ
2209 4154 2226 4183 ,
2255 4136 2279 4162 α
2303 4122 2369 4168 ut
2396 4108 2658 4192 δυσφρόνη
2684 4122 2742 4167 et
2766 4107 2989 4191 εὐφρόνη
3021 4130 3129 4188 pro
3165 4110 3389 4190 δυσφρο-

1859 4199 1989 4272 σύνη
2013 4198 2103 4258 καὶ
2132 4196 2421 4280 εὐφροσύνη
2451 4199 2605 4256 dicta
2631 4197 2916 4255 novimus.
2946 4222 2970 4248 ι,

1945 4307 2055 4363 792
2072 4331 2090 4360 ,
2143 4296 2216 4355 [ρ
2259 4284 2642 4357 καθεστηκέναι
2659 4329 2676 4358 ,
2731 4281 2767 4355 ἢ
2807 4281 3107 4365 ἐπιστρέφειν
3154 4282 3223 4341 τὰ
3248 4283 3389 4363 πρά-

1856 4397 2039 4454 γματα
2067 4374 2159 4434 καὶ
2186 4375 2423 4453 εὐπορεῖν
2465 4374 2520 4432 ἐν
2546 4375 2623 4452 τῷ
2658 4370 2829 4449 λέγειν
2881 4371 3086 4431 suidas
3123 4389 3166 4428 s,
3202 4372 3388 4429 Γλωτ-

1856 4471 2178 4544 τοοτροφεῖν.

1939 4554 2054 4610 8ου
2075 4551 2232 4610 sicin
2253 4549 2400 4624 Ald„
2417 4546 2531 4607 ἀντὶ
2556 4551 2650 4605 τοῦ
2668 4548 2906 4625 εὐγενῶν.
2927 4545 3032 4605 ἀπὸ
3051 4547 3157 4605 τῶν
3181 4545 3368 4627 ὀρνέων

1855 4637 1892 4710 ἢ
1917 4639 2126 4720 κούφων
2148 4681 2165 4711 ,
2211 4627 2284 4694 ὧν
2327 4639 2356 4694 6
2396 4632 2645 4714 λογισμὸς
2689 4632 2925 4694 ἵπταται.
2980 4636 3279 4715 φρονουσῶν
3321 4633 3386 4691 τὰ

1859 4726 2158 4808 Κοισύρας·
2188 4722 2305 4783 ἀντὶ
2349 4729 2472 4793 τοῦ,
2514 4722 2720 4800 μεγάλα
2760 4725 3075 4803 φρονουσῶν.
3119 4719 3386 4800 εὐπτέρων

1857 4814 1946 4888 δὲ,
1966 4817 2070 4874 τῶν
2099 4815 2341 4891 εὐγενῶν.
2364 4816 2400 4883 ἡ
2431 4808 2701 4892 μεταφορὰ
2732 4811 2794 4869 ἐκ
2815 4812 2921 4869 τῶν
2945 4807 3155 4890 ὀρνέων.
3204 4807 3239 4878 ἢ
3279 4811 3386 4867 τῶν

1858 4900 2136 4983 μετεώρων
2158 4900 2249 4959 καὶ
2277 4898 2643 4981 ὑπερηφάνων.
2672 4896 2708 4970 ἢ
2739 4898 3068 4980 ἐπηρμένων.
3095 4898 3166 4961 ὡς
3195 4896 3397 4978 δραπέ-

1855 5011 1952 5056 τας
1979 4986 2034 5045 δὲ
2061 4985 2248 5053 αὐτοὺς
2286 4986 2575 5045 διαθάλλει.
2604 4987 2894 5045 Nonnulla
2934 4985 3224 5063 excerpsit
3249 4984 3376 5041 suni·

1859 5077 1960 5136 das
1983 5096 2028 5134 s·
2060 5074 2363 5154 Εὗπτέρων.
2387 5113 2449 5125 -
2479 5077 2551 5134 50
2577 5076 2682 5133 τῶν
2705 5073 2996 5156 φορούντων
3025 5070 3118 5138 τὰς
3144 5071 3381 5130 v.—-53
