3859 5725
1737 265 2060 328 NUBIUM.

3339 282 3448 335 ⁴⁴7

327 400 470 454 τυιοῦ
494 393 921 475 λαμὸανόμενον,
950 391 1086 452 ἀλλὰ
1112 391 1384 464 δικαστικὴ
1413 391 1547 461 λέξις
1573 390 1746 465 ἐστὶν,
1774 393 1844 457 ὣς
1932 389 2233 472 σφραγίδων
2257 392 2331 446 V.
2366 388 2498 450 Ald.
2525 422 2603 434 -
2626 410 2665 466 9
2689 391 2832 472 αὐτῷ
2859 397 2933 451 V.
2967 426 3039 441 —
3075 415 3139 455 11
3180 396 3283 457 ὑπὸ
3312 401 3453 459 Her.

324 482 474 552 δηλοῖ
493 483 556 541 τὸ
579 481 763 564 παρόν.

413 573 590 643 1223,
626 575 700 629 3ο
721 575 757 642 ἡ
780 570 901 651 περὶ
929 576 998 629 R.
1025 567 1207 649 χάριν,
1231 559 1353 647 ἵν’ᾖ
1379 567 1514 625 Ἀττ.
1539 571 1608 625 V.

415 678 435 713 1
449 660 560 716 225
581 658 768 716 codex
790 663 962 734 Reg.:
985 656 1173 734 Ψαρὸς
1187 700 1202 727 ,
1226 653 1262 725 ἢ
1281 659 1308 713 6
1326 654 1557 719 ποικίλος
1576 650 1712 712 κατὰ
1729 648 1847 717 τοὺς

325 747 522 824 ψᾶρας,
549 744 585 817 ἢ
613 749 642 804 6
664 743 826 824 ταχὺς
856 744 960 803 ἀπὸ
995 749 1087 804 τοῦ
1119 742 1302 824 ψαύειν
1327 745 1421 813 τῆς
1451 741 1632 821 αὔρας·
1654 738 1848 821 ψαυρὸς

324 835 354 890 6
379 832 557 913 ψαρός·
582 831 736 892 οἱονεὶ
754 838 783 892 6
805 831 986 909 ψαύων
1012 830 1104 890 καὶ
1135 829 1435 901 πλησιάζων
1463 829 1581 900 ἤτοι
1606 828 1847 887 ἰσοδυνα-

326 921 439 997 μῶν
463 924 540 1001 τῷ
561 918 714 997 τάχει
734 929 847 987 ταῖς
872 918 1054 1000 αὔραις
1070 923 1168 977 τοῦ
1188 916 1353 999 ἀέρος.

414 1029 563 1084 1229
593 1008 835 1085 glossam
863 1008 950 1066 τὸν
970 1007 1229 1079 ἀήττητον
1253 1005 1425 1064 habet
1445 1010 1536 1079 R„
1568 1003 1657 1064 τὸν
1683 1001 1846 1081 μηδὲν

325 1095 694 1154 καταὸαλόντα
721 1101 786 1154 V.
813 1095 1052 1169 SuidaS,
1089 1094 1475 1165 Ἀκατάόλνγι-ον
1514 1114 1528 1149 z
1570 1091 1848 1165 ἀήττητον,

325 1180 473 1260 παρὰ
507 1180 569 1240 τὸ
595 1181 670 1258 μὴ
709 1181 1077 1241 καταὸἄλλειν.
1100 1179 1339 1240 τουτέστι
1369 1178 1456 1238 τὸν
1486 1177 1651 1257 μηδὲν
1676 1201 1847 1238 κατα-

327 1266 606 1327 δάλλοντα.
632 1275 718 1327 Ex
751 1270 839 1327 his
856 1270 1083 1327 correxi
1107 1267 1264 1346 quod
1292 1267 1593 1345 legebatur
1624 1266 1711 1325 τὸν
1736 1290 1848 1345 μη-

327 1355 432 1413 δενὶ
464 1355 941 1434 καταὸαλλόμενον.
981 1358 1098 1429 Qui
1129 1354 1216 1415 τὸν
1258 1353 1421 1433 μηδὲν
1450 1353 1847 1415 καταὸἄλλοντα

324 1445 731 1522 interpretatus
753 1458 840 1504 est
861 1445 1266 1524 grammaticus
1281 1488 1299 1518 ,
1335 1464 1407 1501 eo
1437 1463 1606 1502 sensu
1630 1443 1846 1503 dictum

324 1532 550 1608 accepit
580 1552 697 1609 quo
721 1530 811 1591 τὸν
850 1528 1014 1609 μηδὲν
1042 1530 1353 1590 ἀποδιδόντα
1379 1529 1531 1609 λόγον
1558 1530 1850 1590 (1111111111-

325 1621 634 1697 stophanes
660 1640 717 1679 v.
752 1621 883 1688 245.
905 1626 1089 1679 Dum.

412 1727 432 1762 1
448 1708 560 1764 233
578 1750 596 1780 ,
654 1709 728 1765 50
758 1706 1195 1787 μεθερμηνευτέον
1241 1711 1620 1766 Hermannus.
1675 1710 1851 1766 Recte

326 1798 540 1872 Regius
571 1819 584 1854 :
610 1795 697 1855 ἵνα
722 1820 736 1856 :
764 1796 912 1856 ὅπου.
938 1796 1000 1856 τὸ
1016 1795 1101 1857 ἵνα
1125 1795 1591 1877 μεθερμηνευτικόν
1619 1798 1731 1856 ἐστι
1756 1803 1848 1855 τοῦ

324 1889 491 1941 ταῦτα
512 1886 701 1959 (versu
722 1883 1006 1963 μαυρὰ).

413 1993 435 2031 1
455 1975 583 2045 135,
617 1974 686 2030 51
721 1975 1049 2050 ζημιωθῆναι
1073 1977 1142 2030 R.
1164 2004 1239 2017 —
1265 1974 1338 2031 53
1375 1970 1513 2031 οὕτω
1545 1969 1647 2052 γὰρ
1671 1978 1742 2031 V.

415 2062 558 2132 1237
582 2102 600 2130 ,
649 2069 681 2129 4
729 2060 944 2140 κεράμῳ
981 2059 1016 2130 ἢ
1046 2062 1193 2140 ἀσκῷ
1223 2066 1291 2118 V.
1316 2061 1645 2118 Genitivum
1689 2062 1850 2119 ἀσκοῦ

326 2148 492 2224 ponit
508 2147 715 2206 suidas
741 2167 786 2204 s.
805 2145 967 2205 Ἂλσί.
1003 2179 1080 2191 -
1124 2149 1156 2206 5
1192 2150 1242 2205 οἱ
1264 2148 1393 2227 (sic)
1416 2145 1744 2227 σμηχόμενοι
1771 2186 1847 2198 -

323 2235 454 2314 (13)
489 2234 769 2316 τρέπονται
803 2234 978 2293 habet
1018 2235 1089 2294 Θ.
1121 2267 1201 2279 -
1237 2236 1273 2292 6
1315 2232 1427 2313 ἅμα
1475 2234 1566 2292 καὶ
1605 2239 1675 2293 R.
1720 2233 1849 2293 Ald.

324 2321 443 2400 ἅμα
485 2321 541 2380 δὲ
569 2322 658 2381 καὶ
681 2321 919 2395 suidas,
960 2322 1062 2399 qui
1102 2322 1375 2401 βρέχομεν.
1395 2355 1473 2366 -
1497 2322 1533 2379 8
1557 2320 1712 2381 αὐτὸν
1743 2322 1851 2380 δια-

325 2408 513 2469 eamn
560 2413 634 2470 Θ.
690 2442 773 2454 -
827 2430 865 2484 9
905 2407 1205 2486 ματτόμενα
1257 2413 1325 2467 V.
1371 2408 1569 2487 γίνεται
1621 2409 1844 2469 suidas.

324 2498 554 2576 γίνονται
580 2503 647 2556 V.
674 2497 833 2565 Ald„
861 2516 988 2574 quae
1020 2496 1179 2555 addit
1214 2500 1287 2561 ὥς
1323 2495 1483 2555 πλέον
1521 2505 1711 2579 χωρεῖν
1744 2495 1850 2573 μέ-

324 2607 445 2665 τρον
483 2583 707 2666 (μέτρου
739 2586 865 2661 9.),
914 2585 1125 2642 omissa
1157 2584 1217 2641 111
1242 2588 1311 2640 V.
1352 2596 1410 2642 et
1449 2584 1642 2642 Suida.
1671 2617 1747 2628 —
1782 2603 1850 2642 ιο

327 2692 413 2749 sq.
435 2676 471 2743 ἡ
495 2705 574 2717 -
607 2674 811 2752 βυρσῶν
833 2692 948 2730 0111.
979 2676 1052 2730 V.
1075 2702 1153 2717 -
1189 2692 1251 2729 11
1287 2670 1403 2742 ἤτοι
1435 2677 1508 2729 G.
1535 2668 1752 2741 ἤτοιὸτι
1777 2674 1847 2729 V.

325 2756 362 2829 ἢ
391 2759 517 2817 ΑΙά.
548 2757 584 2831 ἢ
612 2759 677 2816 δι’
705 2757 865 2817 ἀσκὸν
893 2757 928 2829 ἢ
954 2757 1020 2815 δι’
1045 2760 1251 2834 ἀγγεῖον
1271 2761 1344 2818 Θ.
1375 2790 1452 2803 -
1486 2778 1556 2841 12
1580 2759 1670 2817 καὶ
1689 2761 1851 2818 αἰοκοῦ

328 2847 398 2907 Θ.
423 2880 502 2892 -
536 2847 605 2905 15
638 2844 988 2923 ἐμὸἄλλονται
1018 2851 1399 2905 Hermannns.
1441 2879 1522 2892 --
1577 2848 1645 2904 16
1671 2844 1849 2930 ὥσπερ

326 2935 546 2996 suidas.
567 2935 656 2993 καὶ
675 2938 748 3001 ὣς
770 2934 899 2993 Ald.
919 2934 1091 3008 Quod
1117 2954 1190 2992 ex
1212 2935 1301 2993 καὶ
1321 2935 1491 3001 ἄλλως
1507 2949 1849 3014 corruptum

326 3023 514 3081 videri
540 3042 708 3101 posse
732 3022 1005 3080 observat
1028 3021 1292 3080 Dindorf.
1326 3055 1407 3068 -
1456 3024 1521 3080 18
1554 3028 1648 3081 τοῦ
1676 3026 1845 3103 Στρε-

325 3110 533 3193 ψιάδου,
570 3133 587 3168 1
602 3133 639 3188 9
665 3108 720 3176 ὃς
745 3109 833 3168 ἰπὶ
854 3106 1286 3187 ὁμολογουμένοις
1313 3109 1531 3169 suidas».

418 3200 584 3272 1238,
609 3207 679 3265 24
705 3196 757 3266 ἕξ
778 3206 906 3279 χοᾶς
927 3200 1077 3276 (χοὰς
1091 3198 1183 3274 V.)
1201 3195 1500 3277 χωρήσεται
1518 3218 1633 3256 0111.
1660 3204 1732 3258 R.
1756 3199 1846 3260 καὶ

327 3287 584 3367 παροιμία
602 3285 654 3353 ἓξ
680 3308 738 3365 χ.
769 3308 826 3365 χ.
849 3285 936 3343 ἐπὶ
966 3287 1071 3343 τῶν
1093 3282 1555 3365 παραληροόντων.
1580 3286 1846 3346 τουτέστιν

326 3381 356 3435 6
378 3376 658 3457 ἐγκέφαλος
681 3387 791 3431 etc.
825 3373 1030 3432 suidas
1053 3392 1100 3430 ε.
1139 3374 1273 3432 Χοᾶ.
1300 3407 1384 3421 -
1405 3374 1477 3431 25
1496 3415 1512 3445 ,
1548 3376 1623 3431 26
1651 3373 1765 3453 ἅμα
1791 3375 1845 3434 δὲ

326 3497 406 3511 .-.
438 3459 848 3543 ἐμπεφρακότων
869 3459 1090 3519 8111ι1118.
1132 3458 1245 3537 ἅμα
1282 3456 1338 3516 δὲ
1386 3461 1457 3524 ὡς
1497 3460 1583 3520 ἐπὶ
1613 3460 1845 3544 κεράμου

340 3593 513 3609 .....
551 3554 645 3608 τοῦ
671 3546 902 3629 κεράμου
932 3545 969 3618 ἢ
1003 3549 1166 3605 ἀσκοῦ
1193 3554 1521 3628 μεταφορᾶς,
1546 3545 1583 3618 ἢ
1611 3549 1843 3627 ἀγγείου·

324 3641 399 3704 ὡς
415 3637 503 3697 ἐὰν
536 3675 908 3695 ..........
946 3633 1342 3714 ἰνπεφρακότων
1369 3640 1435 3692 R.
1459 3633 1572 3711 ἅμα
1593 3634 1647 3693 δὲ
1670 3640 1740 3703 ὥς
1756 3638 1844 3697 ἐπὶ

324 3724 558 3806 κεράμου
583 3720 619 3794 ἢ
646 3724 806 3781 ἀσκοῦ
833 3729 1150 3802 μεταφορᾶς,
1175 3718 1211 3792 ἢ
1238 3720 1471 3798 ἀγγείου,
1501 3721 1557 3790 ὃς
1586 3720 1675 3781 ἐὰν
1700 3747 1844 3802 σμη-

326 3816 430 3892 χθῇ
448 3857 464 3884 ,
499 3808 656 3869 πλέον
680 3817 841 3889 χωρεῖ
867 3812 972 3866 τῶν
1008 3809 1405 3889 έκπεφρακότων
1425 3815 1497 3868 V.
1520 3842 1601 3855 —
1622 3813 1696 3870 28
1719 3813 1844 3894 πρὸς

324 3900 393 3960 τὰ
411 3897 653 3978 ἀνωτέρω
675 3904 976 3956 Kusterus.
1005 3895 1131 3976 πρὸς
1155 3900 1231 3976 τῷ
1250 3895 1492 3978 ἀνωτέρω
1511 3899 1641 3957 Ald.
1671 3934 1749 3946 -—-
1769 3922 1843 3978 29

323 3989 499 4047 τέλεον
534 3984 768 4068 χωρήσει
792 3984 921 4042 ΔΙά.
968 3989 1303 4042 Correctum
1345 4005 1416 4042 ex
1453 3987 1673 4044 scholio
1700 4008 1844 4065 pro-

325 4078 499 4135 1111110.
539 4106 613 4117 -
654 4075 726 4129 3ο
753 4068 1155 4152 ἕμπεφρυγότων
1197 4071 1651 4148 ἀποπεπλημένων
1697 4079 1845 4135 Her-

326 4181 589 4221 mannus.
616 4192 696 4204 -
725 4160 799 4234 39
823 4160 1083 4217 similiter
1102 4158 1405 4235 disputatis
1432 4158 1589 4217 addit
1611 4164 1843 4240 Regius„

326 4250 439 4309 ἐπεὶ
463 4247 518 4306 δὲ
542 4246 596 4306 ἔν
618 4268 727 4303 τισι
742 4248 846 4304 τῶν
865 4245 1189 4325 ἀντιγράφων
1212 4243 1424 4326 εὕρηται
1440 4243 1587 4323 χόας,
1609 4248 1844 4321 δηλονότι

324 4337 431 4396 ἀπὸ
446 4342 537 4395 τοῦ
558 4339 682 4413 χοῦς
702 4332 928 4409 γίνεται,
952 4335 1024 4401 ὣς
1052 4331 1157 4390 ἀπὸ
1173 4336 1264 4392 τοῦ
1286 4336 1401 4410 βοῦς
1425 4332 1567 4409 βόας.

415 4434 582 4497 1240,
613 4425 687 4492 43
708 4421 1020 4500 ἐκκαγχάζει
1042 4426 1110 4480 V.
1132 4420 1259 4478 ΔΜ.
1279 4420 1504 4487 ἀκούσας
1524 4442 1634 4481 0111.
1661 4429 1727 4482 V.
1753 4430 1843 4484 τοῦ

323 4518 703 4572 Uen-mannus.
727 4510 1053 4586 Legebantur
1078 4508 1168 4566 καὶ
1192 4513 1300 4566 τοῦ.
1327 4540 1407 4554 ·—
1440 4510 1514 4576 46
1543 4508 1679 4569 ἀλλὰ
1703 4516 1843 4571 fler.

325 4618 584 4658 maunus.
607 4597 730 4657 ἀλλ’
758 4595 793 4668 ἢ
822 4597 941 4654 Ald.
967 4595 1081 4652 ἀλλ’
1105 4614 1217 4652 0111.
1241 4600 1313 4654 R.
1331 4600 1409 4669 V,
1435 4609 1624 4673 recte,
1652 4600 1701 4657 si
1725 4597 1842 4666 τοὺς

323 4700 458 4746 ante
483 4685 668 4752 ἄλλους
696 4686 970 4743 deleatur.
992 4686 1178 4742 Dum.

413 4793 582 4856 1241,
607 4783 681 4850 48
710 4779 845 4839 Ἀντὶ
874 4813 952 4825 -
973 4778 1131 4837 εἰδότι
1146 4799 1263 4838 om.
1293 4786 1365 4836 G.

416 4871 596 4940 1246,
644 4869 677 4925 5
729 4867 965 4927 ἐκὸάλ-ειν
999 4872 1074 4924 V.
1114 4867 1363 4926 Verbum
1408 4867 1680 4928 ἐκὸάλλειν
1723 4891 1841 4929 11011

324 4967 545 5038 aptum.
571 4961 879 5033 Exspectes
905 4953 1157 5036 ἐκφέρειν.
1188 4962 1371 5014 Dum.

1935 497 2191 536 mannus,
2224 474 2330 534 ἀπὸ
2348 476 2481 534 Ald.

2019 565 2168 621 1252
2191 564 2405 621 omittit
2431 569 2502 621 V.
3408 624 3411 627 ,

2021 654 2165 710 1253
2196 650 2369 709 habet
2409 651 2611 709 Suidas
2645 672 2693 709 s.
2748 651 3166 735 Ἀπολιταργιεῖς.
3218 662 3285 715 111
3321 659 3451 718 Ald.

1933 736 2304 817 λιταργισμοὺς
2318 737 2535 795 ἐκάλουν
2554 735 2620 795 τὰ
2636 738 2987 818 σκιρτήματα.
3012 745 3313 824 ἀποδραμῇ,
3333 750 3457 804 ἀπ.)-

1935 824 2256 906 σκιρτήσεις,
2302 819 2597 904 καταλείψῃ
2637 824 2743 884 ἀπὸ
2780 829 2874 897 τῆς
2908 827 3060 908 θύρας
3096 830 3211 902 ἥτις
3242 833 3384 893 ἐστὶν
3421 837 3457 904 ἡ

1933 912 2072 983 λίτη.
2100 911 2135 983 ἢ
2155 913 2259 971 ἀπὸ
2283 918 2372 971 τοῦ
2394 914 2575 993 ἀργοῦ,
2600 911 2629 970 ὃ
2654 913 2803 985 δηλοῖ
2826 915 2964 994 ταχὺ
2982 916 3072 974 καὶ
3101 917 3160 976 τὸ
3176 920 3371 1000 λιπεῖν.
3397 925 3457 979 οὖ

1934 998 2138 1080 ταχέως
2163 991 2272 1070 οὗν,
2293 1022 2469 1081 φησιν,
2489 1000 2792 1081 ἀποδραμῇ.
2821 1034 2898 1047 -
2935 1024 2999 1076 17
3036 1006 3355 1085 ἀποδραμεῖς
3379 1014 3453 1066 G.

1937 1089 2030 1148 hic
2057 1102 2115 1146 et
2140 1108 2235 1145 20.
2270 1086 2645 1167 ἀποσκιρτήσει
2664 1094 2761 1162 V.‚
2784 1110 2901 1147 11011
2921 1094 2988 1151 G.
3008 1131 3089 1143 --
3119 1095 3187 1151 18
3212 1095 3317 1152 ἀπὸ
3335 1115 3453 1155 0111.

1937 1182 2009 1236 G.
2039 1206 2106 1219 —
2145 1196 2214 1252 19
2254 1174 2344 1233 καὶ
2387 1174 2450 1233 τὸ
2483 1176 2600 1235 λίαν
2635 1177 2950 1255 suidas-(et
2988 1181 3244 1258 Regius).
3290 1181 3460 1242 καὶτὸ

1935 1262 2056 1324 λύον
2084 1267 2158 1321 R.
2183 1262 2395 1322 τὸλεῖον
2428 1266 2496 1320 V.
2525 1263 2687 1321 Cous.
2720 1264 2897 1322 schol.
2930 1270 3059 1324 Ραοι
3096 1270 3201 1326 561
3244 1275 3464 1348 61151]-

1937 1353 2070 1409 mol.
2114 1353 2197 1412 M.
2230 1391 2312 1405 --
2347 1370 2421 1408 20
2456 1351 2613 1408 καλεῖ·
2646 1354 2713 1409 V.
2756 1351 2934 1411 Addit
2971 1358 3115 1432 Reg.
3160 1353 3370 1434 λέγεται
3405 1357 3461 1419 δὲ

1934 1442 2088 1499 τοῦτο
2111 1439 2383 1503 ἰδιωτικῶς
2406 1438 2853 1519 ἀπολιταρεῑσθαι.

2022 1527 2193 1600 1255,
2219 1544 2294 1583 22
2321 1529 2415 1584 σοῦ
2444 1523 2672 1603 θήσομαι
2702 1531 2766 1585 V.

2022 1618 2171 1675 1256
2200 1617 2280 1677 Τὸ
2311 1614 2368 1675 δὲ
2393 1615 2815 1697 προσαποὸαλεῖς
2834 1621 2907 1675 R.
2942 1624 3006 1678 V.
3042 1654 3121 1667 —
3164 1622 3240 1679 25
3275 1623 3462 1690 τὰς-

1938 1714 2072 1783 μνᾶς
2099 1711 2171 1764 V.
2199 1725 2316 1765 non
2337 1712 2409 1765 G.
2434 1712 2642 1770 ταῖς-
2662 1714 2794 1782 μνᾶς
2828 1707 2951 1783 (sic)
2984 1712 3055 1767 R.
3085 1742 3163 1755 —
3184 1730 3253 1783 27
3285 1710 3373 1772 ἰπὶ
3393 1716 3461 1792 τῇ

1936 1793 2140 1854 Suidas
2165 1813 2209 1851 s.
2240 1790 2688 1872 Παρακαταὸολή.
2721 1792 2775 1849 ἐν
2802 1796 2869 1870 τῇ
2897 1798 2967 1851 V.

2024 1882 2194 1953 1258,
2218 1882 2293 1937 32
2316 1880 2461 1950 εὖηθ.
2494 1876 2759 1937 τουτέστιν
2780 1881 2870 1937 ἀπ.
2893 1884 2964 1937 R.

2025 1969 2251 2044 1259111
2275 1969 2336 2025 V.
2357 1978 2443 2024 est
2456 1964 2886 2047 προαναφώνημα
2903 1967 2965 2026 τὸ
2988 1966 3052 2027 ἰώ
3076 1969 3167 2046 μοί
3191 1993 3280 2047 μοι
3298 1972 3463 2034 καὶτὸ

1936 2052 2020 2113 ἔα.
2058 2053 2138 2114 διὸ
2156 2053 2313 2124 διπλὴ
2343 2053 2434 2111 καὶ
2457 2052 2630 2133 στίχοι
2664 2052 2901 2131 ἰαμὸικοὶ
2924 2054 3190 2137 τρίμετροι
3206 2061 3453 2139 τεσσαρά-

1937 2164 2096 2200 κοντα
2126 2153 2195 2220 γ’.
2214 2186 2276 2197 .-
2295 2142 2368 2198 38
2404 2138 2920 2220 βραχυκατάκηκτον.
2955 2146 3103 2200 Nam
3130 2146 3461 2208 scholiastes

1936 2227 2000 2288 ἔα
2022 2242 2186 2287 extra
2209 2246 2433 2285 versum
2463 2226 2705 2303 legebat.
2729 2229 2924 2287 112211.

2027 2339 2048 2374 1
2062 2318 2135 2375 26
2148 2338 2196 2390 1,
2224 2314 2406 2383 42-45
2432 2316 2489 2371 111
2507 2315 2641 2373 ΑΜ.
2661 2314 2784 2393 παρ’
2812 2315 3056 2374 ὑπόνοιαν
3079 2308 3222 2379 εἶπεν
3237 2322 3353 2381 ἀντὶ
3370 2330 3463 2384 τοῦ

1938 2404 2157 2464 παίδων·
2186 2403 2298 2461 ἐπεὶ
2316 2404 2575 2483 τραγικῶς
2592 2401 2892 2483 ἀνεφώνησε
2914 2403 2974 2462 τὸ
2992 2401 3054 2461 ἰώ
3075 2406 3163 2482 μοί
3190 2431 3296 2485 μοι.
3316 2414 3463 2494 Καρ-

1937 2499 2081 2552 κίνου
2118 2489 2173 2548 δὲ
2212 2492 2390 2556 παῖδες
2406 2533 2423 2563 ,
2452 2492 2743 2561 Ξενοκλῆς,
2772 2490 3082 2568 Ξενότιμος,
3109 2495 3199 2555 καὶ
3223 2498 3463 2576 Δημόῐι-

1939 2603 2049 2659 μος.
2070 2579 2161 2638 καὶ
2182 2581 2230 2636 οἱ
2252 2576 2346 2654 μὲν
2367 2577 2641 2658 χορευταί·
2670 2579 2934 2649 Ξενοκλῆς
2953 2578 3009 2637 δὲ
3026 2584 3316 2664 τραγῳδίας
3343 2609 3465 2645 ποι-

1937 2668 2084 2742 ητής.
2115 2669 2186 2732 ὥς
2213 2664 2421 2744 βέόαιον
2458 2664 2512 2721 δὲ
2544 2662 2681 2743 ἔχων
2720 2664 2780 2722 τὸ
2825 2675 3005 2747 νικᾷν,
3036 2672 3463 2749 κατειρωνεύεται

1939 2760 2094 2816 αὐτοῦ
2121 2755 2254 2816 Ald.
2287 2758 2375 2811 De
2400 2753 2528 2810 filiis
2556 2753 2781 2812 ean-cini
2809 2756 2958 2811 conf.
2992 2758 3169 2818 schol.
3198 2764 3338 2821 Rau.
3365 2764 3461 2837 86,

1938 2848 2068 2906 Pac.
2092 2848 2226 2918 782.
2246 2874 2325 2886 -
2346 2851 2415 2910 44
2437 2839 2752 2912 Ξενοκλίδης
2772 2839 2826 2898 δὲ
2848 2846 2940 2918 R.,
2960 2842 3096 2903 licet
3115 2850 3311 2925 paullo
3330 2865 3462 2911 ante

1936 2934 2202 3002 Ξενοκλῆς
2230 2929 2460 2988 habeat.
2491 2962 2570 2972 -—
2598 2932 2672 2997 45
2697 2928 2810 2987 δέον
2828 2927 2929 3008 γὰρ
2952 2935 3023 2989 V.

2023 3026 2167 3082 1263
2194 3013 2299 3080 οἷον
2330 3041 2447 3079 0111.
2471 3023 2543 3080 R.

2023 3114 2190 3182 1264,
2213 3110 2359 3178 54-6
2392 3110 2450 3166 111
2493 3107 2619 3167 Ald.
2650 3113 2799 3168 τοῦτο
2827 3109 3143 3178 Ξενοκλέους
3166 3112 3266 3172 ὕπὸ
3302 3118 3455 3189 Ἰλη-

1933 3198 2184 3277 πολέμου.
2223 3196 2304 3256 διὸ
2343 3196 2434 3256 καὶ
2474 3194 2728 3273 ἐπήνεγκε
2745 3219 2757 3231 ·
2785 3198 2838 3256 τί
2871 3197 2959 3258 δαί
2991 3221 3053 3257 σε
3089 3202 3455 3282 Τληπόλεμος.

1933 3287 2047 3348 ἐπεὶ
2082 3286 2136 3345 δὲ
2161 3284 2478 3350 Ξενοκλέους
2518 3289 2606 3342 τοῦ
2644 3284 2909 3394 Καρκίνου
2949 3286 3183 3363 ἐμνήσθη
3204 3332 3221 3361 ,
3267 3293 3356 3350 καὶ
3394 3293 3459 3353 τὰ

1933 3379 2089 3437 αὐτοῦ
2116 3374 2405 3456 τραγῳδεῖ,
2425 3369 2675 3455 εἰρηκὼς,
2703 3397 2746 3431 ω
2771 3372 2967 3453 σκληρὲ
2989 3375 3190 3452 δαῖμον.
3227 3386 3372 3439 τοῦτο
3403 3383 3458 3443 &l

1933 3461 2048 3525 “lm
2068 3461 2155 3522 διὰ
2171 3463 2231 3521 τὸ
2250 3461 2359 3519 ἄνω
2383 3459 2666 3543 εἰρηκέναι,
2692 3459 2756 3519 ἰώ
2774 3460 2865 3538 μοί
2885 3484 2993 3539 μοι,
3012 3467 3125 3539 καὶ,
3147 3464 3277 3545 ἀνὴρ
3300 3489 3457 3529 mm-

1933 3554 2157 3631 δαίμων.
2202 3546 2484 3630 Εὐφρόνιος
2512 3548 2569 3607 δέ
2651 3571 2773 3621 ησι,
2798 3549 2888 3624 τὸ,
2925 3540 2970 3612 ὦ
3002 3551 3249 3628 Παλλὰς,
3289 3554 3361 3623 ὥς
3398 3563 3457 3631 μ’

1930 3641 2205 3703 ἀπώλεσας
2223 3683 2239 3711 ,
2264 3637 2580 3703 Ξενοκλέους
2602 3660 2625 3695 ε
2650 3660 2737 3695 ναι
2762 3639 2824 3695 ἐκ
2840 3644 2931 3697 τοῦ
2957 3642 3246 3716 Λικυμνίου
3262 3686 3279 3716 ,
3301 3645 3456 3722 λεγό-

1933 3752 2085 3801 μενον
2108 3725 2211 3786 ὑπὸ
2233 3724 2546 3801 Ἀλκμήνης,
2566 3730 2657 3783 τοῦ
2679 3726 2967 3802 Λικυμνίου
2988 3726 3088 3785 ὑπὸ
3105 3731 3456 3810 ’Τληπολέμου

1929 3814 2286 3898 ἀνῃρημένου,
2319 3811 2398 3871 διὸ
2418 3813 2508 3871 καὶ
2531 3812 2814 3890 ἐπήνεγκεν
2846 3813 3018 3888 αὐτὸς,
3042 3816 3093 3872 τί
3114 3816 3201 3875 δαί
3222 3841 3284 3876 σε
3305 3821 3455 3893 Τλη-

1928 3903 2157 3983 πόλεμός
2188 3900 2305 3961 ποτ’
2333 3900 2603 3981 είργασται
2634 3900 2816 3960 κακόν.
2854 3900 2944 3960 καὶ
2981 3902 3043 3961 τὸ
3080 3905 3456 3986 χρυσάμπυγες

1930 3994 2413 4076 παραπεποιῆσθαι.
2462 4031 2542 4043 --
2588 4010 2611 4046 ι
2652 3993 2874 4067 Ληκυμν
2916 4023 2987 4035 -
3023 3991 3113 4050 bis
3141 3998 3212 4051 R.
3253 3999 3321 4053 V.
3352 3997 3456 4057 ὕπὸ

1929 4089 2003 4143 R.
2028 4114 2101 4127 —
2136 4100 2169 4137 2
2202 4076 2253 4136 τί
2281 4073 2336 4135 δὲ
2359 4082 2432 4136 R.
2464 4083 2538 4134 V.
2571 4108 2651 4123 —
2678 4086 2710 4146 4
2744 4097 2834 4155 sq.
2863 4079 3115 4137 Ξενοκλεῖ
3130 4069 3263 4139 εἶναι
3296 4084 3451 4161 φησὶν

1930 4161 2064 4228 εἶναι
2084 4166 2146 4226 τὸ
2166 4166 2439 4245 (Ξενοκλεῖ
2457 4162 2585 4243 φησὶ
2602 4163 2665 4222 τὸ
2686 4165 2778 4242 V.)
2799 4166 3176 4245 χρυσάμπυκες
3192 4169 3455 4250 (χρυσάμ-

1928 4277 2093 4335 πυχες
2108 4255 2206 4332 V.)
2226 4275 2301 4310 πα
2309 4255 2690 4332 ραπεποιῆσθαι
2710 4258 2883 4311 τοῦτο.
2906 4255 3019 4311 ἐπεὶ
3037 4258 3108 4311 R.
3127 4259 3197 4312 V.
3230 4259 3454 4337 χρυσοῖν-

1929 4366 2077 4423 τυγες
2116 4340 2439 4400 emendatio
2470 4341 2783 4398 nen-manni
2808 4352 2913 4398 est.
2943 4341 3214 4401 Scholion
3233 4344 3452 4406 codicis

1928 4433 2097 4511 Regii
2115 4432 2262 4490 2821
2287 4451 2302 4486 z
2328 4428 2507 4489 Φασὶν
2527 4430 2597 4493 ὣς
2617 4432 2646 4487 6
2670 4427 2956 4509 Καρκίνος,
2974 4449 3036 4460 -
3055 4431 3139 4507 (ut
3158 4450 3330 4509 supra
3352 4437 3449 4509 46,

1933 4522 2029 4598 47)
2055 4552 2133 4566 —
2157 4520 2600 4580 δεινοπαθοῦντας.
2636 4513 2785 4574 ἄλλοι
2811 4515 2867 4572 δέ
2893 4537 3050 4596 φασιν
3072 4513 3151 4573 ὅτι
3167 4521 3326 4599 τριῶν
3354 4519 3447 4580 όν-

1927 4635 2034 4670 των
2060 4609 2264 4668 παίδων
2289 4608 2463 4686 αὗπῖ),
2485 4610 2514 4665 6
2537 4603 2634 4685 μὲν
2670 4596 2745 4672 εἶς
2770 4606 3010 4686 τραγικὸς
3037 4599 3104 4681 ἦν
3131 4612 3372 4684 ποιητής·
3401 4618 3451 4674 οἱ

1932 4697 1987 4757 δὲ
2010 4696 2184 4756 λοιποὶ
2208 4692 2299 4753 δύο
2333 4693 2606 4774 ὑποκριταὶ
2636 4691 3030 4774 ὀξυφωνότατοι.
3055 4696 3168 4755 ἐπεὶ
3190 4689 3278 4757 οὖν
3298 4704 3327 4759 6
3352 4701 3451 4760 δα..

1928 4782 2134 4854 vemt->gc
2159 4774 2307 4848 οὗτος
2330 4781 2601 4863 δξυφώνως
2628 4781 2690 4839 τὸ
2711 4779 2851 4857 οἴμοι
2877 4780 3092 4856 zedam,
3124 4788 3448 4868 κωμῳδῆσαι

1932 4872 2240 4953 βουλόμενος
2267 4866 2384 4934 τοὺς
2418 4874 2507 4927 τοῦ
2542 4868 2806 4949 Καρκίνου
2823 4868 3011 4935 παῖδας
3032 4875 3060 4928 6
3084 4873 3333 4949 ποιητὴς,
3356 4876 3448 4937 ἕνα

1928 4959 2124 5019 τούτων
2161 4947 2294 5016 εἶναι
2324 4955 2466 5033 λέγει
2496 4954 2586 5014 τὸν
2612 4954 2902 5027 δανειστήν.
2937 4959 2985 5014 οἱ
3013 4957 3109 5034 μὲν
3140 4958 3296 5040 φασὶν
3323 4966 3396 5030 ὣς
3418 4970 3448 5025 6

411 5049 582 5119 1248,
600 5045 635 5102 8
660 5044 927 5126 σκαφίδιον
946 5045 1277 5102 Dindorfius
1293 5065 1364 5104 ex
1383 5045 1602 5104 scholio
1627 5067 1681 5105 v.
1703 5047 1836 5122 669.
1929 5044 2281 5120 Τληπόλεμος
2303 5034 2478 5115 οἶτος,
2508 5040 2731 5116 ποιητὴς
2755 5041 2828 5102 ὢν
2842 5087 2861 5122 ,
2885 5044 3143 5119 πεποίηκε
3161 5044 3250 5108 τὸν
3273 5049 3447 5109 Φιλό-
