3859 5725
439 245 557 305 566
1606 231 2055 296 ADNOTATIO
2094 230 2179 292 IN
2221 229 2488 293 scnoL.

433 382 687 452 patiatur
707 395 721 429 ε
740 394 810 448 qu
819 375 881 431 e’d
900 380 1045 430 enim
1057 377 1180 448 quis
1199 391 1387 428 causoe
1404 374 1571 437 dicat,
1596 389 1712 437 cur,
1734 365 1960 441 quando

436 459 818 531 victusfuenc,
845 464 1023 536 legem
1032 466 1374 538 propositam
1390 457 1760 533 subterfugiat
1772 459 1803 511 Ρ
1825 458 1960 512 Haec

2130 362 2241 420 505
2265 364 2431 422 sicin
2453 367 2544 434 IL,
2572 362 2779 422 Οὖκοῦν
2803 350 2936 418 εἶναί
2961 353 3244 440 φημιδδδν
3271 350 3473 424 ἥντινα
3493 348 3582 407 ἰὸν

2047 452 2076 506 ὁ
2097 450 2319 515 πλοῦτος
2344 447 2534 530 βλάψει
2551 447 2749 518 ταύτην
2778 445 2869 504 καὶ
2898 441 3073 523 ἀγαθὰ
3103 442 3276 520 peste>
3317 437 3584 509 ποιήσειε.

441 548 552 605 ille.
573 548 795 606 Primus
816 558 1005 604 autem
1026 547 1327 606 scholiasta
1347 544 1527 603 verba
1547 543 1764 602 Comici
1784 543 1959 600 istum
2045 530 2268 602 Ἄλλως.
2297 535 2357 594 τὸ
2379 536 2564 593 οὐκοῦν
2593 530 2913 614 ἀποφατικόν
2945 533 3059 590 ἐστι
3077 528 3158 588 ὅτι
3191 529 3290 588 ἐὰν
3329 526 3584 606 βλέψῃ-

442 634 499 689 in
530 630 762 689 modum
802 631 1087 691 intellexit
1115 653 1130 688 ε
1163 635 1272 689 Vos
1315 637 1584 689 enimc-em
1615 633 1829 686 nullam
1869 634 1962 684 ἰη-

440 726 705 794 terpom'oe
730 739 943 776 moram
959 765 974 792 ‚
1014 726 1147 795 quin
1175 732 1405 775 mortem
1434 724 1621 775 statim
1650 722 1919 792 oppetatis
1941 735 1961 770 .·

441 810 773 882 Paupertas,
801 806 1009 883 inquit,
1044 807 1155 864 hoc
1181 817 1247 862 ut
1267 826 1300 863 e
1328 805 1569 881 vestigio
1600 805 1830 874 faciant,
1856 821 1970 880 per

436 894 629 969 jocum
672 892 976 965 hortatur3
1005 913 1157 967 nam,
1181 894 1229 952 si
1256 912 1429 952 causa
1454 894 1568 951 sint
1604 891 1965 971 superiores,

442 1000 558 1037 non
578 982 825 1058 amplius
832 1002 856 1057 J
865 994 1053 1039 ustum
1077 982 1250 1039 fuerit
1267 1000 1367 1039 eos
1388 993 1573 1038 morte
1593 980 1784 1058 plecti.
1805 978 1967 1037 Alter

442 1065 517 1123 ab
542 1067 636 1125 illa
668 1068 892 1125 ratione
924 1069 1167 1125 multum
1200 1068 1444 1127 discedit
1464 1113 1481 1142 ,
1518 1069 1616 1126 tali
1644 1080 1812 1146 pacto
1836 1086 1966 1123 sen-

444 1174 568 1212 sum
593 1155 933 1213 enucleans:
962 1159 1062 1212 Me
1077 1170 1139 1213 ut
1157 1162 1213 1213 in
1232 1157 1339 1213 hac
1356 1161 1448 1213 lite
1465 1163 1720 1225 vincatis,
1746 1161 1966 1211 omnino

440 1244 570 1312 fter-i
594 1262 702 1298 non
726 1256 908 1317 potest
926 1264 945 1297 .·
966 1245 1112 1320 quod
1127 1249 1178 1299 si
1197 1257 1384 1300 tamen
1392 1245 1532 1316 fiat,
1568 1245 1710 1300 m‘laeil
1729 1251 1836 1300 erit
1853 1249 1966 1298 im·-

447 1336 609 1403 que’us
633 1350 651 1383 :
690 1332 829 1404 qm'd
869 1336 1016 1386 em'm
1052 1343 1139 1385 est
1165 1333 1413 1402 tandem,
1453 1334 1615 1405 quod,
1635 1333 1718 1386 ad
1738 1349 1965 1386 causam

447 1435 629 1472 meam
654 1420 998 1493 arguendam
1017 1425 1151 1490 jare
1176 1424 1298 1493 quis
1331 1417 1587 1494 pmsemt
1604 1420 1636 1472 P
1670 1422 1887 1476 Hans-r.
1907 1454 1970 1466 -

452 1507 557 1573 3-7
589 1504 669 1560 sic
700 1504 757 1560 in
787 1508 871 1574 V„
903 1506 996 1561 οὐκ
1023 1502 1085 1560 ἄν
1115 1502 1545 1581 με-νικήσητε,
1576 1503 1720 1563 οὐδέν
1744 1505 1857 1561 ἐστι
1881 1503 1968 1560 δί·

447 1611 593 1647 καεον
623 1588 737 1647 ἀντὶ
760 1595 850 1648 τοῦ
877 1591 979 1670 οὐχ
992 1591 1219 1668 ὑπάρχει
1242 1590 1441 1650 δίκαιόν
1469 1614 1523 1650 τι
1551 1592 1627 1671 (τι
1651 1610 1764 1649 om.
1791 1589 1972 1667 6.).-

453 1679 485 1732 5
518 1676 821 1743 ἀπελθόντες
847 1677 996 1737 delet
1018 1679 1322 1740 DobraeuS.
1347 1717 1412 1730 —
1440 1701 1472 1753 7
1505 1703 1567 1758 γε
1595 1700 1707 1737 om.
1732 1678 1862 1737 Ald.
1893 1711 1970 1723 -·

451 1764 486 1819 8
517 1783 600 1837 sq.
636 1767 788 1821 τοῦτο
817 1764 1013 1832 διπλῶς
1038 1774 1263 1826 νοεῖται·
1292 1764 1326 1836 ἢ
1356 1764 1435 1824 ὅτι
1454 1789 1579 1846 ταχ.
1606 1772 1750 1844 Reg.

533 1853 641 1920 487
665 1870 780 1910 om.
810 1853 883 1912 Θ.
908 1889 970 1902 -
1001 1854 1068 1910 13
1099 1873 1187 1932 sq.
1222 1852 1529 1931 Κομμάτιον
1541 1853 1859 1934 ..τέταρτον
1885 1855 1976 1912 in-

455 1937 539 1993 fra
570 1950 701 2014 post
722 1937 973 1997 δάκτυλον
999 1941 1037 1998 l.
1070 1961 1142 2016 ¹9
1172 1944 1337 2019 ponit
1360 1946 1458 2008 V„
1484 1942 1585 2017 qui
1606 1944 1719 2000 ἐστι
1755 1963 1868 2001 om.
1895 1975 1975 1987 —

463 2033 525 2092 14
564 2024 653 2083 τὸν
679 2024 710 2083 δ
733 2029 803 2085 V.
830 2028 901 2093 εἰς
917 2025 978 2085 τὸ
999 2025 1248 2106 τέταρτον
1277 2028 1408 2088 Ald.
1429 2066 1494 2082 --
1530 2050 1591 2101 ¹7
1618 2029 1978 2112 τετρασύλλα-

455 2110 545 2169 ὅον
565 2115 636 2169 R.
662 2117 730 2170 V.
752 2147 814 2160 —
842 2115 909 2170 18
934 2115 1007 2181 εἷς
1029 2114 1299 2187 συλλαὸήν
1329 2135 1442 2173 om.
1470 2120 1536 2173 V.
1569 2114 1780 2195 δέχεται
1818 2115 1874 2175 δὲ
1916 2117 1977 2176 τὸ

457 2199 834 2259 ἀναπαιστικὸν
856 2200 993 2261 κατὰ
1015 2203 1189 2272 πάσας
1209 2202 1387 2284 χώρας
1434 2202 1757 2263 ἀνάπαιστον
1784 2207 1979 2265 Ald...

465 2306 534 2361 19
556 2287 645 2345 καὶ
667 2307 782 2345 om.
807 2292 879 2345 R.
914 2293 979 2346 V.
1019 2292 1288 2350 σπονδεῖον
1311 2290 1503 2368 ίαμὸον
1546 2297 1616 2352 R.
1657 2291 1849 2370 ῑαμὸον
1886 2290 1978 2350 καὶ

456 2374 709 2433 δάκτυλον
735 2374 867 2432 libri
900 2377 1128 2453 quidam
1157 2379 1585 2457 Hephaestionis
1620 2400 1680 2458 p.
1715 2389 1807 2450 44.
1846 2384 1981 2438 Post

458 2461 572 2517 haec
596 2467 668 2520 R.
700 2463 866 2539 ponit
893 2462 997 2544 χρὴ
1029 2463 1198 2544 λέγειν
1238 2470 1377 2541 ἡμᾶς
1399 2464 1775 2545 ἀντιλέγοντας.
1801 2470 1939 2544 Reg.
1961 2486 1980 2527 τ

458 2542 619 2606 ’Ἔστι
638 2545 695 2604 δὲ
727 2548 1102 2607 ἀναπαιστικὸν
1122 2592 1138 2615 ,
1187 2556 1287 2629 οὐχ
1321 2550 1404 2610 ὅτι
1424 2550 1624 2617 πάντας
1665 2549 1784 2617 τοὺς
1814 2551 1981 2619 πόδας

459 2632 814 2699 ἀναπαίστους
837 2633 979 2713 ἔχει,
1008 2637 1124 2695 ἀλλ’
1155 2636 1236 2697 ὅτι
1269 2638 1482 2714 μάλισθ’
1500 2636 1582 2696 ὅτι
1607 2638 1946 2706 πλεονάζουσι
1962 2683 1982 2713 ,

462 2719 552 2779 καὶ
573 2719 651 2779 ἔτι
674 2723 875 2799 μᾶλλον
906 2719 989 2780 διὰ
1018 2723 1078 2782 τὸ
1103 2726 1164 2784 ἐκ
1188 2724 1383 2790 παντὸς
1417 2724 1505 2784 τὸν
1539 2727 1835 2784 τελευταῖον
1861 2725 1983 2798 ἤτοι

461 2806 505 2878 ζ’
533 2807 670 2867 πόδα
697 2809 785 2868 τὸν
807 2809 911 2892 πρὸ
932 2813 1028 2883 τῆς
1049 2814 1442 2886 καταληκτικῆς
1467 2812 1734 2884 συλλαὸῆς
1754 2812 1986 2874 ἀνάπαι-

465 2919 584 2957 στον
614 2888 765 2956 εἶναι.
809 2897 1112 2978 ἐπιδέχεται
1148 2899 1203 2959 δὲ
1248 2900 1335 2961 διὰ
1370 2900 1533 2979 μέσου
1576 2900 1855 2981 ἀδιάφορον
1891 2902 1984 2961 καὶ

463 2984 796 3058 σπονδείους,
827 2985 1049 3063 ἷάμὸους
1080 3011 1139 3047 τε
1174 2989 1265 3049 καὶ
1302 2987 1601 3055 δακτύλους.
1624 3025 1686 3039 --
1711 3009 1784 3046 αα
1810 3012 1984 3049 κατα-

459 3075 724 3143 ληκτικῶν
753 3071 863 3154 ρια’
885 3079 1030 3151 Reg.
1058 3112 1123 3127 --
1150 3087 1223 3146 24
1252 3075 1376 3156 πρὶν
1407 3076 1499 3135 καὶ
1526 3076 1733 3135 Ald.--
1753 3078 1829 3133 28
1865 3079 1986 3135 σελ-

460 3158 745 3239 ληνουντίῳ
768 3159 897 3217 Ald.
917 3164 1251 3220 Cori-ectum
1271 3182 1344 3220 ex
1366 3163 1786 3239 Hephaestione.

543 3244 680 3316 488,
704 3246 775 3313 37
810 3244 1077 3322 χαυνίῖιδες
1107 3247 1177 3306 Θ.
1201 3282 1263 3296 --
1290 3247 1362 3302 38
1393 3250 1461 3324 τῇ
1502 3244 1656 3328 πενία
1702 3243 1780 3324 μὴ
1812 3269 1988 3307 κατα-

464 3331 824 3407 μαλακισθῆτε
851 3335 921 3389 V.

545 3417 681 3492 493,
707 3418 781 3475 50
810 3436 897 3495 sq.
939 3416 1212 3495 Βούλευμα
1242 3422 1277 3490 ἡ
1304 3418 1447 3488 ἰδίως
1488 3418 1713 3479 ἑκάστου
1754 3418 1941 3499 γνώμη
1961 3464 1982 3491 ,

467 3501 709 3579 βούλημα
738 3502 795 3561 δὲ
828 3508 863 3575 ἡ
893 3504 1121 3584 δημοσία
1147 3504 1334 3584 γνώμη
1362 3511 1436 3569 V.
1458 3505 1521 3566 τὸ
1549 3507 1803 3585 δημόσιον
1832 3512 1902 3566 R.
1928 3522 1988 3567 et

464 3586 667 3645 suidas
693 3608 737 3647 s.
760 3589 1056 3669 Βούλευμα.
1083 3594 1283 3653 Paullo
1308 3594 1518 3653 rectius
1536 3608 1727 3653 autem
1752 3595 1990 3655 dixisset

468 3671 708 3750 βούλημα
732 3694 857 3734 esse
872 3676 933 3735 τὸ
950 3676 1102 3751 ἴδιον,
1133 3680 1396 3757 βούλευμα
1420 3692 1615 3738 autem
1635 3678 1696 3739 τὸ
1714 3679 1986 3757 δημόσιον.

468 3765 644 3817 Dum.
670 3767 985 3839 Sequentes
1021 3766 1228 3825 infimae
1258 3767 1441 3825 aetatis
1488 3768 1987 3843 grammaticorum

469 3848 872 3907 annotationes
892 3870 1008 3910 om.
1053 3853 1222 3913 etiam
1249 3855 1320 3913 Θ.
1343 3889 1404 3903 -
1436 3856 1466 3910 3
1497 3854 1660 3924 δηλοῖ.
1690 3859 1990 3917 structura

469 3933 622 3994 labat
654 3956 668 3991 :
706 3936 1052 3997 fulciendam
1094 3942 1304 4018 opinor
1342 3942 1453 4000 hoc
1488 3954 1659 4019 pacto
1685 3964 1699 4000 ε
1725 3942 1882 4013 δῆλον
1930 3948 1992 4006 ἐκ

468 4045 527 4081 π.
551 4045 601 4079 τ.
632 4022 936 4101 σημαίνειν,
978 4027 1098 4085 sive
1132 4028 1327 4104 potius
1355 4036 1631 4105 σημαῖνον.
1663 4034 1883 4091 Ηειιετ.
1914 4067 1991 4078 --

477 4129 499 4166 ι
513 4118 545 4177 4
565 4110 614 4168 οἱ
641 4105 858 4190 πονηροὶ
881 4122 993 4170 etc.
1014 4116 1149 4171 Haec
1175 4116 1346 4190 paulo
1373 4116 1715 4175 maculatius
1737 4137 1837 4177 ora
1862 4121 1992 4179 cod.

471 4203 650 4256 Dorv.
677 4187 756 4274 [et
784 4198 972 4277 Regii]
992 4200 1244 4274 ostendit
1284 4221 1316 4260 e
1351 4203 1584 4281 regione
1607 4224 1662 4263 v.
1690 4205 1823 4278 502,
1842 4208 1989 4266 503:

473 4283 690 4350 Ἰδόντες
718 4282 822 4367 γὰρ
859 4288 909 4344 οἱ
957 4286 1176 4369 πονηροὶ
1213 4286 1333 4355 τοὺς
1381 4290 1601 4368 ἀγαθοὺς
1647 4290 1733 4350 διὰ
1757 4298 1910 4354 τοῦτο
1934 4287 1991 4356 εῧ

471 4371 792 4455 πράττοντας
809 4416 828 4446 ,
860 4374 1189 4447 ἐθελήσουσιν
1218 4377 1308 4437 τὸν
1330 4381 1534 4459 πρῶτον
1563 4377 1804 4459 [πρόσθεν
1824 4385 1993 4462 Reg]

473 4460 687 4545 ἀφέντες
707 4460 816 4541 βίον
836 4462 1019 4541 [addit
1036 4468 1176 4541 neg.
1197 4474 1509 4543 μεταπεσεῖν
1530 4466 1616 4524 ἐπὶ
1633 4466 1721 4525 τὸν
1741 4469 1964 4547 ἀμείνω]
1977 4492 1990 4507 ·

471 4549 559 4609 ἵνα
586 4550 653 4608 δι’
680 4548 806 4609 αὗτὸ
848 4542 904 4609 εὖ
935 4549 1189 4612 πάθωσιν.
1226 4557 1312 4615 Ex
1354 4554 1589 4613 scholiis
1633 4554 1802 4613 editis
1821 4599 1841 4630 ,
1869 4578 1995 4634 quae

471 4643 603 4698 loco
626 4639 850 4717 aptiore
882 4639 1266 4716 collocantur,
1297 4643 1597 4701 emendam
1628 4656 1760 4701 sunt
1786 4645 1992 4707 facilia.

475 4728 693 4783 linus‘r.
719 4760 781 4773 —
801 4745 873 4782 αα
900 4724 955 4785 δὲ
983 4732 1202 4806 σημειοῦ
1229 4730 1321 4788 vel
1346 4728 1641 4806 σημείωσαι
1667 4733 1884 4789 Hemst.

553 4813 666 4888 496
707 4821 874 4892 φυγεῖ.
903 4814 1049 4873 Mira
1066 4835 1256 4894 neque
1275 4837 1512 4896 usquam
1545 4816 1719 4888 mihi,
1745 4819 1855 4878 nisi
1882 4820 1996 4879 hoc

472 4901 629 4970 loco,
672 4898 815 4958 lecta
850 4900 1028 4959 futuri
1074 4904 1275 4964 forma.
1325 4910 1617 4969 Scaena.
1657 4913 1795 4987 Reg.
1838 4920 1993 4967 recte

473 5008 631 5066 Ψυγῃ·

2046 621 2424 700 κακοδαιμονία
2448 620 2550 693 εἴη.
2574 620 2792 686 Ἄλλως.
2808 623 2903 679 οὐκ
2924 615 3356 677 ἐπιλύσειταῦτα
3372 617 3407 672 ὁ
3430 615 3592 670 πλοῖ)-

2047 730 2169 786 τος,
2206 709 2271 780 ἤν
2301 732 2431 768 ποτε
2483 707 2650 788 βλέψῃ
2674 753 2691 782 ,
2738 705 2874 787 φημὶ
2923 696 3055 764 εἶναι
3089 703 3208 763 ὁδὸν
3229 748 3251 776 ,
3287 700 3469 772 ἥντιν’
3501 698 3592 758 ἰὼν

2047 803 2154 863 τοῖς
2180 796 2470 876 ἀνθρώποις
2497 794 2668 873 ἀγαθὰ
2699 794 2860 871 μείζω
2888 791 3141 863 ποιήσειε.
3163 828 3228 841 -
3258 791 3338 848 53
3371 791 3426 846 εἰ
3452 787 3596 846 παύ-

2051 905 2131 940 σει
2157 882 2457 940 DobraeuS.
2480 879 2714 940 ἐπιλύσει
2733 881 2887 939 libri.
2915 906 2939 931 ι
2957 884 3084 938 Hoc
3112 898 3297 936 unum
3320 879 3418 935 'est
3435 875 3600 932 intri-

2051 970 2476 1027 catissimorum
2501 971 2561 1027 in
2577 969 2723 1026 hanc
2753 967 3002 1025 fabulam
3033 966 3426 1024 scholiorum.
3447 960 3597 1018 Illud

2051 1056 2282 1115 ἕπιλύσει
2306 1069 2406 1114 aut
2425 1056 2636 1114 mendo
2662 1055 2888 1113 laborat
2908 1056 3256 1125 inveterato,
3279 1049 3456 1127 quod
3476 1050 3601 1105 sine

2057 1142 2404 1202 membranis
2443 1141 2858 1220 integrioribus
2908 1142 3075 1219 plane
3122 1139 3252 1196 tolli
3295 1145 3600 1213 nequeat,

2053 1243 2151 1288 aut
2196 1230 2479 1308 ejusmodi
2528 1234 2722 1288 versus
2774 1227 3174 1305 Aristophanei
3233 1225 3600 1300 scripturam

2055 1318 2309 1393 postulat
2345 1339 2359 1374 ε
2403 1315 2613 1378 Οὔκουν
2642 1306 2776 1374 εἷναί
2820 1314 2950 1394 φημ’
2987 1311 3264 1393 (ἐπιλύσει
3308 1312 3513 1382 ταῦτ’,
3537 1306 3600 1378 ἢν

2059 1402 2226 1484 βλέψῃ
2248 1404 2365 1463 ποθ’
2380 1449 2397 1479 ,
2425 1410 2454 1464 ὁ
2485 1403 2763 1481 Πλοῦτος)
2791 1401 2949 1462 Ὁδὸν
2971 1414 3084 1462 etc.
3103 1403 3460 1473 Nemiquam
3485 1416 3606 1453 esse

2056 1498 2146 1547 αἰο
2180 1494 2364 1570 (solvet
2397 1513 2494 1549 eas
2518 1492 2876 1566 difficultates
2902 1503 2962 1546 et
2987 1491 3236 1546 discutiet
3258 1530 3275 1558 ‚
3315 1493 3374 1542 si
3414 1491 3606 1541 visum

2058 1583 2281 1637 tandem
2305 1583 2606 1657 aliquando
2638 1584 2994 1654 recuperarit,
3013 1576 3248 1651 Plutus)
3280 1580 3449 1631 viam
3471 1586 3609 1641 etc„

2059 1687 2303 1744 quorum
2334 1682 2398 1726 ut
2424 1681 2714 1728 structura
2743 1678 2829 1724 est
2858 1665 3124 1733 molesta,
3149 1664 3233 1720 ita
3262 1681 3482 1719 sensus
3512 1681 3610 1718 sa-

2061 1755 2132 1813 tis
2170 1757 2508 1834 perspicuus
2537 1775 2552 1811 t
2582 1773 2719 1831 ergo
2759 1750 3186 1810 reformandum
3216 1748 3463 1807 videtur
3501 1747 3616 1804 hoc

2061 1842 2191 1898 loco
2220 1864 2233 1898 :
2263 1847 2291 1901 ὁ
2331 1848 2476 1908 νοῦς,
2504 1839 2689 1899 οὔκουν
2729 1835 3248 1919 (ἑπιλύσεμ-βλέψῃ)
3281 1832 3437 1914 φημὶ
3467 1848 3614 1902 etc.;

2064 1928 2231 2005 hujus
2262 1942 2454 1987 autem
2484 1928 2688 1986 scholii
2715 1927 2839 1983 finis
2878 1939 2964 1984 est
2989 1925 3332 1982 statuendus
3363 1924 3429 1980 in
3471 1922 3617 1998 ἄμε-

2061 2038 2179 2095 τρος
2225 2016 2262 2073 l.
2309 2036 2381 2088 23
2428 2015 2638 2073 exinde
2688 2014 2845 2072 aliud
2897 2012 3103 2089 incipit
3132 2032 3145 2067 ε
3175 2010 3243 2071 Ὁ
3285 2015 3414 2075 νοῦς
3455 2012 3620 2080 δῆλος

2064 2100 2214 2161 ἀναὸ.
2235 2105 2454 2174 ποιῆσαι
2476 2125 2489 2141 ·
2515 2101 2673 2180 quod
2696 2121 2807 2178 ego
2834 2113 3029 2160 metuo
3054 2117 3127 2157 ne
3146 2098 3409 2175 quadam
3443 2110 3620 2175 parte

2064 2189 2138 2246 sit
2162 2189 2484 2247 mutilatum
2511 2211 2525 2245 z
2551 2186 2735 2246 οὔκουν
2759 2200 2912 2245 certe
2935 2187 3046 2262 legi
3072 2184 3244 2243 debet
3263 2230 3284 2256 ,
3316 2198 3378 2242 et
3406 2188 3618 2261 ἀγαθόν

2063 2298 2116 2334 τι
2147 2278 2340 2353 μεῖζον·
2372 2277 2522 2334 forte
2543 2276 2748 2348 etiam,
2765 2273 2905 2352 λέγω
2936 2272 2991 2331 δὲ
3016 2270 3095 2331 ὅτι
3122 2285 3234 2330 etc.
3263 2273 3385 2332 Vix
3407 2284 3616 2330 autem

2067 2363 2297 2422 dubites
2322 2364 2462 2441 quin
2490 2363 2634 2421 illud
2661 2360 2697 2433 ἢ
2726 2363 2769 2420 ’ν
2786 2406 2802 2433 ,
2826 2362 2982 2440 quod
3017 2360 3446 2420 restituendum
3497 2381 3618 2437 pu-

2069 2451 2220 2524 tavi,
2248 2451 2419 2528 hujus
2445 2451 2793 2509 enarratoris
2821 2450 3165 2509 auctoritate
3185 2450 3479 2507 firmetur.
3510 2455 3618 2507 Se-

2068 2539 2266 2615 quitur
2286 2540 2325 2597 l.
2357 2538 2391 2595 5
2421 2558 2527 2615 sq.,
2547 2536 2676 2598 Ἐὰν
2701 2534 3483 2616 δέτιςπροσθείη-πορίσειεν,
3504 2537 3618 2595 ite-

2069 2645 2196 2683 rum
2223 2625 2297 2688 ab
2324 2627 2439 2684 alio
2471 2626 2795 2704 profectum
2817 2649 2834 2698 ;
2862 2625 3085 2703 quippe
3110 2624 3211 2700 qui
3251 2626 3614 2688 sententiam

2070 2731 2202 2770 eum
2229 2714 2285 2770 in
2315 2712 2552 2771 modum
2587 2713 2862 2789 explanet
2890 2723 2954 2772 ut
2997 2723 3198 2788 poscat
3236 2711 3427 2769 οὖκοῦν
3454 2735 3470 2747 ·
3507 2732 3612 2769 ce·-

2073 2811 2257 2858 terum
2287 2801 2438 2859 sicut
2463 2800 2931 2863 absurdissimam
2961 2800 3263 2858 lectionem
3304 2801 3614 2877 pauloque

2075 2900 2203 2965 post
2226 2891 2434 2947 merito
2463 2900 2718 2948 notatam
2746 2889 2997 2959 invenit,
3020 2890 3250 2959 Οὐκοῦν,
3280 2880 3415 2946 εἶναί
3443 2911 3610 2968 φημι,

2071 2973 2263 3035 παύσει
2289 2980 2438 3035 ταῦτ’
2461 2974 2526 3047 ἢν
2557 2973 2726 3057 βλέψῃ
2756 2976 2873 3034 ποθ’
2896 2979 2925 3032 ὁ
2945 2976 3199 3047 Πλοῦτος,
3223 2975 3410 3048 “Οδὸν,
3431 2975 3608 3044 ἥντιν’

2076 3060 2199 3136 ἰὼν,
2223 3072 2327 3131 τοῖς
2355 3067 2502 3146 ἀνθρ.
2532 3077 2639 3122 etc.
2658 3107 2675 3136 ,
2716 3065 2795 3122 ita
2833 3062 2957 3120 fieri
2991 3082 3110 3120 non
3154 3064 3347 3139 potuit
3394 3065 3568 3121 aliter
3590 3104 3608 3128 ,

2078 3171 2249 3228 quam
2275 3164 2341 3209 ut
2373 3152 2820 3230 explicationem
2846 3162 3164 3227 promeret
3201 3170 3319 3208 non
3350 3151 3611 3209 dissimi-

2075 3239 2205 3296 lem.
2229 3239 2482 3297 Eandem
2511 3258 2746 3316 prorsus
2773 3236 2856 3296 illi
2881 3238 3226 3314 scripturam
3249 3236 3607 3308 habuerunt,

2075 3325 2286 3401 quibus
2313 3323 2416 3406 γὰρ
2445 3326 2801 3385 extrinsecus
2828 3324 3220 3383 asciscendum
3263 3324 3610 3396 videbatui-3

2080 3413 2300 3471 tametsi
2325 3414 2549 3471 ratione
2576 3413 2808 3489 paulum
2830 3411 3058 3470 diversa
3085 3411 3349 3469 ordinem
3379 3414 3610 3472 oratio-

2076 3501 2164 3557 nis
2204 3499 2637 3557 constituerent.
2663 3525 2688 3552 »
2731 3503 2955 3557 Heus-r.
2989 3499 3218 3556 Primus
3267 3499 3610 3559 scholiaste-

2075 3587 2214 3664 legit
2232 3588 2418 3645 οὐκοῦν
2443 3576 2577 3645 εἶναί
2618 3585 2752 3667 φημ’
2794 3588 2839 3643 εἴ
2873 3582 3070 3644 παύσει
3102 3584 3251 3644 ταῦτ’
3292 3583 3359 3656 ἢν
3407 3585 3609 3669 βλέψῃ.

2076 3672 2311 3733 ἐπιλύσει
2328 3693 2496 3734 error
2517 3673 2719 3731 scribae
2739 3692 2848 3751 pro
2869 3674 2914 3730 εἰ
2940 3669 3154 3731 παύσει.
3180 3674 3500 3745 Secundus,
3526 3677 3613 3733 in-

2077 3763 2296 3841 cipiens
2317 3805 2335 3836 ,
2361 3753 2684 3842 κακόμετρος
2710 3759 2767 3819 δὲ
2792 3751 2943 3826 οὗτος
2963 3804 2980 3833 ,
3018 3761 3204 3819 οὐκοῦν
3242 3751 3378 3819 εἶναί
3423 3784 3569 3841 φημι
3585 3808 3608 3839 ,

2077 3849 2268 3909 παύσει
2292 3850 2437 3908 ταῦτ’
2463 3848 2529 3922 ἢν
2567 3848 2754 3927 βλέψῃ.
2783 3848 2869 3907 Illi
2904 3861 3127 3920 autem,
3151 3849 3254 3925 qui
3281 3849 3383 3906 illo
3405 3847 3616 3924 judice

2081 3942 2247 4017 plane
2273 3937 2510 4019 ἀμέτρως
2538 3934 2821 4013 legebant,
2852 3939 3044 3994 forsan
3070 3936 3420 3995 exhibebant
3450 3960 3614 4017 φημι,

2079 4025 2269 4088 παύσει
2309 4024 2505 4097 ταύτην
2548 4022 2613 4094 ἢν
2661 4020 2850 4103 βλέψῃ.
2893 4024 2959 4082 In
2989 4023 3116 4081 istis
3155 4024 3194 4081 Ι.
3235 4043 3306 4098 9,
3335 4022 3394 4081 τὸ
3418 4026 3612 4081 οὐκοῦν

2081 4112 2428 4196 ἀποφαντικὸν
2477 4113 2688 4189 (quam
2736 4130 2941 4168 vocem
2984 4111 3161 4182 niale,
3207 4124 3273 4168 ut
3320 4123 3465 4187 puto
3485 4154 3504 4181 ‚
3543 4112 3612 4168 in

2081 4199 2398 4281 ἀποφατικὸν
2416 4211 2600 4257 mutat
2610 4198 3053 4274 Hemsterhus.),
3080 4196 3264 4274 major
3279 4197 3610 4257 difficultas.

2080 4298 2220 4350 Nam
2269 4288 2477 4361 verba,
2510 4284 2865 4365 ἀποφαντικὸν
2906 4287 2991 4342 δτι
3016 4282 3192 4342 οὐκέτι
3219 4285 3614 4361 κακοδαιμονία

2081 4379 2198 4451 εἴη,
2238 4376 2378 4435 satis
2417 4375 2569 4433 clare
2604 4373 2864 4432 indicant
2903 4372 3212 4430 lectionem
3250 4374 3375 4441 vel,
3405 4374 3537 4450 φημ’
3565 4372 3612 4444 ἢ

2079 4464 2272 4525 παύσει
2298 4462 2476 4532 ταῦτ’,
2502 4459 2709 4533 ἢ-νεΙ
2726 4501 2743 4529 ,
2763 4458 2900 4540 φημὶ
2924 4456 3116 4517 παύσει
3138 4459 3283 4516 ταῦτ’
3300 4458 3611 4531 *nv—certe

2083 4553 2246 4625 ταῦτ’,
2283 4569 2401 4607 non
2430 4547 2657 4618 ταύτηνι
2690 4547 2800 4605 nisi
2827 4547 3024 4605 forsan
3067 4544 3144 4607 ad
3171 4545 3370 4616 ταύτην
3412 4566 3610 4605 arces-

2081 4641 2244 4702 sebat
2266 4640 2443 4697 homo
2471 4635 2648 4693 futilis
2688 4630 3098 4709 κακοδαιμονίαν
3137 4653 3212 4691 ex
3234 4653 3287 4689 v·
3333 4634 3463 4690 501.
3499 4634 3605 4690 nis

2085 4749 2222 4788 vero
2248 4724 2542 4802 interjecta
2565 4721 2867 4781 manifesto
2896 4721 3186 4799 explicant
3209 4721 3378 4778 aliam
3405 4721 3606 4777 lectio-

2083 4837 2247 4889 nem,
2270 4818 2318 4874 εἰ
2348 4810 2541 4871 παύσει
2573 4806 2790 4880 ταύτην.
2813 4813 2903 4867 An
2936 4807 3271 4885 legendum,
3311 4806 3376 4865 τὸ
3417 4806 3606 4865 οὐκοῦν

2082 4898 2852 4985 ἀποφαντικὸν--πλοῦτος,
2894 4892 3071 4956 οὐκέτι
3112 4892 3494 4973 κακοδαιμονία
3538 4892 3601 4953 ἂν

2083 4994 2166 5067 εἴη
2190 5014 2204 5050 2
2225 4988 2400 5051 -Τὸ
2434 4985 2584 5058 ἑξῆς·
2627 4985 2921 5045 οὗκοῦν-ὃ
2967 4985 3204 5051 Πλοῦτος
3245 4982 3445 5065 βλέψας
3471 4982 3492 5061 (
3511 4981 3603 5041 vei
