3859 5725
1700 260 1972 366 ¹12'1115131.

268 467 425 513 ‘recte
450 453 621 514 refert
646 454 713 511 V.
780 494 784 498 Α
824 452 856 509 3
883 447 1006 523 ὅλου
1030 446 1235 519 codex,
1264 443 1423 523 quod
1457 439 1796 503 Diodorlius

269 542 523 599 correxit
548 560 620 601 ex
648 538 873 597 scholio
900 539 974 597 Θ.
997 569 1061 584 -
1084 539 1119 594 6
1147 532 1290 613 τάχα
1305 530 1505 591 codex.
1534 526 1800 593 Correxit

270 628 609 687 Dindorfius
660 646 733 685 ex
764 628 834 687 Θ.
866 628 1003 684 Post
1045 620 1231 700 κόμμα
1267 618 1426 683 addit
1454 623 1526 679 V.
1571 637 1700 696 quae
1736 615 1797 673 in

270 714 502 774 scholio
522 714 734 773 Aldino
766 713 1061 790 leguntur,
1090 709 1278 777 ἄλλως.
1310 704 1427 767 ἀντὶ
1454 709 1546 765 τοῦ
1573 707 1800 764 εἰπεῖν-

274 807 303 862 ὁ
326 802 493 887 λόγος.
512 842 581 853 -
602 824 656 877 7.
684 800 954 882 Χοίραγμα
966 805 1291 876 pecuniam,
1307 810 1580 857 monetam
1606 800 1800 871 signa-

272 906 387 948 tam
418 896 651 949 Graecos
676 888 979 949 inferiores
999 906 1204 947 vocare
1224 885 1422 949 docuit
1443 882 1794 959 Ducaugius.

268 977 633 1037 Vocabulum
659 976 733 1035 ab
766 976 1019 1055 antiquis
1040 974 1304 1047 ductum,
1334 970 1546 1051 quibus
1573 990 1693 1029 non
1712 986 1801 1028 so-

271 1067 390 1137 lum
416 1066 703 1147 χαράσσειν
734 1085 931 1123 numos
957 1067 1190 1145 eudem,
1225 1074 1286 1123 et
1322 1057 1799 1142 παραχαράσσειν,

271 1148 374 1213 sed
398 1152 569 1215 etiam
598 1150 875 1235 χαρακτὴρ
903 1167 1034 1211 nota
1054 1158 1311 1229 ,signum
1348 1156 1670 1209 auctoritare
1682 1168 1801 1227 pua

272 1242 413 1300 blica
452 1248 691 1299 nummis
734 1248 1103 1316 imptessum3
1142 1238 1298 1311 unde
1320 1236 1490 1295 ssuxit
1529 1235 1803 1297 solemnis

269 1331 368 1389 illa
394 1329 671 1411 loquendi
703 1329 950 1391 formula
974 1325 1278 1387 ἕπιὸἄλλειν
1303 1327 1636 1406 χαρακτῆρα.
1672 1324 1803 1381 Ari-

276 1431 410 1477 stot.
444 1416 609 1477 Polit.
641 1439 693 1489 ι,
726 1437 776 1475 c.
818 1414 886 1474 6:
912 1414 974 1474 τὸ
993 1410 1047 1473 δὲ
1064 1416 1359 1475 τελευταῖον
1378 1410 1470 1475 καὶ
1488 1413 1802 1493 χαρακτῆρα

279 1501 708 1563 ἔπιὸαλλόντων·
734 1523 844 1585 pro
872 1524 943 1567 eo
972 1501 1155 1576 dixit,
1199 1496 1457 1583 ἐπικόψας
1489 1501 1801 1581 χαρακτῆρα

266 1592 497 1651 OEcon.
525 1613 583 1667 2,
613 1613 662 1650 c.
680 1612 773 1650 20.
804 1590 1148 1669 Polyaenus
1130 1611 1191 1651 ιιι
1220 1589 1394 1665 sacto,
1419 1589 1587 1667 quale
1616 1588 1803 1649 suerat

271 1674 346 1736 ab
372 1680 682 1738 Aristotele
710 1692 1043 1751 narratum
1071 1678 1243 1757 plane
1272 1677 1448 1739 simili
1476 1676 1551 1748 6,
1576 1696 1628 1732 c.
1660 1696 1735 1751 9,
1766 1676 1800 1751 §

278 1786 331 1839 1,
353 1764 508 1824 ἄλλον
526 1768 842 1850 χαρακτῆρα
861 1763 1155 1827 ἐπιὸαλών·
1180 1764 1354 1835 modo
1373 1765 1501 1865 pari
1520 1773 1804 1840 potestate

271 1867 655 1930 usurpaverat
692 1850 1067 1930 μετακόπτειν.
1100 1852 1350 1915 Dubites
1375 1853 1598 1931 itaque,
1641 1870 1714 1909 au
1741 1850 1800 1909 in

270 1934 687 2003 Alcidamantis
728 1947 884 2007 Orat.
912 1963 1023 2022 pro
1050 1944 1258 2021 Ulysse
1284 1954 1485 2001 contra
1515 1936 1802 1999 Palamed.

274 2051 334 2109 p.
372 2032 502 2104 186,
524 2032 620 2103 36,
641 2033 799 2108 quod
826 2033 1002 2109 vulgo
1020 2028 1261 2111 legitur,
1286 2030 1583 2091 Phoenices
1605 2030 1807 2110 πρῶτοι

278 2141 593 2199 χαρακτηρα
613 2114 857 2195 ἔὸαλλον,
877 2119 1271 2197 refingendum
1295 2120 1369 2177 sit
1393 2120 1454 2178 in
1478 2115 1803 2178 ἔπίὸαλλον·

282 2208 544 2284 quamvis
559 2209 815 2309 alioquin
833 2209 1081 2287 simplex
1101 2207 1345 2267 verbum
1356 2207 1665 2284 compositi
1682 2206 1806 2265 viee

270 2296 506 2352 tolerari
548 2297 749 2374 possit.
797 2298 946 2356 Hinc
988 2295 1364 2357 illustrandus
1404 2307 1492 2353 est
1527 2294 1809 2353 Arrianus

272 2383 462 2460 Epict.
493 2384 562 2453 3,
590 2404 641 2443 c.
675 2405 751 2442 22
778 2404 894 2464 ,.p
933 2388 1091 2452 314.
1120 2381 1197 2441 ἰδὲ
1234 2381 1541 2466 χαρακτήρ·
1586 2381 1657 2439 ἴδ’
1689 2383 1809 2443 ἐπι-

268 2467 444 2542 6ολή·
477 2484 536 2530 et
564 2476 844 2533 Isocrates
868 2473 959 2531 Ad
976 2477 1218 2532 Demon.
1252 2493 1309 2550 p.
1339 2473 1396 2545 3,
1424 2475 1511 2531 D:
1532 2462 1608 2537 οἷς
1630 2470 1807 2550 (Her-

262 2558 385 2616 culi
430 2578 496 2619 ac
529 2559 796 2643 Theseo)
825 2564 858 2632 ἡ
897 2563 1003 2619 τῶν
1030 2560 1253 2642 τρόπων
1300 2558 1460 2642 ἀρετὴ
1495 2561 1805 2631 τηλικοῦτον

271 2644 499 2714 εὐδοξίας
526 2669 845 2731 χαρακτηρα
868 2657 976 2718 τοῖς
999 2647 1168 2732 ἔργοις
1194 2647 1488 2710 ἕπε’ὅαλεν·
1513 2668 1689 2727 quem
1713 2648 1805 2706 lo-

271 2753 404 2792 cum
455 2736 709 2813 reperies
747 2736 1067 2797 adductum
1113 2758 1147 2796 a
1193 2739 1377 2799 schol.
1415 2738 1693 2817 Sophocl.
1733 2739 1807 2797 ad

269 2820 480 2883 Trach.
519 2843 576 2882 v.
615 2845 744 2904 1¹9·
781 2829 1007 2888 Hus‘r.
1042 2828 1137 2908 τοῦ
1190 2824 1446 2900 κιὸδήλου
1481 2824 1805 2905 νομίσματος

268 2910 446 2968 Paris.

351 2995 489 3075 869,
522 3019 592 3075 19
617 2997 722 3081 ἄρα
747 3019 862 3062 om.
888 3002 1056 3060 9.-
1089 3020 1164 3064 20
1191 2999 1283 3060 καὶ
1319 2997 1407 3060 διὰ
1437 3006 1593 3062 τοῦτο
1628 3003 1809 3062 πάντα

268 3083 354 3143 lit.
385 3087 561 3152 Paria.

353 3171 424 3246 82·
395 3194 490 3246 2,
520 3177 595 3232 26
640 3174 776 3236 Ἀντὶ
805 3179 898 3234 τοῦ
944 3173 1296 3253 σεσοὸημίνος
1331 3180 1488 3234 lt.-
1514 3197 1586 3248 27
1633 3199 1806 3236 κατα-

272 3259 815 3371 μωκώμενος-λέγει
834 3268 907 3321 V.
936 3263 1154 3334 «Quod
1186 3264 1474 3338 comicos,
1512 3277 1578 3324 ut
1614 3268 1804 3324 Dores

271 3339 682 3424 irriderent,'³
642 3374 688 3410 ω
709 3349 960 3430 Δάματερ
996 3350 1326 3414 adhibuisse
1359 3365 1522 3412 notat
1552 3352 1803 3412 scholia-

269 3450 385 3496 stes
402 3440 622 3519 ,longe
642 3440 865 3499 recedit
889 3440 963 3500 ab
1002 3441 1251 3500 aliorum
1298 3442 1802 3519 grammaticorum

274 3528 558 3588 sententia
579 3572 596 3599 ,
635 3529 738 3606 qui
764 3530 1091 3588 Atticorum
1120 3548 1285 3607 aeque
1316 3549 1385 3589 ac
1425 3532 1651 3589 Dorum
1678 3550 1805 3589 eam

272 3615 517 3676 sormam
549 3636 673 3676 esse
696 3618 994 3696 propriam
1016 3629 1280 3676 statuunt
1318 3641 1334 3676 ε
1368 3619 1502 3676 vide
1541 3619 1801 3677 Eustath.

270 3701 344 3761 ad
370 3704 437 3764 11.
460 3712 524 3777 Α,
544 3725 603 3782 p.
637 3724 728 3778 ι2,
748 3705 810 3778 6,
839 3705 953 3765 od.
983 3710 1054 3778 Α,
1080 3725 1138 3784 p.
1176 3707 1345 3780 1385,
1377 3707 1475 3778 53,
1498 3719 1560 3764 ct
1587 3725 1660 3768 ex
1685 3708 1802 3766 fle-

271 3791 484 3851 raclide
512 3792 586 3850 ad
617 3792 729 3853 Od.
757 3794 827 3864 Υ,
858 3812 921 3871 p.
956 3795 1129 3871 1892,
1151 3793 1377 3868 4³‚ubi
1402 3806 1689 3854 ntemorat
1714 3793 1802 3854 τὸν

269 3882 362 3936 τοῦ
382 3885 619 3958 κωμικοῦ
645 3882 901 3944 Πλοῦτον.
923 3910 947 3936 1·
985 3887 1213 3948 Hans-tu
1235 3923 1300 3937 --
1330 3887 1405 3944 28
1436 3904 1521 3961 sq.
1549 3887 1579 3942 ὁ
1611 3880 1665 3944 δὲ
1687 3889 1805 3950 ναῦς

270 3970 589 4043 -είσῆλθω
617 3981 753 4030 ante
778 3967 1241 4048 καταμωκώμενος
1268 3973 1439 4050 ponit
1459 3976 1527 4034 V.
1560 3971 1805 4054 ἐπηρμέ-

268 4117 459 4185 νωςΘ.
480 4115 787 4199 ἔπηρμένως
807 4117 877 4176 R.
899 4113 1201 4200 ὖπῃρμένος
1225 4113 1354 4182 Ald.

349 4205 484 4279 873.
510 4201 784 4264 Scholion
808 4207 1094 4264 recentius
1111 4207 1464 4284 ,confictum
1492 4209 1800 4270 maximam

270 4307 492 4371 partem
552 4312 626 4350 ex
673 4291 893 4374 Etym.
914 4293 989 4351 M.
1034 4313 1079 4352 s.
1122 4287 1459 4376 Συκοφαντία
1515 4309 1574 4354 et
1624 4297 1797 4360 Συκο-

269 4377 764 4464 φανται.1)ιαιι.-
788 4382 863 4439 35
886 4381 1087 4463 πικρῶς
1116 4381 1342 4440 Bemst.
1389 4385 1627 4464 σμικρῶς
1665 4383 1796 4454 ΑΜ.

266 4468 496 4549 ἀκριὸιῗις
515 4473 740 4547 Reg.-
759 4469 834 4532 36
861 4465 1014 4548 λόγος
1039 4463 1144 4529 ἀπὸ
1161 4471 1233 4532 Θ.
1261 4508 1318 4522 --
1345 4471 1415 4544 37
1449 4491 1533 4554 sq.
1570 4470 1664 4544 τὴν
1687 4475 1800 4532 ὄνο-

268 4556 465 4636 μασίαν
492 4556 797 4617 DobraeuS.
841 4581 901 4624 το
926 4558 1095 4640 ὄνομα
1130 4557 1439 4621 KusteruS.
1477 4557 1566 4618 τὸν
1598 4558 1798 4640 ὀνομά-

267 4665 431 4704 σαντα
458 4645 678 4705 Ald.1n
699 4651 885 4722 Etym.
911 4651 993 4707 M.
1026 4644 1221 4722 συνέὸη
1242 4644 1578 4722 δὶιιαιτοὺςε
1557 4653 1795 4710 υπωσοῦν

265 4738 684 4815 κατηγοροῦντας
705 4733 845 4800 τινὸς
869 4733 1343 4822 φιλαπεχθημόνως
1372 4719 1510 4795 οὔτω
1532 4759 1793 4818 προσαγο·

266 4828 523 4905 ρεύεσθαι.
553 4825 715 4892 -48
747 4823 903 4896 δῆλον
939 4841 1055 4882 om.
1080 4823 1151 4883 Θ.
1193 4813 1370 4902 ἔλεγον
1419 4822 1683 4886 additum
1721 4847 1801 4892 ex
1884 4821 2034 4896 bitS

265 4915 453 4986 Etym.
480 4917 564 4974 Μ.
592 4905 811 4973 ἐκάλουν
843 4913 1012 4991 Reg„
1043 4909 1142 4990 qui
1171 4919 1238 4980 41
1271 4931 1383 4970 om.
1413 4910 1705 4996 συκοὸίους.
1732 4953 1793 4965 -

3300 312 3412 362 589

1882 433 2016 493 Ald.
2039 431 2129 491 καὶ
2158 429 2389 500 συκάδας
2412 430 2502 489 καὶ
2536 428 2828 497 συκόποδας
2867 437 3030 509 Reg„
3073 432 3315 492 fortasse
3343 452 3416 492 ex

1882 522 2157 583 Cratineo
2185 518 2542 587 συκοπέδιλος.
2563 556 2627 567 -
2652 518 2723 589 43
2751 517 2929 579 πάντα
2955 522 3173 579 Hemst.
3218 518 3417 599 ἐγκλή-

1884 632 2031 686 ματα
2049 629 2164 667 om.
2184 608 2255 669 Θ.
2285 606 2517 669 scholio
2544 606 2753 665 Aldino
2780 607 2839 665 in
2859 613 3019 667 Junt.
3042 608 3419 685 praemissum,

1882 703 1912 758 ὁ
1943 697 2273 781 συκοφάντης
2294 699 2351 756 οὗ
2382 693 2592 761 δικαίως
2620 693 2849 773 τοῦνομα
2885 696 2938 754 ἐν
2966 696 3109 755 τοῖσι
3175 700 3422 777 οχθηροῖ·

1885 786 1968 846 σίν
1989 790 2104 847 ἐστι
2125 785 2398 863 κείμενον·
2427 781 2534 842 ἔδει
2555 780 2690 864 γὰρ,
2715 780 2857 849 ὅστις
2882 718 3195 863 χρηστὸςξν
3219 780 3349 854 ἡδῦς
3370 780 3420 840 τ’

1885 873 2044 956 ἀνὴρ,
2077 871 2144 932 τὰ
2167 878 2301 933 σῦκα
2323 869 2677 953 προστιθέντα
2718 870 2908 941 δηλουν
2951 869 3040 929 τὸν
3068 868 3280 952 τρόπον.
3308 866 3421 929 νυνὶ

1886 961 1943 1021 δὲ
1967 961 2096 1041 πρὸς
2120 958 2388 1041 μοχθηρὸν
2416 956 2517 1030 ἡδυ
2550 956 2871 1059 προστεθὲν,
2909 961 3122 1041 ἀπορεῖν
3162 954 3421 1029 πεποίηκε

1886 1047 1973 1108 διὰ
1996 1046 2050 1107 τί
2077 1045 2222 1109 τοῦθ’
2245 1045 2408 1113 οὕτως
2438 1044 2582 1125 ἕχει·
2611 1046 2709 1126 qui
2739 1044 2996 1105 Alexidis
3023 1065 3222 1104 versus
3256 1057 3423 1114 sunt,

1888 1150 1942 1194 t1
1942 1135 2220 1217 anscrtptt
2245 1154 2317 1193 ex
2356 1133 2635 1193 Athenaeo
2669 1134 2733 1207 3,
2761 1153 2820 1211 p.
2859 1142 2954 1206 74,
2984 1137 3045 1191 F.
3073 1169 3135 1182 —
3165 1142 3237 1201 44
3261 1152 3423 1210 seqq.

1884 1226 1969 1283 sic
1996 1226 2061 1284 in
2089 1231 2184 1303 Ἃ,
2213 1220 2272 1283 τὸ
2303 1224 2396 1302 βου
2425 1219 2694 1367 ἐπίρρημα
2715 1220 3008 1302 (ἐπίρρημα
3041 1241 3155 1280 οιιι.
3186 1219 3282 1303 G.)
3307 1223 3427 1280 ἔπι-

1876 1311 2090 1381 .τάσιως
2109 1307 2396 1383 δηλωτικὸν
2419 1309 2512 1388 (ἐπ
2533 1332 2683 1368 τασιν
2704 1308 2854 1381 δηλοῖ
2881 1306 2975 1387 G.)
3005 1305 3122 1367 ἀντὶ
3167 1312 3259 1367 τοῦ
3305 1305 3424 1366 λίαν

1885 1397 2141 1478 λιμώττει
2161 1442 2179 1471 ,
2213 1395 2392 1479 ὥσπερ
2425 1396 2517 1455 καὶ
2547 1393 2798 1475 βοῦπιναν
2842 1394 2932 1455 τὸν
2979 1396 3217 1474 μεγάλην
3267 1393 3427 1467 πίναν

1887 1487 2097 1561 (πεῖναν
2128 1484 2222 1562 G.)
2256 1481 2468 1567 ἔχοντα.
2491 1483 2767 1543 Scholion
2798 1482 3105 1562 descripsit
3133 1484 3427 1561 Suidas'jn

1890 1575 2174 1654 Βουλιμιᾷ,
2207 1573 2404 1654 paucis
2434 1571 2834 1631 tantummodo
2856 1573 3109 1630 mutatis.
3132 1609 3196 1620 —
3221 1571 3293 1640 45
3316 1572 3428 1631 ἔστι

1888 1679 2006 1720 om.
2036 1661 2108 1721 Θ.
2135 1698 2201 1709 -
2226 1661 2299 1729 46
2328 1660 2398 1725 ὡς
2419 1662 2489 1717 R.
2511 1701 2574 1710 -
2606 1668 2676 1731 47
2709 1657 2797 1718 καὶ
2826 1655 3069 1739 βουγάῖος
3088 1672 3144 1718 et
3176 1679 3430 1738 sequen-

1890 1748 1970 1806 tia
1990 1768 2108 1807 om.
2128 1753 2197 1806 V.
2232 1744 2564 1827 βούγλωσσον
2593 1745 2738 1808 Θ...ζ
2759 1757 2834 1824 49
2869 1761 3003 1827 post
3031 1744 3223 1829 τρόπος
3260 1747 3424 1806 addit

1884 1841 2045 1895 Junt.
2077 1833 2314 1907 Γαληνὸς
2343 1832 2399 1894 δὲ
2432 1836 2487 1893 ἑν
2529 1843 2636 1903 τοῖς
2668 1833 3001 1918 Ἀφορισμοίς
3026 1860 3040 1873 ·
3089 1836 3431 1902 κατάπτωσις

1891 1919 2164 1999 δυνάμεως
2183 1919 2284 1980 ὑπὸ
2295 1923 2387 1993 τῆς
2398 1918 2583 1990 ἔξωθεν
2597 1918 2796 2002 ψύξεως
2814 1924 2844 1979 ὁ
2864 1921 3129 1999 βούλιμος,
3146 1921 3434 2002 ἀρξάμενος

1890 2007 1988 2086 μὲν
2014 2007 2121 2068 ἀπὸ
2141 2007 2323 2081 πείνης
2338 2054 2356 2083 ,
2380 2007 2555 2068 οὗκέτι
2585 2007 2641 2067 δὲ
2669 2007 2809 2089 ἔχων
2845 2008 3008 2081 αὐτὴν
3036 2016 3309 2068 συνοῦσαν.

1975 2098 2112 2171 874,
2144 2097 2236 2156 5ι.
2261 2097 2423 2155 Idem
2466 2096 2524 2155 in
2574 2096 2841 2176 sequenti
2883 2098 3107 2156 scholio
3149 2109 3429 2157 notatur:

1891 2186 2006 2244 hoc
2033 2206 2138 2244 cur
2161 2198 2393 2243 moneat
2422 2197 2724 2244 enarrator
2739 2184 2874 2259 ine,
2893 2186 2955 2244 in
2984 2205 3156 2244 causa
3182 2186 3291 2244 fuit
3309 2185 3434 2265 ejus

1888 2274 2219 2351 exemplar,
2252 2270 2408 2350 quod
2435 2271 2656 2330 scilicet
2688 2272 2992 2350 proxima,
3019 2273 3177 2342 δῆλον
3202 2269 3283 2329 ὅτι
3313 2275 3424 2351 βου-

1890 2361 2085 2443 λιμιᾷ,
2128 2361 2279 2420 Iusti
2331 2379 2595 2438 personae
2641 2358 2937 2418 tribuebat
2961 2383 2974 2418 ε
3007 2380 3134 2419 eam
3180 2360 3259 2419 ob
3309 2380 3433 2421 rem

1892 2468 2088 2527 operae
2123 2448 2378 2527 pretium
2417 2447 2645 2526 putavit
2685 2447 3031 2520 ostendere,
3082 2467 3211 2529 quae
3256 2468 3414 2524 syco-

1891 2534 2111 2615 phanta
2138 2536 2295 2594 dicat
2308 2578 2324 2607 ‚
2345 2534 2444 2595 tali
2465 2547 2628 2614 gestu
2647 2534 3028 2613 corporisque
3049 2536 3431 2595 conversione

1891 2624 2106 2686 debere
2131 2624 2510 2703 pronunciari
2533 2665 2550 2694 ,
2581 2635 2648 2681 ut
2675 2643 2792 2681 non
2819 2622 2892 2682 ad
2919 2628 3151 2681 Justum
3168 2666 3185 2696 ,
3221 2623 3324 2683 sed
3358 2622 3432 2681 ad

1890 2713 2192 2772 Cat-ionem
2213 2753 2230 2783 ,
2261 2712 2362 2788 qui
2395 2722 2530 2770 ante
2571 2709 2758 2769 fuerat
2797 2710 3055 2783 locutuS,
3088 2710 3414 2788 dirigantur

1890 2806 2240 2908 perperam
2253 2818 2392 2857 vero
2446 2801 2895 2878 interpretatur,
2946 2798 3041 2857 οὔκ
3090 2794 3153 2856 ἂν
3208 2792 3432 2880 φθάνοις.

1892 2891 2114 2948 Hans-r.
2143 2893 2303 2948 τοῦτο
2329 2892 2359 2947 ὁ
2380 2886 2715 2969 συκοφάντης
2741 2885 2870 2970 πρὸς
2899 2892 2970 2948 V·

1973 2977 2110 3052 875,
2146 2998 2170 3034 ι
2207 2974 2412 3056 Τροχὸς
2439 2973 2539 3057 γάρ
2566 2999 2646 3044 τις
2675 2982 2824 3035 V.—
2843 2979 2874 3035 3
2902 2972 3222 3057 Θιραποντα·
3247 2972 3434 3058 ἦτρο-

1890 3061 1985 3143 χός
2006 3088 2084 3131 τις
2103 3055 2168 3137 ἦν
2193 3065 2247 3122 ἐν
2267 3055 2312 3147 ᾧ
2315 3064 2658 3169 m&serp-<isitres
2679 3065 2728 3121 οἱ
2755 3062 2930 3122 δοῦλοι
2957 3066 3036 3123 Θ

1974 3152 2110 3229 879,
2141 3173 2178 3228 9
2210 3154 2383 3210 συκῶν
2412 3156 2479 3211 R.
2514 3156 2727 3211 Totum
2754 3151 3022 3211 scholion
3047 3171 3164 3210 om.
3195 3156 3267 3209 G.

1978 3240 2114 3314 883,
2138 3258 2211 3297 2ο
2233 3236 2372 3299 Ἀντι
2400 3241 2494 3297 τοῦ
2517 3260 2605 3320 φρ.
2636 3262 2752 3299 σου.
2798 3243 2834 3312 ἡ
2866 3234 2923 3297 δὲ
2951 3239 3142 3320 φράσις
3179 3245 3252 3298 V.
3278 3241 3318 3310 ἡ
3345 3261 3430 3321 φρ.

1892 3325 2033 3386 ’At-t.
2079 3347 2196 3386 om.
2231 3326 2303 3387 Θ.
2347 3325 2473 3387 Ald-
2516 3362 2578 3377 —
2616 3346 2683 3384 21
2742 3323 3454 3408 εἴρηται-ἐπιστρέφεαθαι-

1892 3428 2027 3494 post
2058 3414 2394 3497 φαρμακίτην
2433 3416 2470 3473 l.
2525 3415 2597 3472 23
2644 3428 2873 3494 ponunt
2910 3420 2984 3475 R.
3014 3421 3168 3475 V.--
3192 3436 3265 3478 22
3305 3417 3428 3476 ἐπι-

1890 3502 2216 3585 στρέψασθαι
2237 3510 2309 3562 V.
2328 3504 2638 3582 Sequentia
2665 3502 3106 3584 λέγει-φυσικὸν
3154 3502 3430 3566 δακτύλιον

1888 3589 2045 3651 infra
2067 3607 2202 3669 post
2235 3592 2327 3651 καὶ
2364 3589 2429 3652 τὰ
2480 3597 2696 3652 τοιαῦτα
2728 3593 2768 3649 Ι.
2804 3612 2874 3664 27
2915 3590 3130 3652 habent
3168 3597 3241 3652 R.
3273 3597 3344 3651 V.
3368 3629 3423 3642 -

1892 3681 1967 3737 23
1999 3678 2275 3740 δακτύλιον
2308 3676 2364 3739 δὲ
2389 3701 2504 3740 οιιι.
2534 3684 2604 3740 R.
2630 3686 2705 3740 V.
2741 3675 2796 3739 δὲ
2822 3699 2938 3741 om.
2971 3681 3123 3742 Θ..-
3144 3688 3216 3748 24
3247 3677 3431 3742 Εὔπο-

1888 3766 1970 3834 λις
1989 3767 2226 3836 Βάπταις
2254 3766 2526 3847 μέμνηται
2555 3789 2668 3828 om.
2704 3774 2774 3829 R.
2804 3767 3074 3847 μέμνηται
3101 3788 3216 3827 om.
3246 3774 3313 3828 V.
3338 3763 3436 3826 καὶ

1889 3853 2195 3937 Ἀμειψίας,
2234 3858 2395 3934 quod
2420 3857 2483 3917 in
2522 3862 2592 3916 R.
2624 3860 2696 3915 V.
2727 3857 2802 3917 Θ.
2826 3854 2957 3916 Ald.
2987 3869 3121 3935 post
3144 3876 3428 3936 φαρμακο-
3461 3909 3470 3918 .

1888 3941 2072 4018 πώλης
2096 3945 2344 4023 legitur,
2373 3945 2490 4004 huc
2523 3945 2878 4024 transposuit
2902 3946 3204 4006 Kusterus.
3226 3943 3274 4001 δ’
3303 3962 3424 4004 om.

1888 4033 1960 4094 R.
1985 4059 2009 4085 α
2036 4033 2330 4093 Eudamus
2377 4034 2473 4093 ille
2518 4036 2619 4094 vix
2657 4033 2862 4094 dubito
2893 4034 3038 4111 quin
3062 4032 3213 4094 idem
3253 4032 3428 4092 fuerit

1888 4137 1957 4179 ac
1981 4119 2372 4198 Theophrasti
2411 4121 2657 4200 Εὔδημος
2692 4125 2722 4180 ὁ
2749 4115 3181 4202 φαρμακοπώλης
3229 4118 3432 4182 εὐδοκι-

1889 4211 2004 4288 μῶν
2034 4206 2236 4290 σφόδρα
2257 4211 2398 4268 κατὰ
2425 4207 2522 4280 τὴν
2545 4207 2737 4288 τέχνην
2783 4209 2930 4270 H'sst.
2957 4209 3138 4266 Ptant.
3176 4228 3245 4283 9,
3278 4209 3384 4290 ¹82
3402 4235 3428 4262 ι

1887 4297 2112 4356 Βειιετ.
2143 4293 2392 4373 Εὔδημος
2419 4300 2490 4354 V.
2512 4329 2577 4346 -—
2601 4297 2673 4353 25
2698 4292 3131 4373 τετελεσμένους,
3154 4307 3278 4352 arte
3300 4313 3429 4352 ma·-

1881 4391 2008 4466 gica
2039 4399 2418 4458 consecratos,
2447 4397 2512 4443 ut
2537 4383 2736 4442 docuit
2774 4383 3015 4444 Salmas.
3064 4382 3138 4441 ud
3180 4382 3423 4459 Vopisc.

1889 4487 1944 4549 p.
1976 4472 2114 4534 360.
2150 4472 2321 4531 Hisce
2366 4471 2670 4554 praestigiis
2696 4470 2925 4530 deditos
2955 4490 3074 4530 non
3115 4469 3310 4532 solum
3338 4491 3426 4526 τε-

1883 4551 2074 4627 λεστὰς
2085 4557 2421 4642 ,φυσικους,
2451 4557 2733 4637 μυστικοῦς
2750 4603 2772 4634 ,
2793 4558 2897 4622 sed
2915 4559 3087 4618 etiam
3116 4553 3446 4657 φιλοσόφους,

1883 4647 2235 4710 recentiores
2256 4646 2596 4710 vocabant·
2626 4646 3004 4726 quamobrem
3028 4643 3302 4722 conjungi
3328 4643 3423 4700 vi·-

1881 4727 2017 4802 deas
2098 4734 2336 4816 ιλόσοφον
2359 4733 2450 4795 καὶ
2477 4735 2767 4808 τελεστήν·
2796 4735 3059 4813 exempla
3079 4731 3425 4810 suppedita-

2037 4757 2352 4886 aimasius.
2384 4844 2505 4884 non
2531 4825 2702 4886 aliter
2727 4824 2842 4884 hec
2870 4824 3001 4884 loco
3021 4820 3302 4906 φιλόσοφος
3331 4831 3425 4880 est

1878 4912 2306 4992 intelligendus.
2332 4917 2555 4974 nnus-n
2585 4951 2647 4964 --
2677 4914 2749 4970 26
2771 4910 3017 4988 Εὔδημος
3042 4916 3106 4970 R.
3130 4913 3204 4968 V.
3232 4942 3298 4956 -
3325 4924 3420 4978 2¹7·

267 5009 340 5066 42
389 4997 724 5066 συκοσπαῗδας
768 5001 861 5059 vel
917 4985 1275 5066 συκοσιταδίαςΙ
1315 4993 1533 5084 Hemst.
1581 5001 1791 5058 collato
1878 4999 1970 5066 Be
2024 5001 2251 5062 annulis
2302 5001 2571 5082 magicis,
2623 5021 2767 5078 quos
2807 5000 2994 5060 Graeci
3038 4991 3283 5080 φυσικοὺς
3324 4992 3419 5054 vel

264 5087 575 5166 Hesychia,
606 5087 1002 5162 Συκοσπαδίας,
1027 5096 1056 5148 ὁ
1085 5083 1425 5171 συκοφάντης.
1466 5085 1788 5155 συκόπαιδας
1876 5088 2210 5171 φαρμακίτας
2240 5089 2565 5165 vocabant,
2596 5091 2732 5149 vide
2759 5091 2979 5149 Reines.
3000 5093 3133 5147 Var.
3172 5092 3329 5147 Lect.
3356 5085 3414 5155 3,
