3859 5725
1660 282 2082 385 VEs13ARUM.
3340 368 3453 421 453

400 437 514 497 325
542 441 604 499 in
630 445 700 501 R.
722 456 810 503 est
830 445 936 502 τῶν
956 444 1220 513 ἀλαζόνων
1239 470 1317 513 τις
1338 439 1403 520 ἦν
1427 451 1458 507 ὃ
1477 446 1843 532 Προξενιάδης,
2019 464 2051 524 4
2065 479 2086 514 1
2099 457 2153 532 5,
2178 468 2209 529 4
2224 482 2246 519 1
2270 460 2357 523 ἵνα
2379 466 2762 548 δυσορχήσεται
2782 480 2850 534 V.

313 523 387 589 ὥς
411 527 499 585 καὶ
522 529 576 586 ἐν
600 527 816 611 Ὄρνισι
836 532 1002 603 δηλοῖ.
1036 533 1150 592 ἐπεὶ
1179 536 1377 595 καπνὸν
1402 528 1543 597 εἶπεν
1560 585 1579 613 ,
1606 537 1842 618 ἐπήγαγε
2012 549 2130 614 418
2179 552 2463 633 Archippi
2514 556 2891 637 fragmentum
2930 568 3013 625 sic
3058 571 3286 633 videtur
3330 594 3455 638 esse

312 606 526 679 τούτους
539 614 661 683 τοὺς
678 615 950 693 ἀλαζόνας,
972 617 1059 686 οὓς
1080 619 1170 679 καὶ
1205 622 1433 692 καπνοὺς
1460 625 1689 707 λέγουσι.
1716 664 1781 677 -
1812 649 1835 684 1
1929 632 2331 711 digerendum,
2355 644 2425 703 A.
2464 643 2620 723 οἴμοι.
2642 651 2705 708 Β.
2725 650 2780 709 τί
2799 650 2939 725 ἔστ-ις
2961 657 3076 732 μῶν
3100 659 3295 735 ἔδωκε;
3316 665 3369 725 τί
3402 666 3452 724 σ’

312 697 612 774 legebatur
636 704 871 783 καπνὸν,
911 722 1235 768 correctum
1255 732 1329 770 ex
1353 712 1571 775 scholio
1607 721 1840 775 Raven-
1926 720 2140 798 ἔδακεν;
2174 726 2188 804 Ι
2226 730 2292 785 Α.
2333 728 2475 789 κατὰ
2500 730 2596 810 μὲν
2629 726 2718 794 οὖν
2744 736 2906 818 ἔφαγε
2942 743 3169 826 κᾶὅρυξέ
3201 773 3287 826 με.
3330 756 3343 830 Ι
3378 755 3444 813 Β.

312 800 462 847 nate,
1923 809 2054 886 τίςὴ
2090 816 2381 896 πανουργία
2399 820 2564 879 τεκαὶ
2585 826 2919 908 θεοσεχθρίας
2946 836 3126 894 Dum.
3151 840 3266 914 μῶν
3297 839 3449 900 ἔδακε

393 875 526 947 326,
559 876 594 933 5
618 876 813 959 εἴρηκε,
841 881 877 938 6
905 880 995 940 καὶ
1018 883 1210 961 κομιδῆ
1230 891 1298 946 V.
1922 898 2165 960 Florens
2193 904 2563 967 Christianus.
2607 914 2927 976 Meinekius
2957 925 3120 980 Com.
3150 929 3196 998 1,
3226 946 3282 1005 p.
3307 931 3443 1002 725,

392 962 527 1036 332,
565 984 743 1037 17-20
773 968 869 1029 Ἔν
899 976 1228 1054 τῷ-λέξεσι
1256 999 1368 1038 om.
1388 985 1461 1036 V.
1489 1018 1552 1031 -
1573 990 1645 1050 24
1670 981 1835 1063 χοιρί·
1925 1007 2125 1047 versus
2148 991 2228 1050 ita
2256 996 2577 1071 constituit,
2598 1004 2800 1079 -μῶν
2829 1002 2986 1065 ἕδακέ
3005 1007 3059 1066 τί
3073 1033 3131 1068 σε
3161 1013 3271 1092 (vel
3291 1013 3449 1076 ἔδακί

311 1048 408 1115 δες.
438 1054 543 1111 11ae
567 1055 808 1135 χοιράδες
828 1065 1024 1138 potius
1052 1066 1164 1125 dici
1188 1068 1391 1126 solent.
1416 1070 1592 1130 Dum.
1921 1077 1985 1136 σέ
2004 1079 2145 1157 τις);
2180 1083 2191 1158 Ι
2229 1086 2294 1142 Α.
2322 1080 2508 1158 ἔδακε,
2530 1086 2665 1148 κατὰ
2690 1089 2786 1168 μὲν
2809 1083 2901 1152 oliv
2949 1095 3108 1178 ἔφαγε
3157 1103 3450 1188 κάπέὸρυξέ

394 1136 527 1213 338,
554 1144 627 1199 28
650 1163 773 1224 sqq.
803 1146 946 1223 haec,
980 1152 1094 1234 Γρά
1134 1157 1586 1234 εται-συγκλείει
1617 1180 1708 1230 σε,
1751 1159 1832 1217 sic
1917 1188 2012 1233 τις.
2050 1175 2060 1244 ἰ
2096 1170 2158 1229 Β.
2180 1169 2261 1237 τίς
2286 1184 2465 1230 ete.-.
2486 1183 2558 1248 47
2588 1181 2869 1262 θεοσεχθρα
2887 1183 3016 1264 [sic]
3037 1192 3108 1244 V.
3132 1189 3243 1257 θεὸς
3265 1193 3448 1276 ἐχθρία

310 1224 545 1301 corrigit
569 1229 870 1309 Rubrenus,
892 1242 986 1296 τοῦ
1010 1239 1056 1298 δ’
1083 1178 1129 1300 J

307 1305 399 1375 ξιν.
421 1302 531 1370 οἷον
557 1315 861 1398 ὑπόσχεσιν.
891 1323 944 1383 τί
964 1327 1396 1409 ὑπισχνούμενος.
1423 1338 1514 1390 τοῦ
1552 1333 1598 1391 δ’
1629 1331 1828 1416 ἔφεξινε

302 1393 358 1453 τί
378 1396 587 1480 ἐπίσχει
604 1425 693 1479 σε,
716 1404 752 1477 ἢ
781 1407 918 1478 τίνος
937 1413 1112 1494 χάριν.
1154 1416 1207 1474 τί
1240 1419 1684 1499 προφασιζόμενος
1706 1446 1830 1501 συγ-

302 1484 463 1542 κΛείει
485 1508 561 1545 σε.
591 1491 979 1578 παρὰ-ἔφεξις
1007 1504 1041 1573 ἡ
1063 1501 1339 1584 πρόφασις.
1367 1510 1480 1565 Pro
1505 1508 1692 1568 verbis
1719 1501 1825 1570 οἷον

301 1570 354 1629 τί
372 1576 781 1656 ὑπισχνούμενός
801 1608 883 1644 σοι
907 1588 1114 1670 ἐπίσχει
1131 1593 1429 1669 legebatur
1441 1586 1545 1656 οἷον
1574 1602 1825 1679 ὑποσχεῖν

299 1678 356 1716 τι·
380 1662 795 1744 ὑπισχνούμενός
830 1695 882 1730 τι
915 1672 1023 1753 (σοι
1059 1679 1154 1757 V.)
1192 1683 1414 1762 ε’πισχεῖ.
1450 1689 1709 1748 Dum.—
1750 1690 1824 1746 30

299 1746 469 1829 ἔφεσις
487 1754 620 1812 Ald.
643 1800 707 1810 -
729 1756 804 1817 32
834 1761 1111 1824 ἔδύνασθαι
1135 1773 1205 1828 V.

379 1840 516 1913 342,
543 1842 614 1914 37
640 1864 727 1922 sq.
765 1846 855 1906 καὶ
886 1856 980 1909 τοῦ
1008 1851 1249 1922 Κλέωνος
1279 1855 1369 1915 καὶ
1407 1864 1502 1917 τοῦ
1534 1859 1717 1941 λόγου,
1747 1864 1821 1941 39

297 1921 447 2004 ἄρχει
471 1932 540 1987 V.
1489 1956 1492 1961 '

378 2015 513 2091 349,
553 2016 624 2085 54
660 2021 973 2100 ἐπιθυμοῦσι
993 2031 1065 2086 V.
1097 2071 1157 2081 -
1188 2051 1212 2088 1
1250 2031 1337 2090 ἐπὶ
1370 2039 1483 2110 τοῦ,
1515 2058 1544 2109 7
1574 2038 1820 2098 εἰσελθεῖν

295 2096 421 2160 Ald.
446 2107 550 2163 τῶν
572 2126 687 2169 om.
708 2114 774 2169 V.

377 2191 487 2249 351
514 2193 887 2278 διυδρορόα..ις
915 2192 1068 2274 ἦλθεν
1095 2206 1144 2262 οἱ
1174 2206 1232 2264 in
1262 2211 1480 2271 codice.

376 2278 487 2337 352
504 2326 522 2355 ,
559 2292 627 2351 14
648 2286 870 2368 σμικρὸν
904 2296 974 2350 V.
1002 2292 1221 2373 Κράτης
1244 2298 1539 2359 DobraeuS.
1561 2303 1816 2383 Legeba-

293 2377 392 2423 tur
421 2370 696 2448 Κρατῖνος.

372 2455 507 2528 353,
543 2479 613 2517 21
639 2459 728 2519 τὸν
749 2461 1337 2548 ὀπίαν-πυκνούμενον
1366 2476 1495 2535 Ald.

373 2543 484 2600 361
505 2545 596 2604 καὶ
623 2548 972 2628 φυλάττουσιν
993 2560 1053 2611 R.

370 2629 503 2702 366,
528 2635 600 2699 43
625 2633 746 2710 μέλι
771 2643 845 2695 V.
876 2639 1105 2716 μελίτιον
1125 2645 1254 2704 Ald.

366 2717 480 2776 368
512 2720 683 2780 habet
709 2728 781 2782 R.
810 2725 955 2807 παρὰ
978 2727 1039 2787 τὸ
1066 2728 1232 2810 ὄνομα
1252 2739 1347 2793 τοῦ
1370 2737 1577 2801 δικτύου
1599 2745 1810 2822 γελοιά-

281 2806 376 2874 ζει.
393 2838 456 2855 ··-
493 2815 564 2881 47
613 2811 884 2896 ᾁγρευτὶς,
926 2817 1224 2896 legebatur
1269 2823 1533 2907 ἄγρευτος.
1581 2835 1806 2917 ἀγρευτὴ

277 2897 356 2950 V.
391 2895 565 2964 Quod
590 2899 869 2978 ἀγρευτικὴ
905 2925 1028 2964 esse
1061 2922 1269 2985 potest.
1294 2919 1470 2976 Dum.

363 2981 505 3054 376,
538 3004 607 3042 10
629 2985 885 3047 δείκνυσιν
908 2990 987 3050 ὅτι
1021 2996 1092 3060 ὡς
1113 2999 1241 3059 Ald.
1274 3001 1503 3065 δείκνυσι
1529 3009 1618 3069 καὶ
1644 3015 1701 3072 οὗ
1726 3020 1797 3077 V.

362 3065 476 3126 380
499 3070 561 3128 in
590 3078 659 3131 R.
688 3076 787 3146 sic,
820 3084 912 3137 τοῦ
933 3083 1236 3155 Διοπείθους
1257 3087 1395 3168 ἔχων
1434 3092 1495 3153 τὸ
1520 3103 1795 3174 μανιῶδες.
1974 3109 2108 3183 459,
2130 3116 2162 3176 4
2186 3104 2221 3177 ἢ
2243 3113 2348 3186 πῦρ
2370 3108 2554 3178 εἷπεῖν,
2594 3113 2629 3168 6
2649 3112 2928 3181 ἀλαζονίαν
2954 3121 3023 3174 V.

271 3145 343 3225 ἦν
367 3155 422 3215 δὲ
445 3150 519 3225 εἷς
541 3163 647 3217 τῶν
672 3162 925 3246 ῥητόρων.
1971 3196 2106 3268 462,
2158 3196 2225 3252 13
2247 3191 2400 3274 ὁγὰρ
2443 3195 2604 3277 Σοφ.,
2658 3201 2727 3258 16
2766 3201 3091 3272 Φιλοκλέους
3126 3214 3195 3267 V.
3230 3243 3306 3257 —-
3350 3234 3415 3287 17

359 3246 492 3319 381,
521 3248 595 3305 30
621 3250 861 3329 συμὸεἶῆ
886 3262 953 3317 V.
984 3264 1159 3320 Posse
1184 3263 1498 3351 συμόεὸήκῃ
1518 3276 1800 3354 scriptum
1887 3280 2204 3365 δριμυτάτου
2226 3281 2348 3340 Ald.
2970 3303 2975 3308 ’

269 3331 448 3393 fuisse
469 3348 634 3413 putat
662 3342 1016 3406 Dindorfius.
1968 3370 2083 3445 469
2111 3367 2253 3429 Οὔτε
2273 3370 2560 3449 ἀπολογίαν
2579 3379 2653 3432 V.

354 3421 489 3494 386,
514 3425 611 3499 37,
633 3427 707 3484 38
725 3431 1088 3494 scribebatur
1107 3440 1353 3501 ταυλωτὰ
1376 3458 1435 3503 et
1453 3439 1795 3531 ταυλώματα,
1967 3462 2102 3535 475,
2135 3463 2205 3535 37
2228 3460 2443 3543 κροσούς
2467 3469 2534 3522 V.
2566 3463 2836 3547 κρωσσούς
2859 3470 2989 3529 Ald.
3017 3493 3075 3552 φ.
3107 3464 3196 3533 οὗν
3220 3476 3412 3554 καὶτὸ,

267 3521 340 3566 ut
369 3511 500 3587 349,
531 3506 567 3569 5
591 3515 650 3572 in
678 3517 885 3579 Aldina
913 3535 1001 3581 est
1021 3526 1328 3588 ταυλωτῶν.
1884 3551 1961 3626 39
1980 3547 2280 3627 στέμματος
2300 3556 2369 3610 V.

352 3599 486 3676 389,
525 3603 599 3668 43
637 3602 832 3666 Λύκου.
859 3609 995 3692 ἱερὸν
1040 3603 1106 3685 ἦν
1144 3614 1233 3674 καὶ
1274 3622 1445 3701 ἡρῷον
1487 3625 1790 3704 Δίὰ-44
1964 3641 2096 3709 480,
2145 3637 2219 3704 46
2286 3638 2420 3710 διην.
2461 3628 2536 3705 οἷς
2593 3638 2835 3700 ἐπέθεντο
2876 3662 2991 3703 om.
3044 3655 3116 3708 ὕ.
3140 3690 3218 3703 ..-
3249 3653 3315 3708 51
3374 3653 3409 3726 ἢ

259 3682 445 3745 Λύκου
486 3688 659 3757 δεκάς.
691 3699 780 3753 De
824 3697 932 3756 hac
982 3701 1249 3778 pluribus
1293 3712 1541 3788 explicat
1567 3720 1791 3800 Harpo-
1879 3727 2001 3799 οὐκ,
2038 3726 2109 3785 52
2138 3727 2325 3807 πεδιᾷ,
2353 3725 2480 3807 πρὸς
2502 3725 2577 3800 ὃν,
2619 3748 2641 3785 1
2668 3727 2985 3808 προσέταξε,
3013 3734 3046 3792 3
3079 3740 3208 3816 ἡμῖν
3232 3743 3313 3798 V·-

259 3776 449 3834 oratio
476 3797 521 3835 s.
545 3781 810 3850 Δεκάζων.
849 3789 998 3847 Vide
1037 3794 1348 3855 Bernhard.
1390 3801 1462 3858 ad
1502 3808 1788 3871 Eratosth.
1960 3822 2096 3889 491,
2146 3834 2216 3887 27
2285 3815 2452 3894 ἀγορᾷ
2500 3812 2754 3896 ἀξιωτέρα
2802 3818 2856 3877 λ·
2906 3823 2971 3878 v·

257 3881 328 3940 p.
364 3869 651 3932 214-216.
685 3875 752 3930 111
804 3879 948 3935 Ven.
998 3878 1175 3941 Λύκου
1206 3882 1524 3954 δικάζεσθαι.
1578 3899 1789 3956 Proxi-
1962 3903 2097 3977 493,
2120 3904 2193 3960 32
2220 3899 2397 3979 ἔλεγον
2430 3904 2503 3969 ὣς
2523 3900 2663 3968 ταῶς
2679 3904 2767 3962 καὶ
2792 3905 2968 3982 λαγώς
2994 3914 3057 3967 V·

254 3969 420 4009 mum
447 3955 707 4018 scholion
748 3965 1111 4026 manifestum
1139 3983 1226 4028 est
1252 3971 1326 4029 ab
1353 3980 1569 4037 recenti
1605 3983 1788 4063 impe-
1959 3997 2096 4064 497,
2132 3999 2206 4058 40
2230 3986 2533 4067 ἡγουμένως
2557 3989 2613 4047 δὲ
2639 3990 2869 4069 τυχόντα
2895 4000 2967 4053 V·

253 4038 494 4118 titoque
514 4051 884 4120 grammatico
909 4073 1032 4113 esse
1055 4058 1366 4136 scriptum,
1401 4068 1564 4143 cujus
1595 4073 1788 4133 verbis
1956 4074 2092 4147 502,
2122 4084 2198 4151 49
2219 4088 2354 4154 Post
2380 4076 2707 4153 συνωμοσίας
2727 4078 2831 4158 (5Ῑο
2857 4080 3067 4140 scribit
3092 4084 3240 4166 Md)
3272 4094 3401 4168 σχῆ·

251 4129 524 4189 nonnihil
543 4134 683 4192 lucis
706 4138 872 4197 affert
896 4142 1155 4203 scholion
1181 4148 1396 4208 codicis
1420 4154 1780 4222 Ravennatis.
1875 4183 1954 4238 μα
1977 4160 2138 4218 addit
2157 4166 2229 4219 V.
2250 4162 2380 4223 Ald.
2410 4162 2498 4222 τὸν
2529 4160 2610 4242 (τὸ
2638 4165 2726 4242 V.)
2761 4165 2969 4226 Ἱππίαν
3005 4167 3211 4241 ἔλαθεν»
3240 4178 3399 4251 quod

250 4218 442 4272 Dum
467 4255 530 4268 -
552 4221 625 4288 45
651 4213 715 4294 ἦν
742 4240 873 4303 post
899 4229 1221 4316 δικαστηρίῳ
1243 4257 1356 4296 om.
1394 4243 1464 4299 V.
1483 4280 1545 4292 —
1563 4248 1639 4314 46
1667 4247 1786 4309 ὅσον
1872 4260 1974 4306 aut
1995 4248 2303 4307 delendum
2326 4263 2426 4310 aut
2460 4252 2869 4329 corrigendum
2892 4255 3260 4324 παίζων-τὸν
3282 4260 3398 4322 Ἱπ-

1869 4333 1996 4393 πίαν
2024 4333 2339 4417 παρέλαὸεν.
2367 4342 2653 4399 Dum..—
2683 4360 2706 4396 1
2740 4338 2926 4415 ἐδόκει,
2950 4362 2981 4399 2
3009 4343 3300 4426 τῗάκριὸῶς
3323 4355 3391 4409 V.

1870 4413 2091 4500 Injuria
2109 4435 2299 4481 autem
2323 4423 2635 4485 scholiasta·
2654 4427 3025 4506 reprehendit
3057 4436 3392 4496 Eratosthe-
3462 4466 3477 4482 ·

340 4480 452 4558 394
504 4485 564 4543 in
614 4491 685 4547 R.
740 4489 842 4566 sic,
871 4495 1086 4575 ψιάθους
1133 4505 1644 4586 παραπεφραγμένου
1691 4520 1782 4572 τοῦ
1867 4529 2021 4582 nem,
2045 4529 2219 4587 quem
2246 4512 2604 4572 manifestum
2628 4526 2716 4572 est
2735 4534 2981 4574 numero
3013 4518 3262 4580 illo-non
3292 4544 3389 4581 so-

242 4566 429 4647 ἧρώου
449 4573 541 4632 καὶ
562 4580 940 4659 στεγασμένου.
962 4623 1023 4635 --
1052 4607 1075 4643 1
1111 4608 1199 4667 sq.
1232 4590 1391 4670 φησὶν
1414 4584 1503 4652 οῧν
1533 4595 1781 4660 οὐδέποτέ
1866 4598 1984 4655 lum
2035 4600 2222 4676 regni,
2282 4600 2381 4657 sed
2441 4602 2610 4659 etiam
2659 4603 2848 4662 exsilii
2904 4605 3382 4669 Pisistratidafflm

242 4675 350 4712 σου
373 4658 630 4742 ἕνυὸρίσω
656 4665 718 4724 τὸ
744 4673 833 4750 ἡρ.
859 4675 930 4730 V.
1866 4696 2093 4763 tempus
2117 4704 2238 4744 ωδε·
2271 4687 2651 4764 complexum.
2675 4689 2918 4759 Deinde,
2940 4691 2977 4750 l.
3013 4694 3067 4765 3,
3090 4693 3387 4770 legebatur

336 4743 471 4821 398,
517 4769 578 4807 11
625 4755 932 4825 καθίσαντες
955 4765 1018 4818 V.
1043 4760 1306 4822 ἐλαύνοιεν
1345 4772 1415 4828 V.
1462 4771 1675 4830 ΑΜ...
1705 4782 1772 4843 14
1864 4769 3138 4878 ssptmoqoivouc.SuspectumestAristophanis
3152 4795 3382 4856 nomen,

237 4828 316 4888 ἂν
345 4834 594 4912 εὐτρεπὴς
616 4842 953 4905 Valckenar.
984 4848 1056 4907 ad
1085 4851 1360 4912 Herodot.
1396 4857 1453 4932 8,
1481 4859 1572 4926 84.
1603 4865 1775 4940 Lege-
1862 4877 2044 4937 quum
2065 4864 2420 4938 grammatici
2446 4865 2793 4926 mationem
2824 4884 2887 4923 m
2916 4866 3022 4925 hac
3059 4885 3256 4928 caussa
3296 4873 3383 4931 fa·-

237 4918 425 4978 batur
452 4922 572 4983 ἄνευ
598 4933 812 5009 τροπῆς.
1860 4960 2007 5006 ctam
2032 4967 2157 5028 esse
2179 4949 2367 5006 minus
2410 4949 2706 5027 probabile
2731 4951 3011 5011 videatur.
3049 4961 3116 5014 1n
3140 4955 3379 5037 Ἀριστο-

329 5009 464 5083 408,
495 5012 568 5070 25
601 5016 920 5095 ὂρχήσονται
947 5023 1016 5082 R.
1857 5033 2036 5101 τέλους
2076 5046 2231 5093 recte
2252 5038 2495 5094 mutavit
2535 5039 2839 5098 BentleiuS.
2874 5043 2980 5100 Cui
3026 5063 3140 5101 non
3189 5045 3389 5109 obstat

329 5102 360 5163 4
377 5117 443 5156 12
469 5100 756 5164 ἀπολέσθαι
774 5110 995 5171 Victor.
1081 5171 1092 5184 ‚
1859 5122 2017 5202 qnod
2043 5123 2118 5183 ab
2139 5125 2440 5184 Aristotele
2464 5127 2624 5187 Polit.
2646 5149 2703 5205 9,
2728 5130 2820 5203 23,
2849 5133 2979 5190 anni
3006 5149 3393 5199 numeramus

1110 1241 1252 1323 φεξιν
1276 1266 1289 1301 :
1319 1244 1576 1325 γράφεται
1595 1245 1685 1304 καὶ
1714 1244 1833 1325 &pe-
1918 1262 1988 1315 G.
2007 1295 2069 1308 -
2088 1259 2163 1326 48
2195 1261 2266 1327 ὡς
2289 1264 2383 1318 τοῦ
2412 1264 2480 1321 Θ.
2520 1263 2610 1323 καὶ
2642 1271 2735 1325 τοῦ
2769 1271 2870 1329 Κλ.
2897 1277 2966 1329 V.

2001 1354 2134 1421 421,
2159 1347 2223 1405 51
2259 1346 2316 1407 δὲ
2341 1350 2371 1408 ὁ
2400 1352 2619 1432 Γοργίας
2639 1376 2755 1413 om.
2790 1362 2857 1416 V.

1998 1436 2132 1509 425,
2166 1437 2236 1493 53
2267 1457 2353 1516 sq.
2384 1439 2499 1497 ἀντὶ
2526 1448 2617 1501 τοῦ
2643 1441 2910 1523 σύστημα.
2941 1449 3133 1531 κυρίως
3163 1453 3218 1514 δὲ
3255 1457 3318 1517 τὸ
3339 1463 3444 1520 τῶν

1914 1525 2177 1600 μελισσῶν
2205 1525 2292 1583 καὶ
2341 1527 2647 1599 ἐπιτηδείως
2688 1537 2792 1592 νῦν.
2838 1540 3109 1616 σφηκῶδες
3137 1539 3237 1624 γὰρ
3278 1544 3339 1606 τὸ
3389 1573 3442 1608 σ.

1909 1617 1965 1669 v

1967 1656 2131 1778 ‘4,9‚
2162 1710 2193 1771 t·
2227 1705 2531 1786 μακαρίζω
2551 1713 2619 1767 v.
2640 1710 2756 1766 -5
2790 1711 2913 1791 αἱρῇ
2954 1721 3025 1775 c.
3071 1720 3197 1803 αιρῇ
3239 1726 3309 1782 ν.
3347 1728 3442 1808 ιρῇ

1910 1789 2041 1850 Am.

1992 1877 2126 1950 435,
2158 1898 2228 1937 lo
2250 1878 2480 1940 κάπτετέ
2501 1905 2662 1963 φησιν
2692 1884 2841 1945 οὐδὲν
2865 1890 2935 1947 V.

1991 1967 2107 2034 436
2142 1968 2223 2024 sic
2263 1968 2322 2027 in
2351 1973 2449 2042 R„
2490 1967 2640 2052 παρὰ
2666 1970 2763 2043 τὴν
2805 1977 3096 2056 παροιμίαν
3134 1982 3237 2063 ἐγὼ
3279 1987 3437 2069 θρίων

1906 2049 2099 2133 ψόφους
2128 2052 2350 2125 ἀκήκοα.
2383 2061 2537 2115 τοῦτο
2561 2058 2615 2115 δὲ
2649 2060 2807 2142 φασὶν
2853 2061 2934 2122 ὅτι
2975 2057 3093 2126 οἶδα
3131 2070 3199 2130 τὰ
3222 2078 3438 2137 τοιαῦτά

1906 2140 2020 2198 ἐστι
2050 2139 2206 2221 μέχρι
2248 2140 2417 2223 ψόφου
2461 2150 2613 2204 κενοῦ
2645 2169 2757 2227 χω.
2781 2193 2796 2207 .
2821 2193 2836 2208 .
2862 2152 2982 2212 mul
3019 2158 3254 2231 ἀπειλῆς.
3277 2203 3338 2214 -
3366 2186 3433 2240 17

1903 2224 2008 2284 ἀπὸ
2035 2229 2139 2285 τῶν
2164 2233 2229 2286 V.

1985 2315 2099 2382 438
2134 2312 2264 2376 ὅτιὸ
2289 2314 2604 2399 Κίκροψη..
2628 2345 2708 2380 τω
2748 2323 3022 2405 δράκοντος
3059 2332 3203 2390 εί....
3236 2334 3327 2396 ὼν.
3360 2345 3431 2399 R.

1900 2398 2028 2479 πρὸς
2046 2400 2108 2459 τὸ
2129 2400 2294 2480 ὄνομα
2312 2426 2444 2484 κεχα
2482 2405 2731 2468 ιε’ντισται
2747 2456 2764 2484 ,
2793 2409 2873 2470 ὅτι
2897 2417 2927 2472 ὁ
2957 2414 3172 2500 Κέκροψ
3199 2422 3267 2480 τὰ
3286 2427 3432 2488 κάτω

1834 2511 1841 2518 ·
1902 2485 2180 2567 δράκοντος
2219 2481 2380 2571 εἶχεν,
2588 2494 2645 2554 δὲ
2677 2498 3011 2579 δρακοντίδης
3038 2508 3293 2572 καλεῖται.
3328 2516 3428 2574 εἰσὶ

1902 2576 2323 2657 δὲ--ἔσχηκέναι
2346 2586 2416 2638 V.
2683 2650 2691 2657 ‚

1982 2674 2097 2736 440
2126 2664 2241 2723 ἀντὶ
2268 2672 2360 2726 τοῦ
2375 2665 2580 2727 πέττειν
2601 2669 2689 2729 καὶ
2719 2672 2994 2756 διαρτίζειν
3024 2681 3201 2742 habet
3236 2691 3307 2745 R.

1980 2756 2094 2825 445
2119 2755 2178 2813 in
2202 2759 2275 2815 R.
2306 2756 2406 2828 sic,
2443 2766 2599 2825 κυνᾶς
2628 2757 2720 2827 τὰς
2742 2764 2986 2833 σκυτίνας
3023 2776 3429 2855 περικεφαλαίας

1897 2834 1979 2910 αἶς
2000 2887 2120 2901 .....
2150 2840 2346 2925 όμὸρον
2365 2845 2617 2926 ἐχρῶντο.
2629 2847 2719 2908 καὶ
2745 2851 2799 2909 ἐν
2821 2860 2933 2920 ταῖς
2959 2855 3216 2938 Νεφέλαις
3240 2867 3268 2922 ὁ
3294 2888 3426 2947 πρε-

1895 2929 2119 3006 σὸύτης,
2158 2930 2219 2989 τὸ
2256 2928 2313 2988 δὲ
2346 2930 2420 3006 μὴ
2467 2939 2649 3006 κυνῆν.
2684 2971 2761 2983 --
2789 2941 2867 3016 39
2913 2943 3113 3012 κυνίαις
3144 2953 3213 3005 V.
3243 2984 3307 2995 —-
3347 2962 3423 3024 40

1893 3027 2006 3085 ταῖς
2028 3031 2087 3078 et
2107 3030 2179 3088 42
2205 3017 2397 3099 ἔχοντα
2421 3041 2539 3081 om.
2573 3028 2640 3082 V.

247 4299 432 4381 παρὰ,
459 4311 532 4379 47
559 4308 864 4374 δεκαστικὸν
888 4319 962 4375 V.

341 4395 474 4471 392,
502 4397 571 4455 51
611 4400 758 4469 εὖθὺς
776 4406 923 4489 παρὰ
945 4409 1209 4471 κλαόντων
1230 4419 1302 4473 V.
1330 4417 1459 4476 Ald.
