3859 5725
1468 244 1853 308 scnomA
1905 243 1995 304 m
2051 246 2455 322 EQurrEs.
3502 242 3574 293 ⁵⁵

355 376 557 460 ἔγραψε
580 372 828 457 ψήφισμα
861 370 939 452 μὴ
973 372 1077 431 δεῖν
1109 371 1320 443 δοθῆναι
1344 374 1450 440 τοῖς
1477 373 1811 459 στρατηγοῖςο
1828 370 1916 459 σίῖ

351 469 530 537 τὴσιν.
555 461 784 530 σπανίως
801 459 857 520 δέ
878 457 1144 540 μέμνηται
1164 464 1255 518 τοῦ
1281 458 1597 521 Κλεαινέτου
1620 460 1711 520 καὶ
1733 458 1918 540 σχεδὸν

352 553 577 612 ἐνταῦθα
600 550 776 630 μόνον.
807 546 1154 630 στοχάζονται
1187 540 1275 607 οῦν
1305 572 1439 617 τινες
1471 547 1552 609 ὅτι
1574 541 1721 617 οὗτος
1745 547 1808 606 ἂν
1836 545 1917 621 εἴη

352 643 382 699 6
402 638 504 713 τὴν
526 638 732 712 σίτησιν
748 634 1099 718 περιποιήσας
1115 638 1192 717 τῷ
1216 633 1440 697 Κλέωνι.

296 746 325 786 ο
426 748 530 789 επ.
570 724 660 786 ἐὰν
701 722 778 803 μὴ
816 721 1099 805 προεδρίαν
1137 720 1379 805 φέρωσιε
1421 726 1600 803 Τιμῆς
1640 723 1734 784 καὶ
1769 715 1918 790 οὗτος

350 815 562 898 τρόστος.
586 813 705 886 ἐξῆν
733 811 788 872 δὲ
808 816 918 879 τοῖς
947 815 1043 885 τῆς
1071 817 1231 889 τιμῆς
1259 810 1454 886 ταύτης
1486 818 1706 892 τυχοῦσι
1737 811 1830 872 καὶ
1862 814 1917 871 ἐν

351 901 712 984 βουλευτηρίῳ
740 899 833 960 καὶ
868 902 922 959 ἐν
961 899 1221 982 ἐκκλησίᾳ
1253 899 1347 958 καὶ
1380 903 1432 959 ἐν
1472 899 1705 982 θεάτροις
1738 900 1831 960 καὶ
1864 902 1917 959 ἐν

547 989 709 1050 παντὶ
757 985 997 1069 συλλόγῳ
1039 986 1158 1057 τοὺς
1198 987 1698 1070 προλαμβάνοντας,
1732 986 1920 1055 οἵτινες

349 1071 511 1154 ἦσαν,
543 1077 899 1159 ἐξεγείραντας
934 1073 1123 1143 αὐτοὺς
1161 1077 1235 1143 εἰς
1263 1075 1354 1136 τὸν
1388 1076 1599 1136 ἐκείνων
1626 1076 1787 1136 τόπον
1819 1096 1920 1136 κα-

276 1190 326 1232 xo
349 1168 514 1230 θίσαι.
559 1165 847 1239 πεποίηται
891 1163 947 1226 δὲ
982 1162 1044 1223 τὸ
1083 1163 1250 1243 ὄνομα
1289 1164 1397 1224 ἀπὸ
1435 1170 1529 1224 τοῦ
1564 1162 1660 1237 τὴν
1702 1163 1917 1245 πρώτην

351 1254 542 1324 αὖτοὺς
573 1252 730 1336 ἕδραν
759 1251 921 1335 ἔχειν.
987 1249 1209 1320 Ἄλλως.
1237 1250 1328 1313 ἐὰν
1354 1252 1430 1332 μὴ
1462 1251 1738 1335 πρότερον,
1762 1253 1920 1334 φησὶ,

347 1340 587 1404 τοιούτου
624 1341 829 1424 τύχωσι
862 1340 1024 1415 τινὸς,
1065 1342 1340 1402 ἀπειλοῦσι
1381 1341 1456 1421 μὴ
1498 1341 1791 1422 μάχεσθαι,
1834 1338 1921 1399 διὰ

349 1429 552 1491 τούτων
574 1427 967 1507 καθαπτόμενος
986 1432 1118 1507 ὁμοῦ
1149 1451 1203 1487 τι
1231 1431 1336 1488 τῶν
1360 1429 1658 1503 Ἀθηναίων
1691 1428 1785 1489 καὶ
1815 1431 1921 1489 τῶν

351 1522 684 1602 στρατηγῶν·
707 1521 811 1577 τῶν
837 1514 934 1594 μὲν
958 1515 1266 1591 Ἀθηναίων,
1297 1519 1369 1583 ὣς
1407 1515 1633 1586 ἀναξίοις
1660 1514 1923 1576 διαδιδόν-

276 1634 325 1676 15
352 1630 458 1667 των
486 1604 588 1673 τὰς
611 1603 772 1683 τιμὰς
797 1606 890 1664 καὶ
921 1601 1018 1672 τὰς
1050 1601 1274 1684 δωρεὰς,
1298 1607 1344 1664 εἷ
1371 1604 1494 1686 πρίν
1530 1629 1584 1664 τι
1608 1606 1797 1687 δρᾶσαι
1826 1602 1923 1677 τὴν

348 1694 503 1754 πόλιν
518 1692 738 1772 ἀγαθὸν,
750 1697 921 1751 ταῦτα
940 1691 1172 1752 διδόασιν
1188 1694 1379 1759 αὐτοῖς·
1399 1695 1506 1751 τῶν
1525 1690 1580 1751 δὲ
1597 1693 1922 1772 στρατηγῶν,

348 1786 421 1852 ὣς
452 1779 776 1862 τιμωμένων
800 1780 926 1863 πρὶν
960 1783 1067 1839 τῶν
1097 1779 1544 1861 κατορθωμάτων,
1570 1780 1663 1840 καὶ
1688 1784 1791 1839 τῶν
1819 1779 1923 1852 ἤδη

347 1874 507 1950 τιμῆς
534 1892 676 1937 τινος
704 1867 1075 1949 τετυχηκότων
1098 1865 1196 1939 τὴν
1234 1866 1387 1938 δόξαν
1420 1866 1840 1951 ἀφαιρουμένων,
1880 1871 1925 1926 εἶ

349 1958 619 2041 φαίνοιντο
635 1954 733 2027 τὴν
752 1954 952 2037 δωρεὰν
964 1954 1215 2023 λαὸόντες
1239 1957 1336 2016 οὔκ
1355 1957 1437 2015 ἐπ’
1458 1954 1918 2039 ἀνδραγαθήμασι.

272 2070 327 2110 ω
428 2044 526 2105 καὶ
549 2042 621 2104 τὰ
642 2042 786 2103 σιτία
809 2064 825 2104 t
860 2041 993 2104 Ἐπὶ
1016 2042 1295 2124 στρατείαν
1324 2042 1542 2113 ἐξιόντες
1568 2042 1762 2125 χρόνου
1791 2042 1929 2111 τινὸς

348 2123 614 2214 ἐπήγοντο
641 2129 802 2192 σιτία.
827 2122 973 2189 οὗτοι
1003 2128 1090 2203 δὲ,
1122 2129 1301 2212 φησὶν,
1330 2135 1380 2192 οἱ
1408 2136 1516 2205 νῦν,
1538 2131 1627 2190 ἐὰν
1658 2131 1734 2211 μὴ
1770 2155 1929 2213 προε-

352 2220 499 2302 δρίας
526 2219 667 2287 τινὸς
690 2218 784 2278 καὶ
809 2223 969 2297 τιμῆς
1004 2217 1310 2292 ἀξιωθῶσιν,
1339 2220 1436 2279 οὔκ
1463 2217 1660 2288 ἐξίασιν
1696 2221 1785 2279 ἐπὶ
1822 2219 1926 2279 πό·-

351 2310 539 2386 λεμον.
568 2306 710 2366 σιτία
737 2311 862 2387 γοῦν
890 2297 1009 2365 εἶπε
1034 2304 1133 2378 τὴν
1156 2310 1210 2367 ἐν
1230 2310 1311 2388 τῷ
1337 2306 1637 2388 πρυτανείῳ
1660 2306 1886 2381 σίτησιν.

429 2415 536 2456 εσυ.
580 2396 788 2473 κομῶσι
815 2414 832 2454 :
872 2396 1154 2476 Τρυφῶσι,
1185 2396 1490 2475 πλουτοῦσι.
1531 2394 1593 2455 τὸ
1625 2393 1729 2478 γὰρ
1759 2405 1928 2474 κομᾶν

276 2504 327 2545 25
353 2481 442 2542 ἐπὶ
464 2488 569 2542 τοῦ
595 2491 797 2565 τρυφᾶν
825 2479 1036 2561 λέγεται
1061 2481 1155 2542 καὶ
1174 2487 1497 2563 γαυροῦσθαι
1516 2482 1608 2542 καὶ
1631 2483 1771 2562 μέγα
1797 2505 1929 2565 φρο-

350 2574 476 2632 νεῖν.
507 2569 688 2638 ἄλλως
724 2592 785 2629 τε
811 2569 906 2630 καὶ
931 2570 1047 2637 ταῖς
1081 2570 1213 2652 θριξὶ
1238 2579 1412 2647 κομᾶν
1440 2573 1513 2639 εἰς
1538 2570 1700 2650 τιμὴν
1735 2594 1930 2651 συγκε-

351 2658 600 2741 χώρηται
623 2658 817 2726 αὑτοῖς.

430 2744 971 2825 ἀπεστλεγγισμένοις
998 2764 1016 2806 z
1058 2743 1440 2827 Κεκαρμένοις.
1478 2746 1673 2816 Κινέας
1711 2746 1813 2829 γὰρ
1840 2746 1932 2807 καὶ

355 2837 561 2916 Φρῖνος
610 2832 964 2911 εἰσηγήσαντο
1016 2838 1346 2912 μεταστῆναι
1384 2830 1505 2903 τοὺς
1551 2832 1726 2909 νέους,
1773 2832 1934 2914 νόμον

280 2937 333 2979 ω
356 2920 657 3003 γράψαντες
696 2919 887 2999 μηκέτι
916 2919 1276 3000 ἃδροδιαίτους
1309 2910 1477 3000 εἶναι,
1519 2920 1576 2982 ὃν
1616 2920 1809 3002 τρόπον
1845 2946 1935 2984 το-

356 3008 531 3067 πάλαι
545 3053 563 3082 ,
592 3007 728 3086 μηδὲ
755 3017 947 3087 κομᾶν.
976 3006 1012 3080 ἢ
1055 3006 1421 3086 ἀπεξεσμένοις
1457 3008 1550 3069 καὶ
1583 3009 1932 3083 ἐπανήκουσιν

360 3097 466 3156 ἀπὸ
509 3088 856 3175 ἀλείμματος.
913 3095 1108 3157 Ἀπίων
1154 3095 1210 3157 δὲ
1259 3095 1441 3156 ἀκούει
1487 3097 1798 3178 στλεγγίδας
1841 3097 1937 3167 τὰς

359 3182 623 3264 σταγόνας
646 3188 740 3243 τοῦ
769 3182 967 3243 ἐλαίου.
998 3184 1557 3264 ἀπεστλεγγισμένοις,
1586 3184 1705 3246 ἀντὶ
1730 3190 1821 3246 τοῦ
1847 3189 1936 3266 ἐγ·-

360 3268 804 3351 κεκαθαρμένοις,
841 3271 1204 3350 ματτομένοις.
1242 3271 1483 3351 στλεγγὶς
1516 3271 1618 3356 γὰρ
1645 3277 1680 3343 ἡ
1710 3272 1935 3357 ξύστρα,

286 3380 337 3422 σε
361 3359 477 3438 [καὶ
501 3357 929 3437 στλεγγιζόμενος
946 3404 965 3437 ,
995 3358 1366 3440 ἀποξυόμενος.
1399 3359 1492 3420 καὶ
1520 3361 1760 3441 ἀλλαχοῦ
1784 3365 1830 3424 Γ
1829 3361 1937 3444 ήρα

422 3490 467 3539 εἰ
493 3487 761 3554 παιδαρίοις
777 3489 1046 3540 ἀκολουθεῖν
1066 3489 1138 3539 δεῖ
1162 3493 1363 3554 σφαῖραν
1384 3490 1466 3541 καὶ
1488 3491 1721 3555 στλεγγίδ
1745 3491 1936 3556 ἔχοντα.

362 3602 717 3662 Δαιταλεῦσιν
736 3627 762 3653 κ
785 3598 902 3660 οὐδὲ
926 3598 1030 3682 γὰρ
1060 3601 1194 3681 αὐτῇ
1224 3601 1463 3682 στλεγγὶς
1492 3601 1610 3662 οῦδὲ
1638 3602 1880 3677 λήκυθος.
1909 3633 1937 3659 ι»

363 3690 609 3748 καλεῖται
655 3688 896 3768 στλεγγὶς
938 3689 1029 3746 καὶ
1073 3693 1301 3770 χρυσοῦν
1347 3687 1558 3768 ἔλασμα
1602 3691 1663 3751 τὸ
1707 3692 1830 3774 περὶ
1871 3698 1938 3774 τῇ

292 3793 344 3834 ιο
365 3778 573 3857 κεφαλῇ
600 3778 707 3835 τῶν
729 3777 1009 3852 γυναικῶν.
1045 3775 1575 3856 ἀπεστλεγγισμένοις
1609 3769 1716 3854 οῦν,
1753 3779 1940 3850 ἀπεξε-

368 3862 578 3942 σμένοις
591 3908 609 3937 ,
632 3862 670 3936 ἢ
694 3863 868 3923 ἔλαιον
899 3861 1323 3945 ἀληλιμμένοις.]

447 3970 551 4010 εει.
597 3938 643 4009 ὦ
657 3951 906 4031 πολιοῦχε
925 3950 1146 4019 Παλλὰς
1170 3971 1185 4012 :
1206 3949 1278 4012 Ἤ
1300 3950 1398 4025 τὴν
1413 3952 1567 4012 πόλιν
1589 3958 1940 4039 κατειληφυῖα

369 4036 462 4097 καὶ
484 4036 824 4117 περιέχουσα.
848 4037 963 4097 ἐπεὶ
984 4037 1077 4097 καὶ
1100 4029 1234 4120 ἦρχε
1254 4044 1350 4112 τῆς
1374 4038 1595 4109 πόλεως.
1629 4040 1811 4125 ἔφορος
1837 4043 1941 4127 γὰρ

369 4128 464 4196 τῆς
490 4122 695 4190 πόλεως
716 4127 752 4194 ἡ
777 4122 904 4191 θεός.
932 4124 1025 4184 καὶ
1058 4125 1156 4198 τὴν
1195 4125 1283 4186 ἐπὶ
1322 4128 1428 4195 τοῖς
1457 4127 1709 4207 πολέμοις
1750 4130 1943 4213 ἀρετὴν

295 4225 346 4267 45
370 4211 458 4270 διὰ
483 4209 684 4271 τούτων
712 4210 973 4283 ἐδήλωσεν
1003 4215 1177 4283 αὖτῆς.
1210 4216 1239 4273 6
1270 4212 1326 4273 δὲ
1354 4220 1497 4288 νοῦς,
1522 4205 1567 4275 ὦ
1593 4221 1688 4289 τῆς
1718 4219 1941 4278 ἁπασῶν

372 4297 765 4381 ὑπερφερούσης
779 4301 892 4379 [καὶ
906 4299 1354 4382 ὑπερόαλλούσης]
1364 4301 1543 4384 χώρας
1558 4304 1816 4383 μεδέουσα
1829 4306 1943 4385 [καὶ

376 4386 755 4467 βασιλεύουσα]
788 4389 841 4446 ἐν
867 4387 1085 4466 δυνάμει
1113 4389 1204 4448 καὶ
1242 4394 1500 4462 ποιηταῖς.
1529 4392 1859 4452 ἐπικαλεῖται
1887 4392 1944 4453 δὲ

371 4473 470 4547 τὴν
493 4474 607 4534 θεὸν
629 4474 768 4553 μετὰ
789 4473 885 4547 τὴν
908 4474 1057 4548 νίκην
1085 4477 1276 4555 εὐμενῆ
1304 4482 1639 4559 παραστῆναι
1659 4489 1767 4548 τοῖς
1785 4480 1944 4554 ποιή-

376 4585 539 4640 μασιν
563 4564 743 4623 αὗτοῦ.
770 4566 902 4642 ὁμοῦ
924 4561 978 4622 δὲ
1000 4563 1091 4623 καὶ
1114 4561 1211 4637 τὴν
1235 4563 1325 4624 ἐπὶ
1354 4567 1512 4649 σοφία
1542 4567 1694 4636 δόξαν
1723 4574 1817 4642 τῆς
1844 4568 1944 4629 πό-

300 4675 353 4718 ω
373 4650 508 4718 λεως
546 4649 637 4710 καὶ
677 4648 774 4724 τὴν
827 4649 916 4710 ἐπὶ
961 4659 1070 4720 τοῖς
1108 4650 1355 4732 πολέμοις
1393 4654 1583 4737 ἀρετὴν
1620 4655 1708 4715 διὰ
1747 4658 1944 4719 τούτων

378 4736 629 4808 ἐδήλωσε.
654 4737 916 4821 [ξυνεργὸν
943 4737 997 4798 δὲ
1011 4786 1030 4819 ,
1052 4740 1460 4823 συμπράκτορα,
1480 4741 1811 4825 σύμμαχον.]

457 4846 555 4887 589.
597 4826 633 4898 ἢ
662 4830 891 4907 χορικῶν
928 4829 1067 4886 ἐστιν
1100 4827 1286 4909 ἑταίρα
1318 4850 1334 4891 2
1372 4827 1451 4891 Ἣ
1485 4832 1590 4899 τοῖς
1618 4836 1797 4914 χοροῖς
1833 4836 1946 4894 ἐστι

378 4912 667 4996 προσφιλὴς
690 4913 785 4973 καὶ
812 4912 1054 4987 συνήθης.
1088 4918 1136 4974 οἳ
1167 4915 1270 4999 γὰρ
1293 4922 1388 4991 τῆς
1415 4919 1641 5002 ἀρχαίας
1668 4921 1948 5003 κωμῳδίας

381 5002 592 5077 ποιηταὶ
612 5002 705 5062 καὶ
728 5002 969 5084 τραγικοὶ
985 5001 1172 5084 χοροὺς
1191 5003 1438 5082 ἵστασαν,
1457 5006 1509 5067 οἳ
1524 5006 1592 5067 τὰ
1613 5008 1804 5088 χορικὰ
1825 5012 1946 5069 ὕπε-

2008 371 2242 454 κρίνοντο
2273 373 2365 435 καὶ
2391 365 2516 455 ᾖδον
2544 374 2700 452 μέλη.
2731 378 3061 450 συνειστήκει
3084 380 3138 440 δὲ
3172 385 3201 440 6
3227 381 3380 463 χορὸς
3404 386 3462 466 [6
3485 393 3580 462 μὲν

2009 459 2266 540 κωμικὸς]
2295 459 2349 530 ἐξ
2379 463 2582 544 ἀνδρῶν
2607 462 2710 535 ἤδη
2743 464 2835 524 καὶ
2861 470 3139 544 γυναικῶν,
3163 472 3291 547 ὁμοῦ
3316 470 3371 531 δὲ
3399 472 3490 533 καὶ
3518 477 3578 535 ἐκ

2008 546 2232 623 παίδων,
2266 547 2372 627 [κδ’
2392 593 2410 627 ,
2440 553 2511 617 ὣς
2536 548 2627 608 καὶ
2655 542 2802 619 οὗτος
2829 553 3197 635 ἀπηρίθμησεν
3229 559 3283 615 ἐν
3319 554 3575 638 Ὄρνισιν,

2010 633 2231 716 ἄρρενας
2254 633 2349 715 μὲν
2379 634 2516 719 ὄρνις
2544 637 2644 716 ιβ’,
2669 638 2877 711 θηλείας
2903 639 2958 700 δὲ
2983 643 3261 711 τοσαύτας.
3301 649 3330 704 6
3366 649 3421 708 δὲ
3449 673 3577 732 τρα-

2006 720 2151 801 γικὸς
2181 723 2269 798 ιε’,
2303 727 2375 791 ὡς
2415 721 2682 804 Αἰσχύλος
2721 724 3117 807 Ἀγαμέμνονα]
3161 731 3272 792 ἔστι
3299 733 3343 793 δ’
3371 732 3458 795 ὅτε
3490 737 3579 797 καὶ
3606 760 3631 797 5

2008 807 2266 890 ἡμιχόρια
2293 809 2509 870 ἵσταντο
2540 812 2659 883 ἤτοι
2686 811 2739 882 ἐξ
2770 816 2971 896 ἀνδρῶν
2998 818 3091 876 καὶ
3118 825 3400 898 γυναικῶν.
3430 826 3483 883 ἐν
3523 822 3579 883 δὲ

2007 897 2114 965 τοῖς
2139 895 2387 966 τοιούτοις
2410 903 2620 979 χοροῖς,
2648 901 2694 959 εἰ
2725 899 2821 980 μὲν
2853 901 2908 971 ἐξ
2937 905 3140 986 ἀνδρῶν
3168 907 3250 978 εἴη
3287 908 3379 968 καὶ
3409 933 3584 987 γυναι·

2008 987 2115 1043 κῶν
2154 990 2183 1044 6
2222 984 2405 1068 χορὸς,
2452 987 2779 1048 ἐπλεονέκτει
2815 988 2876 1049 τὸ
2915 995 3021 1051 τῶν
3058 995 3258 1076 ἀνδρῶν
3299 995 3455 1079 μέρος
3493 1000 3584 1058 καὶ

2009 1062 2143 1144 ἦσαν
2171 1072 2268 1153 ιγ’,
2305 1077 2361 1133 αῖ
2390 1073 2446 1133 δέ
2477 1079 2719 1155 γυναῖκες
2753 1074 2957 1140 ἕνδεκα.
2988 1082 3033 1139 εἰ
3067 1078 3122 1140 δὲ
3147 1082 3352 1143 παίδων
3379 1084 3462 1157 εἴη
3491 1086 3582 1144 καὶ

2007 1163 2291 1242 γυναικῶν,
2320 1165 2375 1220 αἱ
2405 1159 2501 1239 μὲν
2535 1171 2776 1241 γυναῖκες
2814 1166 2881 1245 ιγ’
2910 1157 3065 1242 ἦσαν,
3105 1172 3153 1230 οἱ
3193 1169 3247 1230 δὲ
3272 1173 3459 1240 παῖδες
3492 1175 3582 1233 ια’.
3615 1173 3674 1241 ω’

2010 1250 2055 1307 εἰ
2083 1245 2139 1306 δὲ
2159 1248 2470 1330 πρεσὸυτῶν
2492 1249 2586 1309 καὶ
2610 1249 2766 1330 νέων,
2790 1251 2911 1324 τοὺς
2925 1256 3228 1338 πρεσὸύτας
3250 1260 3583 1321 πλεονεκτεῖν

2010 1337 2117 1395 δεῖν
2143 1334 2323 1418 φασίν.
2407 1336 2628 1407 Ἄλλως.
2652 1344 2902 1421 χορικῶν,
2930 1346 3034 1403 τῶν
3062 1351 3314 1424 κωμικῶν
3344 1347 3438 1407 καὶ
3456 1373 3586 1432 τρα-

2011 1426 2194 1503 γικῶν.
2222 1421 2258 1496 ἢ
2286 1424 2389 1508 γὰρ
2411 1425 2593 1486 ἐνίκων
2619 1425 2655 1500 ἢ
2683 1432 2919 1500 ἡττῶντο
2937 1434 2985 1491 οἱ
3016 1434 3403 1513 ἀγωνιζόμενοι.

2092 1531 2192 1574 ⁶90.
2236 1520 2343 1580 τοῖς
2367 1512 2414 1572 τ’
2445 1514 2676 1595 ἐχθροῖσι
2710 1535 2726 1577 :
2755 1517 2881 1586 Τοῖς
2909 1520 3241 1597 ἀντιπάλοις,
3270 1530 3380 1591 τοῖς
3418 1528 3585 1585 ἀντα-

2013 1602 2310 1677 γωνισταῖς.
2353 1600 2630 1671 στασιάζει
2674 1601 2765 1683 δὲ,
2807 1605 2922 1664 ἀντὶ
2963 1613 3085 1683 τοῦ,
3109 1608 3238 1690 πρὸς
3266 1613 3582 1692 φιλονεικίαν
3615 1643 3664 1680 15

2015 1685 2335 1768 διαφέρεται.

2095 1793 2196 1836 595.
2243 1773 2277 1833 ἃ
2302 1772 2542 1854 ξύνισμεν
2565 1796 2580 1838 :
2599 1774 2730 1839 Ὅτι
2753 1777 2845 1838 καὶ
2864 1779 3013 1840 αὐτοὶ
3032 1778 3588 1864 παρακολουθήσαντες

2015 1859 2368 1941 γινώσκομεν.
2420 1863 2537 1923 ἐπεὶ
2581 1861 2637 1924 δὲ
2684 1865 2936 1946 ἀλλότρια
2993 1872 3087 1941 τῆς
3134 1870 3339 1931 ἱππέων
3391 1871 3590 1954 φύσεως

2016 1949 2198 2029 μέλλει
2221 1949 2343 2032 περὶ
2373 1954 2546 2012 αὐτῶν
2571 1951 2761 2033 λέγειν,
2788 1953 2876 2013 ἵνα
2901 1958 3202 2039 θεραπεύσῃ
3228 1964 3322 2032 τῆς
3353 1964 3585 2041 ἐπαγγε-
3617 1974 3624 1981 ’

2022 2036 2139 2105 λίας
2179 2037 2240 2097 τὸ
2277 2037 2549 2116 ἀπίθανον,
2585 2038 2720 2123 ἅπερ
2763 2043 2935 2110 αὐτοῖς
2970 2043 3226 2125 συνέγνω,
3261 2047 3430 2107 ταῦτά
3465 2070 3595 2129 φησι
3619 2077 3671 2117 m

2026 2124 2148 2207 περὶ
2177 2128 2350 2185 αὐτῶν
2377 2127 2530 2207 ἐρεῖν.

2105 2215 2270 2271 τοῖσιν
2300 2210 2484 2281 ἵπποις
2514 2235 2530 2275 t
2560 2213 2680 2276 Ἵνα
2707 2216 2782 2294 μὴ
2812 2217 2935 2298 εἴπῃ
2963 2227 3070 2287 τοῖς
3090 2221 3310 2281 ἱππεῦσι
3346 2220 3438 2295 καὶ
3472 2221 3592 2303 δόξῃ

2021 2298 2330 2382 χαρίζεσθαι
2351 2304 2428 2382 τῷ
2451 2307 2624 2384 χορῷ,
2647 2304 2767 2362 ἀλλ’
2790 2303 2878 2364 ἵνα
2906 2306 2994 2365 διὰ
3020 2311 3122 2367 τῶν
3144 2306 3321 2368 ἵππων
3342 2310 3592 2390 ἐπαινέσῃ

2020 2385 2231 2456 αὐτούς.

2101 2494 2199 2536 597.
2243 2474 2466 2544 ἐσὸολάς
2498 2496 2514 2536 :
2549 2480 2599 2538 Τ
2602 2475 2663 2547 ὰς
2704 2477 2793 2539 ἐπὶ
2827 2479 2924 2552 τὴν
2959 2484 3063 2540 τῶν
3104 2483 3369 2562 πολεμίων
3406 2486 3586 2568 χώραν
3618 2520 3669 2559 25

2022 2560 2233 2644 ἐφόδους
2255 2562 2477 2623 ἐκάλουν
2499 2563 2765 2642 εἰσὸολάς.
2797 2568 3163 2649 [ἱππαγωγοὺς
3184 2570 3266 2644 δὲ,
3288 2571 3383 2640 τὰς
3403 2572 3592 2641 ἵππους

2021 2648 2115 2709 καὶ
2140 2648 2331 2732 ἄνδρας
2357 2650 2588 2731 ἀγούσας
2613 2655 2787 2734 ναῦς.]

2101 2757 2200 2798 σου.
2242 2735 2521 2807 κώθωναςε
2544 2739 2679 2813 Εἴδη
2698 2743 2962 2823 ποτηρίων
2982 2743 3017 2803 ἃ
3041 2745 3339 2823 ἐλάμὸανον
3365 2751 3413 2807 οἱ
3434 2773 3594 2831 στρα-

2024 2828 2235 2888 τιῶται.
2261 2823 2378 2895 τοὺς
2401 2828 2582 2895 ἱππεῖς
2609 2826 2664 2888 δὲ
2688 2831 2919 2891 ἐπαινεῖν
2956 2832 3270 2912 βουλόμενος
3297 2837 3464 2896 ταῦτά
3485 2860 3592 2919 φη-

2023 2935 2126 2974 σιν.
2149 2911 2339 2992 ἄλογον
2358 2913 2460 2995 γὰρ
2482 2914 2572 2973 καὶ
2589 2916 2794 2996 ἀλόγοις
2817 2916 2965 2999 ζῴοις
2984 2919 3237 2997 λογισμὸν
3256 2923 3592 3004 περιτιθέναι.
3623 2959 3677 2997 ⁸0

2021 2998 2140 3067 τοὺς
2167 2998 2223 3059 δὲ
2251 2999 2549 3073 Ἀθηναίους
2574 3005 2803 3078 ἐπαινεῖ,
2845 3006 2961 3065 ἐπεὶ
2989 3009 3283 3088 ἠπειρῶται
3322 3009 3464 3078 ὄντες
3500 3015 3595 3071 ἀν-

2023 3085 2370 3158 τεποιήσαντο
2381 3090 2475 3161 τῆς
2498 3088 2785 3164 θαλάττης,
2804 3090 2895 3151 καὶ
2918 3095 3013 3152 οὐκ
3030 3092 3294 3176 ἀπέτυχον
3317 3101 3410 3169 τῆς
3430 3121 3598 3179 προσ-

2025 3171 2221 3241 δοκίας.
2268 3172 2355 3233 διὰ
2403 3177 2459 3236 δὲ
2505 3180 2597 3235 τοῦ
2638 3177 2887 3259 σκορόδου
2927 3179 3020 3239 καὶ
3060 3181 3338 3263 κρομμύου
3380 3184 3476 3257 τὴν
3512 3190 3597 3247 εὖ·

2024 3260 2227 3321 τέλειαν
2243 3260 2471 3321 δείκνυσι
2489 3266 2592 3323 τῶν
2612 3287 2672 3323 τε
2689 3268 2947 3325 ναυτικῶν
2967 3267 3060 3328 καὶ
3080 3272 3185 3327 τῶν
3209 3279 3598 3351 στρατιωτικῶν

2026 3347 2227 3410 σιτίων.
2255 3347 2335 3408 ὅτι
2358 3352 2541 3423 εὐτελῆ
2569 3354 2640 3420 ὣς
2663 3354 2711 3412 οἱ
2735 3358 3054 3434 στρατιῶται
3077 3355 3278 3437 ἔφερον.
3626 3392 3678 3432 ⁸5

2105 3456 2203 3496 σον.
2244 3434 2324 3504 τίς
2348 3436 2606 3513 ἐμὸαλεῖε
2631 3438 2799 3509 ’Ῑδίως
2814 3439 2876 3501 τὸ
2898 3447 3117 3522 κροῦσαι
3144 3444 3325 3504 ναυσὶν
3349 3446 3601 3525 ἐμὸαλεῑν

2003 3523 2258 3604 ’λέγουσα
2296 3524 2453 3607 φησὶν
2501 3517 2610 3601 οὖν,
2652 3526 2728 3596 τίς
2761 3531 2790 3586 6
2820 3528 3092 3641 τολμήσας
3124 3534 3231 3600 τοῖς
3267 3532 3514 3604 ἱππόταις
3547 3536 3599 3604 ἐξ

2026 3609 2261 3679 ἐναντίας
2288 3615 2623 3693 ἀντιστῆναις
2651 3615 2842 3697 κυρίως
2875 3640 2964 3676 ουν
3006 3616 3066 3676 τὸ
3095 3617 3346 3696 ἐμὸαλεῖν
3388 3621 3450 3681 τὸ
3483 3624 3599 3691 ταῖς

2028 3696 2231 3767 κώπαις
2264 3704 2504 3782 κροῦσαι.
2539 3707 2632 3761 νῦν
2668 3700 2724 3762 δὲ
2763 3703 2879 3764 ἀντὶ
2908 3710 2998 3764 τοῦ
3031 3713 3139 3773 τοῖς
3171 3704 3350 3777 ἵπποις
3390 3711 3597 3787 συμὸα-

2026 3788 2154 3846 λεῖν.
2176 3785 2237 3845 τὸ
2260 3785 2316 3846 δὲ
2337 3788 2579 3848 ἱππαπαῖ
2602 3788 2781 3860 ἔπαιξε
2806 3791 2954 3874 παρὰ
2979 3791 3042 3852 τὸ
3066 3795 3346 3875 ῥυππαπαῖ
3378 3796 3597 3878 εἰρηκὼς
3623 3832 3678 3871 40

2028 3876 2099 3941 ὡς
2120 3873 2206 3933 ἐπὶ
2231 3872 2427 3936 ἵππων.
2457 3874 2569 3936 ἔστι
2597 3875 2654 3936 δὲ
2680 3878 2741 3938 τὸ
2766 3879 3048 3962 ῥυππαπαὶ
3076 3881 3395 3963 ἐπιφώνημα
3421 3907 3599 3943 ναυτι-

2029 3958 2142 4022 κόν.
2172 3958 2208 4033 ἢ
2232 3960 2399 4043 ψόφου
2427 3962 2542 4022 ἐστὶ
2573 3964 2794 4044 μίμημα
2829 3966 2938 4025 ἀπὸ
2963 3970 3066 4025 τῶν
3094 3972 3288 4027 κωπῶν
3318 3972 3599 4030 ἀποτελου-

2031 4045 2204 4126 μένου.
2230 4048 2577 4130 [ἀνεὸρύαξαν
2611 4049 2694 4125 δὲ,
2718 4052 3125 4135 ἀνεθορύὸησαν,
3153 4054 3482 4137 ἀνέκραγον]
3506 4061 3600 4118 οὐκ

2030 4136 2152 4216 ἐλᾷς
2181 4134 2264 4209 δὲ,
2286 4138 2378 4197 οὐκ
2403 4136 2649 4218 ἐρέττεις,
2683 4141 2742 4199 οὗ
2766 4144 3114 4212 κωπηλατεῖς.

2109 4243 2207 4285 603.
2233 4213 2278 4283 ὦ
2307 4225 2556 4308 σαμφόρα
2587 4247 2603 4287 z
2631 4226 2800 4295 Ἰδίως
2829 4229 3091 4309 σαμφόροι
3125 4232 3411 4291 καλοῦνται
3444 4230 3600 4293 ἵπποι
3628 4273 3677 4314 05

2031 4311 2481 4393 ἐγκεχαραγμένοι
2508 4312 2568 4373 τὸ
2602 4336 2636 4373 σ
2672 4315 2906 4392 σημεῖον.
2935 4320 2983 4377 οἱ
3012 4315 3068 4376 δὲ
3093 4320 3316 4398 Δωριεῖς
3353 4319 3415 4379 τὸ
3441 4342 3475 4379 σ
3502 4321 3600 4380 σὰν

2029 4396 2288 4479 λέγουσιν.

2110 4506 2212 4546 σοι.
2256 4484 2517 4558 ἐξεπήδων
2561 4509 2577 4549 :
2617 4486 2826 4570 Κυρίως
2864 4488 2925 4549 τὸ
2966 4489 3226 4564 ἐξεπήδων
3272 4493 3359 4553 ἐπὶ
3402 4493 3596 4557 ἵππων.

2033 4573 2163 4655 φησὶ
2190 4571 2246 4632 δὲ
2271 4573 2334 4634 τὸ
2356 4573 2619 4657 ἐξώρμων.
2642 4577 2852 4658 ἐναργεῖ
2874 4576 2930 4637 δὲ
2956 4577 3091 4648 λέξει
3118 4578 3374 4661 κέχρηται
3400 4582 3600 4650 δεικνὺς

2033 4665 2204 4721 αὐτῶν
2231 4659 2328 4735 τὴν
2361 4663 2672 4746 προθυμίαν.
2702 4662 3017 4747 [παγούρους
3051 4665 3137 4741 δὲ,
3164 4668 3283 4736 τοὺς
3312 4671 3438 4752 παρ’
3466 4673 3595 4749 ἡμῖν
3627 4719 3675 4755 50

2032 4773 2103 4809 κα
2139 4748 2314 4820 afflone..
2553 4804 2576 4823 ὦ

2108 4774 2233 4915 [605.
2268 4751 2531 4917 μὲτήεσαν
2560 4861 2575 4902 :
2608 4839 2983 4922 Μετήρχοντο,
3009 4843 3245 4904 ἐδίωκον.
3283 4855 3407 4903 Vict.

2113 4946 2209 4986 σου.
2255 4925 2372 4986 ἀντὶ
2408 4926 2540 4994 πόας
2581 4928 2825 5000 Μηδικῆς
2858 4949 2873 4988 :
2911 4932 3022 4990 Τοῦ
3059 4932 3184 5012 παρ’
3223 4936 3349 5009 ἡμῖν
3389 4930 3594 5013 χόρτου.

2034 5011 2242 5092 λέγεται
2272 5012 2325 5072 δὲ
2363 5012 2455 5073 καὶ
2490 5013 2596 5074 πόα
2629 5038 2705 5083 τις
2743 5014 2968 5090 Μηδικὴ,
2998 5019 3185 5102 ἀρίστη
3218 5019 3310 5079 καὶ
3340 5018 3609 5091 καλλίστη.
