3859 5725
308 257 423 310 200
1477 245 1870 308 SGHOLIA
1910 248 2002 308 IN
2045 250 2364 314 PACEM.

308 383 433 442 ὅταν
456 379 556 463 ἔχῃ
582 379 679 453 τὴν
703 377 869 458 μέσην
893 380 1121 453 ἠλικίαν,
1147 377 1310 457 ἀμνὸς
1335 380 1596 476 καλεῖται.
1625 383 1673 440 οἱ
1697 379 1753 440 δέ
1779 380 1865 440 τὸν
1955 382 2259 462 αχθέντων.
2290 385 2503 468 σοὸαρὰ
2527 388 2583 449 δὲ
2625 393 2955 473 σεσοὸημένη
2971 441 2990 474 ,
3021 400 3306 475 εὗκίνητος.
3349 407 3523 483 μετά-

300 468 560 530 ἐνιαύσιον
589 466 722 550 ἄρνα
751 466 914 544 ἀμνὸν
944 469 1216 528 καλοῦσιν.

380 594 480 636 939.
524 577 595 641 ὣς
626 569 780 631 πάνθ’
818 570 897 630 ὅσ’
933 571 996 631 ἂν
1029 570 1141 639 θεὸς
1176 570 1301 652 θέλῃ
1342 594 1358 634 :
1395 571 1481 652 (Ὁ
1509 570 1665 653 χορὸς
1698 579 1867 632 ταῦτα

301 661 581 741 θαυμάζων
621 659 702 719 ὅτι
742 659 1038 740 ηὗτύχησεν
1077 663 1106 719 ὁ
1140 658 1306 742 γέρων
1350 662 1467 720 καθ’
1510 660 1712 721 ἑαυτόν.
1752 652 1866 721 εἶτα

246 769 271 808 ο
299 751 427 825 πρὸς
453 749 543 808 τὸν
567 744 869 827 πρεσὸύτην
896 747 1024 829 φησὶ
1050 746 1111 805 τὸ
1137 747 1305 827 χωρεῖ
1328 745 1467 806 κατὰ
1489 753 1626 818 νοῦν,
1657 738 1770 805 εἶτα
1798 748 1866 806 τὰ

297 836 414 909 ἑξῆς
438 835 600 895 πάλιν
630 833 774 915 ἰδία.)
803 831 937 900 τινὲς
966 831 1020 891 δὲ
1047 832 1210 901 οὕτως
1239 861 1265 886 α
1292 833 1441 893 δπόσ’
1476 833 1539 893 ἂν
1571 834 1788 894 θέλωσιν
1818 839 1865 895 οἱ

298 921 430 995 θεοὶ,
460 921 551 982 καὶ
572 925 607 993 ἡ
632 920 770 1001 τύχη
793 924 1053 1000 κατορθοῖ.
1085 949 1108 973 ²·

374 1027 554 1098 διπλῆ·
592 1023 774 1084 ἕπεται
814 1022 915 1104 γὰρ
958 1024 1139 1103 μέλος,
1179 1023 1208 1084 ὃ
1249 1028 1455 1085 ὑπονοῶ
1496 1025 1592 1105 μὲν
1631 1026 1771 1108 ἔχειν
1802 1026 1864 1087 τὸ

296 1112 634 1194 ἀντίστροφον
657 1114 709 1170 ἐν
735 1109 962 1193 διεχείᾳ,
990 1111 1199 1193 φέρεται
1225 1112 1279 1172 δὲ
1300 1117 1370 1181 ὣς
1393 1114 1651 1197 διάφορον.
1681 1113 1862 1197 διόπερ

218 1214 270 1254 10
296 1197 548 1282 πρότερον
571 1197 949 1281 παραθήσομαι
976 1203 1046 1267 ὣς
1069 1199 1302 1283 φέρεται.
1328 1201 1421 1262 καὶ
1449 1202 1614 1263 ἔοικεν
1642 1206 1862 1263 ἐνταῦθα

290 1287 353 1348 τὸ
387 1291 635 1369 κατορθοῖ
671 1284 995 1368 περιττεύειν
1032 1287 1124 1348 καὶ
1158 1292 1188 1348 ὁ
1218 1287 1278 1347 τέ
1313 1289 1597 1369 σύνδεσμος
1631 1288 1761 1372 πρὸς
1800 1288 1861 1348 τὸ

293 1403 318 1428 ι
349 1375 411 1436 σέ
436 1397 519 1434 τοι
540 1372 725 1455 θύρασι
747 1372 853 1455 χρὴ
882 1372 1055 1454 μένειν
1083 1375 1237 1443 ὄντας
1258 1376 1417 1445 τινάς.
1450 1405 1474 1428 υ
1499 1376 1590 1437 καὶ
1620 1383 1774 1436 τοῦτο
1806 1374 1861 1435 δὲ

291 1463 587 1545 ἁμάρτημά
620 1465 779 1536 ἐστιν,
809 1461 889 1521 ὅτι
916 1467 1103 1548 πρῶτα
1128 1465 1177 1543 γ’
1204 1466 1353 1524 κῶλά
1390 1467 1501 1524 ἐστι
1537 1464 1627 1523 καὶ
1667 1469 1767 1542 μετ
1809 1488 1859 1533 ς.

290 1550 429 1612 ἀλλὰ
450 1557 620 1610 ταῦτα
638 1550 732 1631 μὲν
748 1551 945 1625 ἐατέον,
963 1556 1033 1620 ὣς
1052 1550 1108 1611 δὲ
1127 1551 1239 1632 ἔχει
1252 1597 1268 1625 ,
1295 1550 1587 1631 ἐξηγητέον.
1607 1551 1669 1611 τὸ
1692 1551 1860 1611 τοίνυν

212 1664 261 1703 ιε
286 1643 494 1721 πρῶτον
516 1643 622 1699 τῶν
649 1644 806 1720 τριῶν
830 1639 1014 1699 κώλων
1036 1645 1127 1699 τοῦ
1154 1644 1432 1719 ὑποκριτοῦ
1458 1639 1652 1718 ἴαμὸος
1672 1638 1860 1721 τετρά-

290 1752 476 1810 μετρος
503 1726 904 1800 ’καταληκτικὸς
948 1725 1041 1786 καὶ
1100 1727 1457 1787 ἄναπαιστικὰ
1504 1726 1595 1788 δύο
1643 1727 1862 1809 δίμετρα

291 1814 659 1889 ἀκατάληκτόν
704 1839 764 1875 τε
811 1817 903 1876 καὶ
949 1816 1353 1888 καταληκτικόν.
1400 1807 1514 1875 εἶτα
1566 1818 1618 1875 ἐν
1665 1815 1862 1876 ἐκθέσει

289 1903 467 1984 στίχος
488 1903 734 1982 ἷαμὸικὸς
755 1903 1101 1985 τετράμετρος
1124 1904 1507 1976 καταληκτικὸς
1528 1911 1619 1965 τοῦ
1645 1909 1861 1986 ὑποκρι-

288 1998 380 2053 τοῦ
401 1992 494 2051 καὶ
517 1995 571 2052 ἐν
595 1991 815 2051 εἶσθέσει
840 1999 931 2052 τοῦ
953 1997 1113 2074 χοροῦ
1133 2037 1151 2070 ,
1173 1983 1234 2051 οἷ
1254 1993 1316 2051 τὸ
1339 1997 1547 2073 πρῶτον
1575 1994 1863 2073 προσοδια-

213 2101 266 2144 20
292 2079 382 2139 κὸν
407 2080 781 2158 ἐνδεκάσημον,
804 2080 866 2139 τὸ
898 2081 945 2155 β’
977 2080 1356 2141 ἀναπαιστικὸν
1378 2081 1614 2163 τρίπουν,
1641 2081 1702 2141 τὸ
1730 2081 1785 2141 δὲ
1807 2077 1863 2160 γ’

292 2167 540 2247 ῖαμὸικὸν
581 2166 964 2251 ἑφθημιμερὲς,
991 2167 1052 2227 τὸ
1103 2168 1158 2227 δὲ
1202 2169 1246 2229 δ’
1277 2169 1497 2249 σύζυγον
1535 2168 1786 2248 ἶαμὸικὸν
1824 2169 1860 2242 ἢ

291 2256 690 2328 ἀναπαιστικὸν,
719 2256 780 2316 τὸ
813 2254 869 2315 δὲ
907 2255 948 2315 ε’
975 2254 1222 2334 ἰαμὸικὸν
1262 2257 1634 2339 ἐφθημιμερές.
1666 2249 1781 2317 εἶτα
1809 2261 1861 2316 ἐν

290 2342 489 2403 ἐκθέσει
514 2349 605 2402 τοῦ
634 2347 916 2425 ὑποκριτοῦ
947 2343 1169 2425 δίστιχοι
1195 2343 1382 2422 ἴαμὸοι
1410 2347 1646 2427 δίμετροι
1689 2369 1860 2406 κατα-

286 2431 544 2504 ληκτικοί.
573 2431 665 2492 καὶ
690 2435 743 2492 ἐν
774 2431 995 2492 εἷσθέσει
1020 2441 1112 2494 τοῦ
1136 2438 1298 2514 χοροῦ
1325 2432 1378 2502 ἓξ
1394 2434 1586 2506 -κῶλα,
1616 2426 1690 2492 ὧν
1718 2434 1779 2493 τὸ
1802 2434 1859 2493 α’

206 2545 261 2585 25
286 2520 536 2598 ἰαμὸικὸν
561 2519 801 2601 δίμετρον
827 2521 1217 2594 ἀκατάληκτον,
1242 2520 1304 2579 τὸ
1329 2522 1378 2601 β’
1405 2521 1459 2591 ἐξ
1482 2520 1737 2600 ἷαμὸικῆς
1762 2521 1858 2602 βά-

287 2630 419 2676 σεως
444 2607 536 2668 καὶ
560 2611 852 2690 τροχαῖκῆς
877 2609 1289 2680 καταληκτικῆς.
1321 2606 1384 2667 τὸ
1411 2610 1458 2687 γ’
1499 2608 1746 2686 ἰαμὸικὸν
1776 2609 1858 2668 δί-

286 2718 477 2778 μετρον
503 2695 891 2769 ἀκατάληκτον.
915 2694 977 2754 τὸ
1004 2697 1050 2765 ς’
1081 2695 1316 2756 Ἰωνικὸν
1346 2694 1606 2775 ἡμιόλιον.
1636 2707 1699 2755 V.

364 2822 464 2864 uo.
506 2800 679 2871 ἄλλως
715 2801 863 2886 ἄλλῳ
901 2799 1040 2864 κατὰ
1077 2800 1244 2885 τύχην
1281 2801 1561 2865 ἀποόαίνει
1600 2801 1671 2864 τὰ
1710 2803 1857 2886 πρά-

282 2915 481 2973 γματα.
509 2904 574 2952 V.

203 3014 258 3055 ιο
362 3008 460 3051 941.
490 2988 690 3050 τούτων
711 3010 727 3051 :
747 2986 949 3070 Ἤγουν
967 2991 1071 3050 τῶν
1093 2991 1345 3071 εὖτυχιῶν
1364 2987 1400 3063 ἢ
1420 2992 1524 3049 τῶν
1544 2988 1853 3073 ἀνθρώπων.

292 3088 422 3138 Vive.

359 3193 459 3234 0⁴2.
503 3177 576 3242 ὥς
619 3177 790 3234 ταῦτα
831 3172 969 3247 δῆλά
1008 3173 1057 3254 γ’
1099 3172 1241 3234 ἐστιν
1282 3194 1297 3235 :
1342 3173 1471 3235 Ἀπὸ
1513 3172 1712 3235 τούτων
1751 3174 1852 3256 γὰρ

278 3261 578 3334 κατάδηλόν
598 3263 758 3335 ἐστιν,
782 3260 913 3340 εἴγε
931 3261 1036 3344 χρὴ
1059 3261 1425 3345 τεκμήρασθαι
1452 3263 1559 3331 τοῖς
1577 3271 1850 3344 παροῦσιν.

276 3347 339 3411 τὸ
366 3347 422 3408 δὲ
451 3348 666 3432 θύρασιν
694 3349 811 3409 ἀντὶ
833 3355 928 3409 τοῦ
959 3349 1012 3419 ἐξ
1040 3348 1272 3428 ἑτοίμου.

198 3481 252 3520 ³5
358 3473 457 3514 943.
502 3453 735 3533 ἐπείγετε
771 3474 786 3516 :
825 3451 941 3536 [Tan
978 3459 1197 3517 τοιαῦτα
1225 3454 1338 3531 εἴδη
1375 3456 1617 3517 καλεῖται
1645 3456 1852 3518 ἀλλοιό-

277 3562 496 3623 στροφα.
525 3543 622 3602 εἰσὶ
650 3548 775 3621 γοῦν
803 3546 898 3613 τῆς
922 3539 1017 3620 μὲν
1045 3539 1261 3627 πρώτης
1289 3546 1517 3624 στροφῆς
1542 3545 1691 3602 κῶλα
1720 3547 1851 3602 ἀνα-

276 3628 533 3691 παιστικὰ
561 3629 685 3690 δέκα
714 3628 1105 3711 ἐπιμεμιγμένα
1139 3631 1699 3709 προκελευσματικοῖς,
1728 3629 1850 3690 τού-

272 3739 378 3775 των
407 3717 453 3776 δ’
479 3717 514 3775 ἃ
537 3715 634 3794 μὲν
660 3716 882 3799 δίμετρά
909 3718 1041 3775 εἰσιν
1070 3715 1449 3792 ἀκατάληκτα,
1486 3716 1521 3774 ἃ
1550 3719 1596 3775 δ’
1626 3721 1847 3804 ἑφθημι-

274 3809 409 3886 μερῆ
445 3805 537 3865 καὶ
580 3804 792 3885 βάσεις,
832 3801 969 3882 μετὰ
1008 3802 1063 3862 δὲ
1096 3827 1266 3866 ταυτα
1304 3802 1524 3880 tapeta:
1564 3804 1628 3875 ζ’.
1669 3809 1766 3878 τῆς
1793 3804 1847 3869 δὲ

194 3917 247 3956 ω
274 3892 513 3976 δευτέρας
554 3898 781 3978 στροφῆς
818 3891 887 3951 τὰ
924 3894 1072 3951 κῶλα
1114 3890 1264 3977 τρία,
1304 3882 1377 3950 ὧν
1414 3890 1475 3950 τὸ
1504 3891 1599 3970 μὲν
1637 3898 1846 3971 πρῶτον

272 3979 537 4060 ῖαμὸεῖον,
561 3982 631 4040 τὰ
650 3981 695 4041 δ’
719 3981 857 4040 ἄλλα
881 3977 1268 4052 ἀναπαιστικὰ,
1295 3977 1514 4063 δίμετρα
1538 3979 1633 4058 μὲν
1656 3980 1845 4067 ἄμφω,

269 4068 332 4128 τὸ
356 4067 413 4128 δέ
436 4091 517 4128 τοι
545 4066 780 4152 δεύτερον
804 4065 1214 4147 καταληκτικόν.
1244 4070 1273 4126 ὁ
1300 4065 1416 4139 ἑξῆς
1443 4074 1534 4128 τοῦ
1563 4072 1845 4156 ὑποκριτοῦ

272 4156 452 4238 στίχος
475 4156 721 4236 ἰαμὸικὸς
747 4156 1101 4245 τετράμετρος
1123 4154 1528 4227 καταληκτικός.
1554 4161 1647 4231 τῆς
1666 4156 1847 4239 τρίτης

273 4250 500 4328 στροφῆς
524 4244 593 4305 τὰ
619 4249 767 4306 κῶλα
802 4243 1160 4309 ἀναπαιστικὰ
1186 4242 1419 4320 τέσσαρα
1445 4243 1585 4318 πλὴν
1623 4250 1717 4310 τοῦ
1752 4269 1844 4304 τε-

191 4355 244 4395 ⁴5
270 4332 513 4393 λευταίου
536 4334 898 4408 ἀκατάληκτα.
917 4336 966 4399 οἱ
991 4332 1106 4405 ἑξῆς
1129 4323 1273 4399 αὖθις
1296 4337 1385 4390 τοῦ
1410 4335 1694 4414 ὑποκριτοῦ
1718 4336 1844 4412 ἰαμ-

275 4421 415 4483 euml
436 4422 776 4506 τετράμετροι
794 4420 1193 4494 καταληκτικοί.
1218 4425 1313 4492 τῆς
1338 4418 1394 4479 δὲ
1414 4419 1670 4502 τετάρτης
1690 4445 1841 4504 στρο-

274 4516 374 4594 φῆς
407 4510 476 4571 τὰ
509 4513 658 4572 κῶλα
687 4509 897 4572 Ἰωνικὰ
926 4508 1034 4570 ἀπὸ
1071 4508 1301 4588 μείζονος
1336 4519 1411 4583 ς’,
1449 4509 1841 4589 ἐπιμεμιγμένα

273 4599 473 4659 παίωσι
499 4599 590 4660 καὶ
618 4600 912 4682 κρητικοῖς,
942 4597 1288 4670 ἀκατάληκτα
1311 4596 1451 4670 πλὴν
1478 4603 1573 4656 τοῦ
1596 4596 1841 4676 πέμπτου

274 4692 665 4763 καταληκτικοῦ
689 4687 781 4748 καὶ
802 4694 891 4748 τοῦ
921 4686 970 4756 ς’
1003 4684 1263 4764 ἡμιολίου.
1288 4688 1374 4768 ὑφ’
1398 4685 1427 4744 ὃ
1451 4688 1507 4745 αἲ
1534 4685 1845 4768 ἀμφοτέρω-

195 4808 249 4847 ω
275 4780 362 4835 θεν
386 4774 486 4845 ἔξω
513 4778 715 4838 διπλαῖ.
750 4776 1067 4836 τιθέσθωσαν
1098 4773 1154 4834 δὲ
1183 4777 1280 4833 κάν
1307 4776 1421 4842 ταῖς
1449 4772 1757 4834 ἀποθέσεσιν
1786 4779 1842 4835 αἳ

275 4862 662 4946 παράγραφοι]
688 4866 741 4923 ἐν
770 4863 877 4946 ὅσῳ
906 4862 1082 4945 φησὶν,
1109 4865 1168 4921 ἐκ
1195 4865 1301 4920 τῶν
1328 4865 1457 4921 θεῶν
1490 4860 1558 4921 τὰ
1586 4861 1724 4921 κατὰ
1752 4864 1841 4923 τὸν

275 4949 505 5030 πόλεμον
520 4950 836 5012 ἐκπέπνευκε
852 4951 945 5010 καὶ
961 4949 1282 5032 λελώφηκεν,
1299 4949 1677 5029 σπουδάσωμεν
1697 4950 1844 5033 ἱδρύ-

278 5044 471 5099 σασθαι
499 5038 593 5112 τὴν
622 5037 887 5119 Θεωρίαν,
911 5042 1015 5098 τῶν
1037 5042 1132 5110 τῆς
1156 5035 1363 5119 εἰρήνης
1390 5040 1599 5118 ἀγαθῶν
1625 5040 1835 5101 ἀντεισ-

1952 492 2142 551 τροπος
2163 471 2219 531 δὲ
2247 473 2363 534 ἀντὶ
2389 481 2481 535 τοῦ
2510 476 2758 561 εὔκρατος
2783 482 3198 559 μεταὸληθεῖσα.

2033 578 2129 618 944.
2172 561 2386 643 κατέχει
2411 563 2479 624 τὰ
2505 568 2738 649 ἡμέτερα
2767 571 3078 651 πράγματα.
3100 586 3159 634 R.
3190 588 3251 636 V.

2032 668 2129 709 949.
2173 650 2291 710 ἀντὶ
2316 659 2407 712 τοῦ
2430 658 2465 725 ἡ
2491 655 2711 736 Εἰρήνη.
2742 669 2802 717 R.

2031 755 2129 797 949.
2173 738 2299 806 ὀλὰς
2331 761 2345 799 :
2379 740 2508 803 “Ort
2536 743 2824 825 ἐκέκρυπτο
2846 748 2902 807 ἐν
2932 752 3010 831 τῷ
3037 755 3184 833 κοινῷ
3209 756 3244 825 ἡ
3279 753 3522 837 μάχαιρα
3550 776 3575 816 ⁶

1949 826 2065 891 ταῖς
2086 826 2230 894 ὀλαῖς
2252 827 2343 886 καὶ
2364 831 2469 897 τοῖς
2494 830 2782 910 στέμμασι.
2807 834 2899 894 καὶ
2922 838 3153 897 ἐντεῦθεν
3182 847 3392 912 κανοῦν,
3418 844 3526 903 ἀπὸ

1950 917 2041 971 τοῦ
2070 913 2285 976 καίνειν.
2318 918 2549 978 Πλάτων
2581 922 2859 1004 Παιδαρίῳ
2889 953 2914 976 α
2942 925 3063 1007 φέρε
3094 931 3234 989 τοῦτ’
3265 931 3383 1009 ἐμοὶ
3413 933 3524 991 δεῖ·

1952 1027 1978 1052 α
2001 1000 2082 1070 ξον
2104 1003 2164 1063 τὸ
2187 1011 2377 1064 κανοῦν
2403 1032 2493 1084 μοι
2518 1009 2687 1092 δεῦρο·
2712 1011 2788 1090 μὴ
2815 1012 3036 1095 μάχαιρ’
3059 1015 3154 1077 ἔνι.
3181 1046 3207 1071 ιο
3235 1052 3315 1065 —
3393 1016 3523 1081 Ἄλ-

1949 1090 2071 1157 λως·
2101 1090 2313 1151 εἰώθασι
2348 1094 2449 1174 γὰρ
2488 1097 2576 1155 ἐπὶ
2604 1098 2664 1158 τὸ
2690 1107 2880 1160 κανοῦν
2911 1101 3008 1174 τὴν
3043 1104 3316 1188 μάχαιραν
3347 1107 3523 1190 φέρειν

1948 1178 2400 1260 κατακρύπτοντες
2430 1182 2592 1257 αὐτὴν
2620 1196 2736 1254 ταῖς
2763 1189 2908 1257 ὀλαῖς
2934 1191 3025 1249 καὶ
3052 1194 3158 1261 τοῖς
3193 1193 3517 1275 στέμμασιν.
3552 1221 3605 1261 ιο

1948 1275 2071 1322 Ven-

2029 1372 2126 1413 951.
2170 1357 2361 1437 Χαῖρις
2392 1378 2407 1418 2
2448 1362 2571 1420 Τῶν
2608 1361 2730 1443 περὶ
2764 1361 2861 1431 τὰς
2902 1365 3078 1435 θυσίας
3113 1369 3358 1443 αὐλητῶν
3393 1361 3458 1444 ἦν
3493 1375 3523 1430 ὃ

1949 1442 2159 1521 Χαῖρις.
2189 1434 2253 1515 ἧν
2278 1443 2333 1503 δὲ
2360 1446 2452 1504 καὶ
2480 1445 2651 1529 ἕτερος
2676 1451 2982 1532 κιθαρῳδός.

2027 1549 2128 1591 959.
2161 1529 2298 1590 οὕτω
2319 1532 2416 1604 τὴν
2439 1532 2661 1615 χέρνιὸα
2688 1539 2888 1615 μᾶλλον
2911 1540 3359 1624 προπαροξυντέον
3381 1544 3521 1605 κατὰ

1946 1616 2044 1689 τὴν
2074 1619 2379 1699 ἀναλογίαν.
2406 1624 2454 1681 οἱ
2484 1621 2538 1681 δὲ
2565 1623 2787 1684 Ἀττικοὶ
2815 1627 3188 1707 παροξύνουσιν
3216 1635 3286 1700 ὣς
3316 1636 3371 1691 ἐν
3392 1656 3522 1714 τρα-
3552 1656 3603 1695 1⁵

1947 1705 2114 1788 γῳδίᾳ
2142 1708 2235 1766 καὶ
2260 1710 2534 1791 κωμῳδίᾳ.
2565 1710 2655 1772 δύο
2683 1714 2867 1773 διπλαῖ
2891 1715 2982 1774 καὶ
3020 1720 3073 1776 ἐν
3113 1718 3312 1780 ἐκθέσει
3348 1721 3521 1803 στίχοι

1950 1792 2190 1872 ἷαμὸικοὶ
2216 1795 2482 1878 τρίμετροι
2517 1799 2880 1872 ἀκατάληκτοι
2909 1802 2989 1871 ιζ’.
3019 1816 3080 1863 V.

2029 1902 2126 2029 ⁹52.
2155 1882 2346 1966 περίιθι
2376 1904 2391 1943 :
2418 1887 2593 1945 Τοῦτο
2615 1893 2822 1968 πρῶτον
2844 1890 3051 1952 ἐποίουν
3076 1894 3412 1976 καθαίροντες
3431 1896 3521 1956 τὸν

1952 1973 2074 2049 βωμ
2105 1994 2151 2032 ν.

2028 2080 2126 2119 959.
2172 2058 2308 2119 οὕτω
2345 2059 2432 2119 διὰ
2469 2067 2561 2121 τοῦ
2598 2063 2634 2120 λ
2658 2066 2688 2121 ὃ
2722 2062 2818 2135 τὴν
2858 2066 3100 2145 κωμικὴν
3141 2069 3350 2154 γράψας
3385 2072 3521 2144 λέξιν
3548 2101 3603 2142 20

1949 2145 2313 2224 ἀναγινώσκει.
2344 2159 2407 2206 V.

2024 2233 2087 2292 τὸ
2116 2233 2293 2293 δαλίον
2323 2255 2338 2296 :
2369 2235 2451 2297 Τὸ
2477 2234 2617 2318 ὕδωρ
2643 2237 2849 2298 ἐδόκουν
2878 2243 3146 2325 καθαίρειν
3175 2246 3521 2308 ἀποὸάπτον-

1946 2318 2031 2387 τές
2055 2343 2107 2379 τι
2141 2327 2233 2379 τοῦ
2268 2322 2447 2403 πυρός·
2476 2325 2793 2405 καθαρτικὸν
2820 2327 2923 2409 γὰρ·
2947 2329 3160 2391 πάντων
3198 2332 3260 2392 τὸ
3287 2340 3412 2415 πῦρ,
3450 2341 3522 2405 ὣς

1947 2406 2237 2489 Εὐριπίδης
2260 2409 2517 2492 Ἡρακλεῖ
2546 2413 2673 2492 [999]
2702 2441 2725 2464 κ
2757 2414 2965 2492 μέλλων
2994 2419 3049 2478 δὲ
3082 2420 3237 2482 δαλὸν
3265 2424 3407 2505 χειρὶ
3432 2427 3520 2485 δε-

1948 2522 1972 2548 a
2003 2494 2086 2577 ξιᾷ
2117 2494 2317 2578 φέρειν,
2346 2498 2435 2557 ἐπὶ
2471 2499 2671 2581 χέρνι6’
2704 2502 2792 2578 (ὥς
2825 2502 3057 2585 βάψειεν)
3089 2508 3386 2587 Ἀλκμήνης
3426 2512 3519 2573 τό·
3545 2548 3599 2588 2³

1947 2610 1973 2636 «ι
2001 2606 2107 2650 κος.
2151 2611 2174 2636 »
2203 2585 2282 2644 διὸ
2314 2585 2406 2644 καὶ
2435 2589 2496 2646 οὗ
2523 2588 2803 2670 γραπτέον,
2833 2590 2903 2660 ὥς
2928 2616 3086 2668 τινες,
3121 2598 3312 2677 δαδίον·
3341 2602 3518 2663 ίκανὸν

1944 2670 2047 2753 γὰρ
2074 2672 2135 2731 τὸ
2159 2673 2448 2753 Εὐριπίδου
2473 2677 2544 2744 εἷς
2571 2676 2769 2741 πίστιν.

2023 2778 2119 2819 960.
2161 2760 2289 2842 πρὸς
2316 2761 2378 2821 τὸ
2400 2764 2585 2842 ἱερεῖον
2609 2764 2769 2845 λέγει.
2796 2766 3115 2839 ἐσπούδαζον
3139 2769 3241 2854 γὰρ
3267 2775 3519 2836 ἐπισπέν-

1944 2847 2117 2916 δοντες
2138 2846 2225 2909 ἵνα
2257 2849 2408 2933 σείσῃ
2437 2850 2535 2925 τὴν
2563 2853 2798 2935 κεφαλὴν
2825 2856 2919 2918 καὶ
2946 2859 3198 2921 ἐπινεύειν
3223 2864 3332 2931 τοῖς
3360 2868 3517 2947 ἱεροῖς

1942 2936 2088 3016 δοκῇ.
2120 2950 2180 2997 R.
2211 2949 2273 3023 y.
3541 2984 3598 3025 30

2020 3046 2116 3086 962.
2161 3024 2275 3086 δέον
2299 3030 2464 3089 εἰπεῖν
2490 3058 2514 3085 «ι
2544 3034 2691 3113 ῥῖπτε
2713 3035 2818 3093 τῶν
2843 3033 2978 3095 ὅλων
3000 3041 3212 3118 κριθῶν,
3237 3067 3263 3092 υ
3286 3045 3376 3100 νῦν
3397 3032 3515 3103 εἷπε

1939 3116 2175 3192 γενικῶς.
2206 3115 2326 3176 ὀλαὶ
2353 3115 2454 3200 γὰρ
2479 3121 2534 3177 αἱ
2561 3119 2691 3201 πρὸς
2718 3121 2897 3181 θυσίαν
2933 3124 3126 3205 κριθαί.
3156 3144 3217 3191 V.
3311 3188 3312 3191 ,

2018 3222 2118 3265 966.
2164 3203 2294 3287 πρὸς
2320 3204 2415 3279 τὴν
2442 3208 2625 3289 κριθὴν
2646 3209 2857 3289 παίζει,
2883 3209 2963 3270 ὅτι
2985 3211 3045 3273 τὸ
3067 3218 3172 3274 τῶν
3201 3218 3401 3300 ἀνδρῶν
3432 3221 3513 3278 αἷ-

1939 3290 2074 3350 δοῖον
2112 3291 2295 3373 κριθὴν
2330 3293 2527 3375 ἔλεγον,
2553 3296 2614 3356 τὸ
2645 3297 2700 3356 δὲ
2736 3302 3030 3377 γυναικεῖον
3062 3303 3271 3386 βύρσον.
3302 3339 3380 3352 -
3410 3329 3515 3366 κα-

1936 3379 2217 3462 κεμφάτως
2242 3383 2303 3441 τὸ
2329 3382 2469 3451 πέος.
2499 3395 2557 3442 R.
3540 3419 3595 3459 ³5

2015 3488 2112 3529 968.
2153 3470 2279 3550 τῇδε
2310 3490 2325 3531 :
2371 3471 2690 3539 Σπένδοντες
2724 3471 2825 3553 γὰρ
2859 3471 3055 3551 ἔλεγον,
3089 3475 3168 3543 τίς
3204 3480 3356 3557 τῇδε,
3395 3482 3513 3541 ἀντὶ

1934 3559 2061 3628 τοῦ,
2084 3553 2162 3623 τίς
2188 3555 2461 3636 πάρεστιν.
2488 3548 2602 3616 εἶτα
2629 3561 2674 3616 οἱ
2698 3558 2950 3638 παρόντες
2974 3562 3370 3642 εὖφημιζόμενοι
3395 3565 3512 3626 ἔλε-

1934 3663 2045 3718 γον,
2065 3642 2250 3701 πολλοὶ
2270 3644 2510 3721 κάγαθοί.
2624 3651 2777 3704 τοῦτο
2804 3644 2856 3704 δὲ
2879 3646 3086 3706 ἐποίουν
3109 3651 3158 3707 οἱ
3180 3649 3510 3730 σπένδοντες,

1933 3724 2019 3786 ἵνα
2065 3731 2114 3785 οἱ
2162 3727 2448 3798 συνειδότες
2490 3754 2541 3789 τι
2588 3734 2791 3799 ἑαυτοῖς
2834 3731 3030 3791 ἄτοπον
3079 3737 3359 3819 ἐκχωροῖεν
3403 3746 3508 3801 τῶν

1934 3815 2189 3875 σπονδῶν.
2214 3834 2273 3881 R,
2298 3836 2362 3885 v.
2392 3816 2452 3877 τὸ
2481 3816 2536 3877 δέ
2562 3824 2665 3879 ποῦ
2693 3818 2820 3878 ποτὲ
2848 3819 2963 3879 ἔστι
2990 3820 3133 3901 λέγει
3161 3826 3215 3885 ἐν
3242 3826 3374 3899 ἤθει.
3403 3836 3507 3891 ποῦ
3536 3852 3589 3894 40

1933 3902 2062 3961 εἰσὶν
2090 3907 2137 3963 οἱ
2166 3906 2576 3985 ἐπιφωνοῦντες,
2599 3905 2686 3965 ἵνα
2714 3910 2856 3991 αὐτῷ
2880 3909 3171 3991 ἐπιλέγοιεν
3193 3919 3443 3986 πιθανῶς.
3468 3916 3504 3991 ἢ

1930 3993 2001 4058 ὡς
2030 3989 2250 4069 μηδενὸς
2277 3990 2424 4059 ὄντος
2450 3995 2613 4051 καλοῦ
2637 3996 2892 4073 κάγαθοῦ.
2921 3999 2983 4054 V.

2010 4097 2110 4138 999.
2150 4077 2318 4137 τοισδὶ
2354 4099 2368 4139 :
2402 4081 2528 4147 Τοῖς
2561 4084 2850 4159 χορευταῖς.
2892 4091 3121 4166 καταχεῖ
3154 4086 3210 4148 δὲ
3245 4090 3416 4151 αὐτῶν
3443 4091 3506 4153 τὸ

1930 4162 2070 4245 ὕδωρ
2098 4165 2184 4224 ἐπὶ
2208 4164 2399 4243 γέλωτι
2426 4166 2516 4226 καὶ
2544 4167 2712 4227 οὐδενὶ
2740 4168 2921 4253 ἑτέρῳ.

2010 4273 2108 4315 974.
2136 4254 2295 4326 διπλῆ
2316 4254 2408 4314 καὶ
2428 4254 2646 4325 εἴσθεσις
2674 4260 2746 4326 εἰς
2769 4259 3112 4337 ἀνάπαιστον,
3134 4264 3364 4346 περίοδοι
3389 4266 3498 4341 δύο,
3526 4296 3579 4338 ⁴⁸

1926 4338 2025 4413 τὴν
2056 4339 2152 4420 μὲν
2179 4345 2907 4429 πεντεκαιτριακοντάμετρον
2940 4353 3002 4408 ιθ’
3031 4349 3236 4424 κώλων,
3266 4351 3346 4410 ὅτι
3387 4351 3499 4432 ἔχει

1929 4427 2228 4512 μονόμετρα
2256 4439 2332 4510 γ’,
2358 4432 2418 4490 τό
2448 4456 2506 4491 τε
2539 4432 2586 4512 β’
2618 4432 2710 4492 καὶ
2745 4434 2826 4507 ια’,
2856 4435 2949 4494 καὶ
2977 4437 3069 4508 ις’,
3100 4436 3197 4509 τὴν
3226 4435 3281 4496 δὲ
3318 4437 3498 4508 ἑξκαι-

1928 4518 2514 4663 τειῖσαρακοντάμετρον
2560 4521 2640 4600 κγ’
2682 4520 2888 4597 κώλων,
2930 4523 3010 4582 ὅτι
3048 4523 3158 4604 ἔχει
3197 4525 3496 4611 μονόμετρα

1927 4629 1960 4663 τ
2017 4629 2069 4667 α.
2101 4617 2165 4666 V.

1964 4629 2103 4752 9⁹81.
2143 4692 2537 4774 παρακλίνασαι
2564 4714 2578 4755 :
2605 4695 3020 4776 Παρανοίξασαι.
3043 4696 3289 4781 Ὄμηρος
3319 4709 3399 4775 [Π.
3424 4714 3493 4777 θ,
3522 4733 3573 4772 ω

1927 4787 2026 4851 396]
2055 4806 2080 4832 κ
2107 4778 2242 4856 ἠμὲν
2270 4782 2546 4841 ἀνακλῖναι
2571 4781 2786 4842 πυκινὸν
2814 4782 2964 4865 νέφος
2984 4786 3067 4857 ἠδ’
3093 4789 3360 4848 ἐπιθεῖναι.
3388 4817 3413 4843 1·

2005 4887 2104 4928 900.
2145 4866 2281 4926 ποίει
2319 4868 2483 4947 μηδὲν
2521 4889 2538 4930 2
2568 4868 2662 4943 Μὴ
2699 4869 2839 4930 κατὰ
2867 4879 3065 4933 ταυτοῦ
3102 4875 3271 4953 ὀλίγον
3307 4878 3492 4960 χρόνον

1924 4952 2149 5034 ποιήσῃς
2172 4957 2312 5033 ἡμᾶς
2334 4955 2638 5015 ἀπολαῦσαί
2660 4978 2781 5031 σου,
2811 4958 2929 5018 ἀλλ’
2959 4961 3032 5026 εἰς
3057 4960 3234 5023 τέλεον
3262 4965 3489 5047 φανερὰν

1924 5043 2053 5118 ἡμῖν
2077 5040 2277 5113 σαυτὴν
2298 5042 2530 5115 ποίησον.

3836 1755 3859 1876 ⁴}

3835 2926 3854 2958 1

3811 2957 3850 3013 ,

3823 3284 3859 3501 13²

3821 3590 3850 3835 {i

3829 3860 3853 4047 ’ὲ

3805 4268 3859 4367 ⁴¹!
