3859 5725
1432 247 1812 310 SCHOLIA
1863 246 1952 309 IN
2010 248 2061 308 R
2080 244 2250 307 ANA
2267 244 2329 307 S.

286 379 351 437 οὗ
385 375 490 458 γὰρ
517 375 648 437 ἴδιόν
684 399 736 435 τι
775 374 920 454 λέγοι
948 374 1013 435 ἂν
1048 374 1169 458 περί
1207 378 1301 449 τῆς
1334 376 1576 459 παράλου
1615 377 1852 460 τριήρους

287 465 432 533 νεώς.
463 464 642 543 ἄτιμοι
664 462 719 524 δὲ
744 456 884 525 οὗτοι
906 455 1064 536 ἦσαν.

3378 260 3490 313 305

2013 398 2135 439 1007.
2176 374 2437 455 λαμπάδα
2462 374 2507 434 δ’
2534 373 2700 442 οὐδεὶς
2730 394 2744 436 :
2773 373 2948 454 (Ἔδει
2973 374 3076 459 γὰρ
3094 378 3493 459 λαμπαδουχεῒν

1927 468 1983 525 ἐν
2023 462 2378 546 “Ηφαιστείοις
2416 460 2509 521 καὶ
2541 462 2969 541 Παναθηναίοις.)
3010 467 3063 524 ἐν
3104 463 3341 536 Ἀθήναις
3381 467 3495 526 ἐστὶ
3571 515 3577 522 .

371 574 494 616 1070.
540 553 860 635 ρυππαπαὶε
892 552 1232 634 Ἐπίφθεγμα
1260 553 1524 633 ναυτικὸν,
1549 579 1855 636 παρασκευ-
1925 552 2236 633 γυμνάσιον,
2284 553 2338 610 ἐν
2394 541 2439 633 ᾧ
2492 551 2965 633 έλαμπαδηφόρουν
3015 555 3065 612 οἱ
3091 553 3492 633 γυμναζόμενοι.

288 641 504 701 αοτικὸν
531 639 877 714 κωπηλασίας
902 640 963 699 τὸ
985 644 1244 722 ρυπαπαῖ.
1273 677 1353 687 -
1381 643 1698 725 ἐπιφώνημα
1725 669 1855 704 ναυ-

229 748 260 788 0
287 728 451 791 τικόν.
477 743 570 790 Βν.

371 837 494 880 1074.
536 822 613 899 τῷ
647 815 918 896 θαλάμακι
944 838 959 878 t
990 821 1066 899 τῷ
1095 820 1495 890 κωπηλατοῦντι
1518 821 1571 878 ἐν
1598 822 1675 901 τῷ
1702 820 1851 881 κάτω

291 903 442 986 μέρει
464 908 557 976 τῆς
579 904 837 986 τριήρους.
870 908 917 964 οἱ
939 904 993 963 δὲ
1016 905 1320 982 θαλάμακες
1347 906 1522 985 ὀλίγον
1554 907 1854 986 ἐλάμὸανον

291 992 497 1069 μισθὸν,
544 991 631 1051 διὰ
672 992 735 1051 τὸ
779 992 1024 1059 κολοὸαῒς
1064 998 1296 1073 χρῆσθαι
1339 993 1543 1063 κώπαις
1576 996 1724 1078 παρὰ
1761 996 1856 1066 τὰς

291 1078 456 1149 ἄλλας
479 1081 618 1161 τρεῖς
647 1078 815 1150 τάξεις
841 1085 944 1139 τῶν
974 1082 1182 1161 ἐρετῶν,
1207 1081 1286 1140 ὅτι
1311 1084 1512 1161 μᾶλλον
1540 1086 1668 1144 εἰσιν
1707 1085 1858 1164 ἐγγὺς

210 1182 269 1223 10
288 1173 383 1227 τοῦ
402 1166 606 1234 ὕδατος.
645 1158 799 1244 (ἦσαν
836 1167 891 1225 δὲ
918 1176 1057 1249 τρεῖς
1086 1167 1256 1237 τάξεις
1296 1173 1400 1228 τῶν
1431 1173 1638 1252 ἐρετῶν·
1681 1172 1773 1232 καὶ
1822 1178 1856 1245 ἡ

292 1254 390 1334 μὲν
426 1255 604 1333 κάτω,
634 1257 956 1334 θαλαμῖται,
989 1260 1024 1327 ἡ
1067 1257 1122 1315 δὲ
1157 1256 1293 1335 μέση
1330 1260 1561 1337 ζυγῖται,
1592 1265 1627 1331 ἡ
1661 1258 1716 1319 δὲ
1749 1260 1857 1320 ἅνω

290 1347 552 1423 θρανῖται.
579 1342 823 1424 θρανίτης
858 1335 966 1417 οὗν,
995 1349 1024 1404 6
1048 1343 1179 1425 πρὸς
1209 1343 1306 1418 τὴν
1347 1344 1608 1428 πρύμναν·
1651 1349 1858 1423 ζυγίτης

291 1434 322 1490 6
361 1429 533 1510 μέσος
573 1429 828 1510 θαλάμιος
856 1436 884 1490 6
919 1431 1050 1512 πρὸς
1085 1431 1180 1504 τὴν
1220 1437 1455 1515 πρῷραν.
1499 1435 1590 1494 καὶ
1623 1435 1856 1515 θαλαμία

293 1518 427 1593 ὀπὴ,
451 1519 516 1578 δι’
544 1511 606 1592 ἧς
628 1519 896 1603 ἐξέρχεται
924 1524 959 1593 ἡ
989 1519 1167 1594 κώπη.
1197 1512 1303 1582 οἷον
1331 1513 1420 1582 οὖν
1448 1522 1593 1605 παρὰ
1625 1527 1703 1605 τῷ
1730 1548 1856 1606 συγ-

217 1618 275 1660 ῐῦ
303 1607 538 1689 καθέδρῳ
565 1609 824 1690 παρδεῖν.)

375 1716 500 1757 1070.
547 1698 823 1773 (μινθῶσαι
853 1716 868 1757 :
906 1698 1260 1777 Διοσφρᾶναι,
1299 1699 1585 1779 δυσοσμίας
1619 1703 1857 1774 ἀναπλῆ-

295 1807 411 1858 σαι,
445 1793 664 1862 μιᾶναι,
709 1787 965 1868 ῥυπῶσαι.
999 1785 1153 1863 μίνθη
1190 1784 1244 1845 δὲ
1285 1785 1346 1846 τὸ
1372 1788 1499 1871 παρ’
1531 1793 1658 1867 ἡμῖν
1698 1788 1854 1862 ἡδύο-

293 1894 446 1950 σμον.
466 1874 516 1931 οἱ
535 1870 590 1930 δὲ
611 1871 700 1931 τὸν
723 1871 929 1951 θύμον.)
955 1873 1018 1954 [ἢ
1048 1873 1241 1953 κόπρον
1271 1874 1492 1956 αἰγῶν]

377 1979 495 2019 1070.
524 1961 643 2039 [νῦν
672 1958 717 2016 δ’
741 1959 1036 2038 ἀντιλέγειε
1068 1960 1310 2030 Είσθεσις
1332 1966 1426 2034 τῆς
1453 1964 1642 2036 διπλῆς
1676 1966 1746 2033 εἰς
1769 1963 1859 2024 δύο

206 2058 271 2100 2⁰
295 2046 562 2129 περιόδους
594 2046 913 2130 διῃρημένης
935 2053 995 2108 ἐκ
1026 2050 1210 2109 κώλων
1240 2049 1435 2129 ὁμοίων
1467 2044 1859 2113 ἀναπαιστικῶν

296 2135 402 2216 κγ’.
429 2129 502 2195 ὦν
529 2135 597 2194 τὰ
618 2134 714 2213 μὲν
739 2141 926 2216 πρῶτα
957 2136 1050 2197 δύο
1082 2139 1229 2196 κῶλα
1265 2137 1486 2219 δίμετρα
1510 2140 1636 2199 ὄντα
1666 2140 1859 2200 ἀκατά-

295 2224 465 2296 ληκτα
499 2228 566 2305 τῇ
600 2225 762 2302 διπλῇ
795 2224 1132 2284 συνάπτεται.
1160 2229 1255 2297 τῆς
1286 2225 1342 2285 δὲ
1375 2226 1589 2308 πρώτης
1617 2228 1858 2311 περιόδου

295 2312 396 2371 εἰσὶ
424 2313 573 2371 κῶλα
609 2311 678 2370 ια’
707 2311 1085 2387 ἀκατάληκτα,
1104 2312 1245 2386 πλὴν
1263 2319 1354 2374 τοῦ
1379 2316 1678 2377 τελευταίου
1707 2321 1862 2398 ἔφθη·

297 2404 565 2481 μιμεροῧς.
601 2398 792 2477 ὁμοίως
820 2399 874 2458 δὲ
908 2399 1087 2460 καὶτὰ
1104 2405 1198 2474 τῆς
1218 2401 1460 2482 δευτέρας
1488 2403 1617 2483 ἔχει.
1645 2403 1707 2464 τὸ
1731 2403 1860 2483 μέν·

207 2506 273 2548 8
294 2509 377 2546 τοι
398 2485 784 2569 παρατέλευτον
805 2489 1163 2562 ἀναπαιστική
1180 2491 1292 2549 ἐστι
1313 2489 1484 2571 βάσις.
1510 2492 1597 2551 ἐπὶ
1622 2495 1699 2572 τῷ
1719 2491 1859 2552 τέλει

295 2580 391 2647 τῆς
418 2574 512 2652 μὲν
533 2573 745 2655 πρώτης
769 2575 1010 2656 περιόδου
1029 2575 1400 2659 παράγραφος,
1424 2583 1517 2650 τῆς
1542 2577 1599 2639 δὲ
1619 2579 1860 2662 δευτέρας

297 2663 390 2723 δύο
427 2664 639 2737 διπλαῖ,
664 2667 697 2735 ἡ
737 2661 833 2741 μὲν
864 2666 918 2722 ἐν
954 2667 1094 2745 ἀρχῇ
1124 2670 1214 2724 τοῦ
1239 2664 1439 2742 κώλου,
1471 2670 1506 2739 ἡ
1546 2666 1602 2726 δὲ
1629 2664 1769 2727 κατὰ
1800 2667 1859 2728 τὸ

292 2749 456 2818 τέλος.

376 2749 634 2919 ἀντ’]ιλέγει
657 2841 685 2896 6
710 2836 947 2921 πάραλος
973 2838 1065 2899 καὶ
1091 2841 1148 2899 οὖ
1169 2841 1496 2914 κωπηλατεῗ.
1521 2855 1577 2903 R.

207 2947 273 2990 ιο
378 2947 499 2988 1000.
542 2928 663 3010 [καὶ
689 2927 964 2997 τικτούσας
986 2949 1003 2991 :
1028 2925 1276 3012 Ἔγραψε
1296 2928 1400 3013 γὰρ
1428 2929 1524 3004 τὴν
1544 2928 1725 3011 Αὔγην
1743 2930 1859 2990 ὠδί-

294 3038 486 3076 νουσαν
513 3018 568 3076 ἐν
596 3016 772 3099 ἱερῷ]

272 3123 279 3130 ’
377 3100 503 3166 1001.
551 3105 738 3187 [τοῖσιν
768 3106 1009 3186 ἀδελφοῖς
1037 3125 1053 3166 :
1090 3104 1185 3173 Ὡς
1212 3107 1268 3165 αἱ
1293 3111 1388 3166 τοῦ
1421 3104 1613 3166 Αἰόλου
1635 3103 1860 3186 θυγατέ-

298 3192 501 3340 ρεςιίιεε.
541 3278 633 3340 καὶ
653 3279 953 3357 φασκούσας
971 3280 1030 3339 οὗ
1054 3281 1147 3360 ζῇν
1181 3299 1195 3338 :
1225 3277 1388 3341 Ἔστι
1412 3279 1508 3359 μὲν
1537 3278 1685 3362 παρὰ
1707 3280 1775 3339 τὰ
1798 3283 1857 3341 ἐκ

210 3389 271 3431 a
297 3366 500 3449 Φρίξου
529 3367 816 3449 Εὐριπίδου

427 3456 495 3515 τίς
514 3458 554 3506 δ’
575 3458 716 3517 οἶδεν,
736 3458 778 3505 εἰ
798 3456 854 3505 τὸ
873 3459 953 3515 ζῆν
973 3456 1055 3519 μέν
1074 3457 1176 3505 ἐστι
1192 3458 1459 3520 κατθανεῖν,

362 3547 376 3562 ·
424 3527 479 3576 τὸ
496 3527 738 3596 κατθανεῖν
756 3526 807 3576 δὲ
828 3530 938 3586 ζῆν,
1140 3561 1147 3564 .
1474 3545 1485 3562 .

287 3706 406 3767 ἀλλ’
433 3711 462 3766 6
488 3707 655 3786 λέγων
691 3706 803 3767 ἐστὶ
830 3706 1048 3789 Φρίξος,
1073 3698 1221 3774 οὗτος
1247 3707 1304 3766 δὲ
1339 3711 1411 3775 ὡς
1438 3706 1586 3789 παρὰ
1606 3707 1847 3787 γυναικὸς

287 3791 560 3874 εἰρημένον
590 3793 718 3853 αὖτὸ
745 3792 904 3873 λέγει.
933 3794 1075 3871 (ἰδεῖν
1099 3785 1187 3853 οὖν
1214 3793 1349 3875 χρὴ,
1378 3793 1584 3873 μήποτε
1623 3794 1712 3853 τὸν
1750 3797 1848 3854 αὗ-

284 3880 375 3939 τὸν
414 3885 531 3939 νοῦν
573 3882 700 3961 παρ’
744 3880 1007 3962 Εὐριπίδῃ
1048 3880 1179 3960 γυνὴ
1217 3880 1344 3962 λέγῃ
1361 3926 1377 3954 ,
1410 3881 1502 3941 καὶ
1542 3882 1747 3962 μήποτε
1786 3882 1847 3942 τὸ

199 3935 260 3975 ω
285 3967 389 4027 ὑπὸ
405 3971 500 4040 τῆς
517 3974 708 4051 τροφοῦ
733 3972 786 4028 ἐν
812 3967 1112 4051 Ἱππολύτῳ
1137 3968 1417 4049 λεγόμενον

472 4101 572 4167 ἀλλ’
587 4117 616 4167 6
626 4134 673 4167 τι
688 4119 859 4169 τούτου
870 4118 1053 4183 φίλτρον
1071 4117 1212 4179 ἄλλο’,

470 4185 638 4244 σκότος
655 4185 896 4251 ἀμπίσχον
920 4187 1109 4251 κρύπτει
1130 4188 1335 4252 νεφέλαις

283 4306 379 4367 καὶ
404 4306 472 4367 τὰ
492 4307 626 4380 ίξῆς.

369 4414 489 4455 1001.
532 4310 869 4473 ἀνεμεστώθη
901 4416 916 4457 :
942 4396 1307 4480 Ἀνεπληρώθη
1324 4401 1428 4458 τῶν
1451 4400 1843 4479 γραμματεύειν

194 4452 256 4494 ⁴⁸
287 4480 616 4562 βουλομένων
638 4481 729 4542 καὶ
755 4482 830 4561 μὴ
859 4484 1248 4565 στρατεύεσθαι.
1278 4485 1313 4558 ἢ
1341 4486 1432 4546 καὶ
1456 4487 1542 4546 ἐπὶ
1565 4507 1845 4571 κακοπρα-

282 4569 523 4651 γμοσύνη
537 4568 1000 4651 τοὺςγραμματεῖς
1019 4572 1311 4635 διαὸάλλει.
1329 4601 1354 4625 κ
1369 4573 1575 4656 ὄλεθρος
1600 4599 1847 4658 γραμμα-

282 4654 404 4724 τεὺς
431 4662 784 4739 συκοφαντῶν.
809 4685 834 4712 n
956 4657 1202 4740 [Ἄλλως.
1219 4660 1396 4731 ἐπειδὴ
1422 4661 1636 4744 ἀφέντες
1656 4664 1724 4723 τὰ
1737 4689 1844 4745 γεν-

281 4751 408 4802 ναῖα
434 4743 725 4824 πράγματα
757 4745 1031 4827 φορολόγοι
1051 4745 1379 4826 γεγένηνται·
1414 4750 1463 4808 οἱ
1491 4747 1547 4808 δὲ
1584 4750 1844 4828 μετιόντες

278 4828 373 4887 τὸν
395 4828 548 4908 λόγον
575 4829 787 4912 κέρδους
814 4830 967 4891 ἕνεκα
992 4833 1189 4902 τούτοις
1216 4833 1440 4895 εἵποντο.
1459 4836 1844 4913 δημοπιθήκους

192 4897 253 4936 ⁶⁰
280 4916 339 4975 δὲ
362 4916 482 4984 τοὺς
503 4918 826 5000 πανούργους
860 4920 983 5001 περὶ
1014 4922 1104 4981 τὸν
1132 4922 1317 5001 δῆμον,
1344 4925 1414 4990 ὡς
1443 4922 1504 4986 τὸ
1533 4928 1662 5005 ζῷον
1689 4930 1718 4985 6
1751 4928 1838 4987 πί·

279 5009 453 5079 θηκος.
486 5003 521 5077 ἢ
548 5005 667 5074 τοὺς
689 5008 778 5066 τὸν
806 5010 973 5086 δῆμον
1002 5009 1377 5079 κολακεύοντας
1403 5011 1493 5070 καὶ
1519 5012 1839 5098 πείθοντας]

494 5119 653 5158 wne».
686 5122 931 5161 mmmm.

1928 638 2010 699 ὅτι
2031 645 2124 712 τῆς
2148 638 2427 717 λαμπάδος
2462 637 2603 719 ἀγὼν
2636 638 2911 711 Ἀθήνησιν
2938 639 3123 718 ἤγετο,
3152 641 3496 722 Προμήθεια,

1929 727 2272 810 Ἥφαίστεια,
2306 725 2672 797 Παναθήναια.
3522 759 3548 796 5

2013 836 2135 877 1000.
2179 813 2576 897 [ἀπεφαυάνθην
2602 834 2618 875 :
2640 812 3013 895 Ἐξηράνθην.]

2013 925 2132 964 1000.
2176 907 2229 962 ἐν
2270 902 2346 963 ἐνὶ
2372 901 2662 963 λευκοπίων
2704 902 2820 961 ἀντὶ
2853 909 2945 962 τοῦ
2985 902 3222 985 λιπαρός.

1927 997 2022 1050 τοῦ
2050 990 2221 1050 ὀπίσω
2238 989 2332 1052 ὤν.
2365 1003 2424 1050 R.

2014 1098 2134 1139 1000.
2177 1069 2292 1161 κᾷθ’
2318 1081 2366 1137 οἱ
2387 1081 2641 1161 Κεραμῇς
2666 1098 2680 1139 :
2714 1080 2804 1157 (Οἱ
2824 1078 2912 1137 τὸν
2941 1079 3272 1161 Κεραμεικὸν
3295 1084 3499 1141 οἰκοῦν-

1929 1168 2056 1244 τες.)
2098 1168 2262 1243 δῆμος
2288 1163 2343 1225 δὲ
2394 1164 2700 1239 Ἀθηναίων.
2743 1167 2856 1226 ἐκεῖ
2888 1165 2992 1248 γὰρ
3028 1172 3057 1226 6
3101 1166 3243 1246 ἀγὼν
3281 1169 3495 1250 ἐγίνετο.
3529 1197 3578 1235 10

1934 1254 2041 1330 (καὶ
2067 1257 2120 1313 ἐν
2147 1251 2373 1334 Πλούτῳ
2399 1254 2595 1335 πρώτῳ
2620 1282 2644 1306 ιι
2668 1257 2772 1313 τῶν
2791 1254 3227 1338 λαμπαδηφόρων
3251 1280 3311 1316 τε
3346 1259 3498 1318 πλεῖ-

1934 1369 1958 1396 α
1983 1364 2102 1402 στον
2125 1340 2297 1400 αἰτίαν
2322 1350 2431 1409 τοῖς
2457 1340 2697 1409 ὑστάτοις
2720 1343 3005 1405 πλατειῶν.
3034 1370 3059 1395 ²·
3084 1349 3239 1403 τοῦτο
3261 1343 3321 1403 δέ
3340 1366 3499 1427 φησιν

1934 1429 2244 1510 Εὐφρόνιος,
2273 1428 2352 1487 ὅτι
2388 1427 2494 1487 ἀπὸ
2515 1434 2606 1487 τοῦ
2641 1431 2693 1488 ἐν
2725 1432 2802 1511 τῷ
2829 1432 3150 1513 Κεραμεικῷ
3184 1434 3381 1511 ἀγῶνος
3407 1437 3501 1506 τῆς

1930 1515 2231 1594 λαμπάδος,
2255 1516 2347 1575 καὶ
2374 1514 2492 1584 τοὺς
2514 1515 2766 1584 ὑστάτους
2801 1517 3083 1599 τρέχοντας
3106 1518 3216 1579 ἀπὸ
3237 1523 3340 1579 τῶν
3369 1523 3500 1601 ἀγο-

1934 1604 2096 1688 ραίων
2121 1605 2407 1665 τύπτεσθαι
2441 1604 2717 1674 πλατείαις
2739 1606 2842 1666 ὑπὸ
2867 1612 2973 1667 τῶν
3000 1609 3286 1668 νεανίσκων
3316 1610 3498 1692 χερσί·
3531 1643 3582 1682 15

1933 1693 2025 1753 καὶ
2053 1692 2293 1773 λέγονται
2321 1695 2377 1752 αἱ
2407 1699 2644 1753 τοιαῦται
2672 1695 3006 1775 Κεραμεααί
3039 1697 3264 1777 πληγαί.
3304 1701 3503 1781 ἐμφαί-

1933 1805 2076 1841 νεται
2117 1780 2173 1841 δὲ
2200 1781 2306 1840 ἀπὸ
2331 1779 2528 1841 τούτων
2551 1780 2631 1840 δτι
2652 1780 2801 1864 παρὰ
2824 1791 2933 1850 τοῖς
2962 1787 3313 1864 Κεραμεικοῒς
3347 1784 3504 1847 τόῦτο

1936 1872 2168 1953 μάλιστα
2195 1872 2438 1954 γίνεται.)
2464 1870 2655 1941 πύλαις
2674 1872 2730 1933 δὲ
2747 1874 2864 1943 ταῖς
2893 1873 3109 1945 εἰσόδοις
3128 1877 3236 1956 (τοῦ
3261 1876 3499 1958 ἀγῶνος).

1933 1994 2013 2003 -
2031 1958 2385 2042 ταῖςζείσόδοις
2406 1965 2498 2019 τοῦ
2528 1958 2740 2041 δρόμου.
2770 1963 2843 2023 Θ.

2015 2068 2134 2108 1000.
2175 2049 2291 2115 ταῖς
2318 2047 2594 2115 πλατείαις
2616 2068 2631 2109 :
2651 2049 2807 2129 (Ταῖς
2818 2049 3109 2132 πλατείαις)
3132 2052 3287 2135 χερσὶ
3312 2055 3498 2126 δηλον·
3529 2095 3583 2135 20

1934 2132 2032 2194 ότι.
2061 2133 2096 2206 ἢ
2118 2134 2377 2214 μάστιξιν.
2406 2135 2441 2208 ἢ
2466 2134 2603 2196 οὕτω
2636 2135 2941 2218 λεγομέναις
2976 2143 3333 2221 Κεραμεικαῖς
3360 2145 3502 2219 πλη-

1934 2230 2053 2302 γαῖς
2077 2222 2368 2292 πλατείαις.

2017 2330 2139 2373 1000.
2183 2310 2435 2394 ἀνεχώρει
2452 2310 2543 2371 καὶ
2568 2311 2796 2394 ἔφευγεν.
2829 2323 2890 2372 R.

2018 2417 2140 2461 1000.
2186 2398 2353 2479 [μέγα
2399 2398 2459 2458 τὸ
2485 2410 2711 2481 πρᾶγμα
2747 2401 2861 2463 τἩ
2892 2407 3138 2484 παροῦσα
3167 2406 3367 2489 στροφὴ
3411 2408 3504 2469 καὶ

1936 2484 2252 2567 ἀντιστροφὴ
2275 2483 2459 2545 κώλων
2481 2486 2619 2546 ἐστὶν
2650 2488 2877 2571 ἑκατέρα
2912 2488 3040 2549 δέκα
3073 2492 3504 2572 ἐπιμεμιγμένων
3529 2524 3582 2564 25

1935 2570 2273 2655 τριδράχεσιν
2290 2596 2303 2610 ·
2328 2564 2401 2633 ὧν
2430 2573 2498 2632 τὰ
2517 2576 2565 2630 α’
2582 2618 2598 2647 ,
2621 2576 2666 2632 δ’
2683 2619 2699 2648 ,
2724 2575 2805 2648 ς’,
2828 2577 2861 2632 ι’
2888 2575 3150 2658 τροχαῖκὰ
3166 2580 3505 2664 ,τετράμετρα

1934 2659 2326 2735 καταληκτικά·
2358 2660 2427 2721 τὰ
2474 2659 2531 2720 δὲ
2571 2659 2734 2722 λοιπὰ
2775 2663 2997 2747 δίμετρα
3040 2666 3407 2739 ἀκατάληκτα.
3443 2672 3505 2730 τὸ

1937 2745 2165 2825 μέντοιζ
2198 2751 2292 2820 τῆς
2317 2751 2542 2831 στροφῆς
2568 2750 2947 2811 ἀναπαιστικὸν
2978 2755 3393 2837 πενθημιμερὲς,
3411 2757 3503 2817 καὶ

1933 2832 1995 2894 τὸ
2018 2832 2134 2908 έξῆς
2158 2834 2398 2918 δίμετρον
2432 2836 2958 2918 βραχυκατάληκτον.
3004 2838 3092 2898 ἐπὶ
3127 2844 3204 2922 τῷ
3237 2842 3377 2902 τέλει
3410 2847 3506 2916 τῆς

1936 2920 2038 3068 μὲνι
2045 2929 2301 3071 1φ,·(ι;ροιδριῇκξι
2299 2924 2668 3092 ζᾶρξγρὲφῧς·
2676 2930 2776 3074 ἑῆς
2799 2925 2855 2986 δὲ
2870 2929 3214 3010 ἄντιστροφῆς
3233 2931 3498 3013 κορωνίς]
3530 2969 3583 3010 30

2021 3118 2140 3160 1011.
2185 3098 2540 3182 φιλονεικήσῃ.
2579 3111 2639 3160 R.
2663 3113 2725 3160 V.

2018 3206 2138 3247 1100.
2186 3185 2490 3266 ἀντιλέγειν.
2541 3199 2668 3248 ΒΝ.
2720 3190 3184 3273 σαφῶς,ἀκρι6ῶς.
3215 3205 3273 3253 R.

2019 3293 2143 3335 1100.
2194 3273 2271 3352 μὴ
2309 3274 2351 3332 ’ν
2390 3278 2569 3357 ταύτῷ
2590 3275 2849 3348 κάθησθον
2886 3276 3068 3340 εἈντὶ
3105 3285 3197 3339 τοῦ
3234 3281 3310 3359 μὴ
3343 3284 3396 3342 ἐν
3427 3287 3504 3365 τῷ

1937 3362 2083 3443 αὐτῷ
2101 3360 2250 3443 τόπῳ
2270 3362 2363 3421 καὶ
2381 3362 2524 3445 λόγῳ
2547 3364 2636 3422 καὶ
2669 3362 2849 3447 τρόπῳ
2875 3363 2970 3434 τὰς
3006 3368 3306 3449 ἀντιλογίας
3327 3380 3500 3432 ποιεῖ-
3529 3420 3580 3457 35

1938 3450 2046 3506 σθε.

2020 3554 2145 3598 1101.
2193 3536 2432 3597 εἰσὸολαί
2461 3557 2476 3599 :
2500 3537 2786 3620 Ἀφορμαὶ,
2812 3537 3006 3621 ἀρχαὶ,
3029 3542 3367 3624 φιλονεικίαι,
3388 3544 3502 3605 εἴσ-

1940 3622 2069 3684 οδοι.

2017 3731 2138 3771 1100.
2182 3710 2493 3792 ἐπέρχεσθε,
2540 3709 2925 3795 ἐπιπορεύεσθε.
2965 3727 3095 3775 ΒΝ.
3137 3718 3444 3802 ἀναδέρετον
3484 3742 3501 3783 t

1937 3796 2375 3859 Ἀνακαλύπτετε.
2407 3820 2526 3866 C.D.
2558 3798 2985 3878 ἀνακαλύπτετε,
3024 3804 3116 3864 καὶ
3152 3808 3225 3874 εἰς
3256 3807 3317 3867 τὸ
3341 3810 3501 3887 μέσον

1936 3884 2237 3968 προφέρετε.
2263 3898 2327 3946 Ε.
2353 3897 2506 3946 Cant.
2539 3908 2580 3947 1.

2019 3993 2142 4035 1100.
2188 3974 2715 4037 κάποκινδυνεύετονε
2741 3978 3144 4050 Κινδυνεύοντες
3156 3980 3336 4063 λέγετε
3351 4009 3502 4058 ,του-

1934 4059 2078 4120 τέστι
2104 4062 2416 4139 τολμῶντες.

2018 4166 2136 4206 1112.
2179 4148 2298 4226 [οὐκ
2321 4147 2394 4207 ἔθ’
2421 4147 2558 4209 οὕτω
2586 4169 2602 4211 :
2624 4150 2725 4219 Ὦς
2745 4154 2850 4211 τῶν
2874 4152 3158 4226 Ἀθηναίων
3187 4160 3288 4239 οὐχ
3310 4161 3502 4239 ὁμοίως

1932 4233 2187 4399 πρόφερον
2218 4235 2663 4314 γεγυμνασμένων
2695 4241 2749 4298 ἐν
2780 4248 2888 4309 τοῖς
2914 4248 3203 4317 ποιητικοῖς
3229 4246 3500 4328 σοφίσμα-
3528 4300 3579 4340 ⁴⁶

1935 4340 2037 4380 σιν.

2015 4426 2139 4467 1114.
2184 4405 2251 4466 τὰ
2288 4407 2431 4478 δεξιὰ
2461 4431 2477 4471 :
2522 4411 2730 4482 Δεξιοὺς
2755 4414 3021 4494 νομίζουσι
3061 4418 3179 4487 τοὺς
3218 4421 3502 4499 ἐστρατευ-

1936 4493 2122 4571 μένους
2158 4493 2251 4554 καὶ
2289 4496 2502 4556 ἐπαίνου
2541 4498 2734 4569 ἀξίους·
2780 4501 2899 4570 τοὺς
2939 4502 2995 4563 δὲ
3043 4506 3503 4589 διαδιδράσκοντας

1930 4580 2025 4647 τὰς
2064 4580 2341 4663 στρατείας
2377 4585 2669 4666 φιλοδίκους
2705 4578 2838 4647 εἶναι
2873 4591 2964 4650 καὶ
3000 4593 3348 4676 συκοφάντας.
3378 4595 3413 4670 ἢ
3441 4599 3503 4659 τὸ

1932 4668 2181 4743 ἐναντίον,
2205 4666 2294 4729 ἵνα
2321 4662 2384 4752 ᾗ,
2425 4671 2620 4742 πάντες
2640 4679 2688 4735 οἱ
2716 4677 2937 4755 ἀμαθεῖς
2970 4679 3067 4750 ἔξω
3097 4684 3498 4764 ἐστρατευμένοι

1930 4755 2080 4817 εἰσίν.

2010 4845 2087 4922 [ἐν
2109 4845 2346 4927 εἰρωνείᾳ
2369 4845 2558 4929 δεξιά]

1933 4951 2138 5099 (δηῐληὲ
2153 4934 2547 5102 πριρηκόνηνται
2580 4958 2595 5000 2
2623 4938 3048 5021 Παρωξυμμένοι
3077 4945 3205 5006 εἰσὶν
3241 4951 3289 5008 οἱ
3317 4949 3498 5010 θεαταὶ

2052 5042 2080 5078 ο
2138 5044 2187 5078 τι
2216 5069 2230 5083 .

3381 908 3498 968 ἀντὶ

3529 3865 3584 3905 40

3528 4751 3578 4790 w

3234 5145 3291 5186 20
