3859 5725
476 309 586 361 102

466 428 684 505 παιδία,
716 425 935 505 λέγοντα
963 424 1075 505 βέκ.
1101 424 1213 485 ἔστι
1233 422 1288 484 δὲ
1308 429 1461 485 τοῦτο
1482 423 1749 505 Φρυγιστὶ
1771 422 1943 505 ἄρτος.
1971 425 2032 483 lx

466 517 650 578 τούτου
691 513 903 598 Φρύγες
947 513 1213 596 ἐφάνησαν
1261 512 1616 595 ἀρχαιότεροι.
1657 511 1765 572 ἀπὸ
1799 511 2032 594 ἱστορίας

465 598 555 668 οὐν
584 605 789 686 εἴρηται
811 607 847 675 ἡ
870 600 1025 672 λέξις.
1050 600 1163 661 ἔστι
1185 600 1241 660 δὲ
1262 601 1389 683 παρ’
1422 598 1722 682 Ἡροδότῳ,
1756 599 1879 661 ἔνθα
1909 600 2032 681 περὶ

465 691 845 773 Ψαμμητίχου
872 689 1021 773 φησί.
1056 688 1168 750 δέον
1199 687 1257 748 δὲ
1286 691 1450 749 εἰπεῖν
1477 688 1797 772 προσέληνε,
1833 687 1896 747 τὸ
1936 686 2031 769 βὲκ

411 808 439 847 ε
462 780 803 867 παρέπλεξεν,
831 779 960 861 ὅπερ
987 778 1101 838 ἐστὶ
1117 776 1257 838 κατὰ
1283 778 1506 861 Φρύγας
1535 777 1706 861 ἄρτος.
1731 768 1841 838 οἷον
1871 778 2032 851 σελη-

461 871 684 945 νόὸλητε
708 868 800 929 καὶ
825 865 1182 948 ἀπόπληκτε]

540 989 641 1031 400.
680 967 881 1050 σφόδρα
904 965 954 1045 γ’
973 964 1070 1024 εἴσ’
1093 963 1326 1047 ἐπίορκοι
1354 983 1371 1026 1
1396 955 1563 1024 Οὗτοι
1579 963 1671 1023 καὶ
1700 966 1772 1033 ὣς
1792 962 2027 1047 ἐπίορκοι

460 1061 551 1123 καὶ
572 1066 643 1130 ὣς
671 1065 743 1129 εἰς
767 1059 1023 1132 ἀλλήλους
1048 1055 1203 1117 κακοὶ
1224 1058 1615 1137 κωμῳδοῦνται.

538 1182 638 1222 401.
684 1158 916 1222 Σούνιον.
938 1154 1095 1223 τόπος
1115 1159 1210 1227 τῆς
1230 1155 1490 1231 Ἀττικῆς,
1511 1154 1836 1238 ἀκρωτήριον
1857 1153 1915 1215 ὃν
1936 1159 2030 1228 τῆς

406 1261 436 1300 0
465 1247 757 1315 Ἄτταλίδος
780 1248 961 1328 φυλῆς.
991 1254 1051 1303 Β.

539 1364 638 1406 401.
680 1344 775 1412 τὰς
796 1345 918 1425 δρῦς
938 1366 999 1423 γε
1013 1341 1108 1410 τὰς
1126 1339 1360 1421 μεγάλας
1386 1337 1666 1421 1[Ἐπειδὴ
1683 1340 1791 1407 τοῖς
1809 1340 2028 1421 ὑψηλοῖς

461 1433 554 1492 καὶ
576 1434 681 1501 τοῖς
697 1431 919 1513 δένδροις
933 1429 1184 1509 ἐμπίπτει
1210 1433 1239 1487 ὁ
1264 1427 1561 1510 κεραυνός]
1585 1426 1906 1506 σημειωτέον
1934 1424 1988 1487 δὲ
2005 1471 2023 1506 ,

461 1519 541 1580 ὅτι
566 1519 980 1592 Πελοποννήσιοι
1009 1519 1295 1599 ἀρσενικῶς
1313 1513 1526 1595 λέγουσι
1552 1513 1671 1584 τοὺς
1688 1516 1824 1596 δρῦς.

540 1635 639 1676 403.
681 1616 777 1675 οὐκ
808 1605 923 1689 οἷδ’,
952 1613 1087 1696 ἀτὰρ
1124 1634 1140 1674 1
1173 1610 1613 1693 Ἐστενοχωρήθη
1652 1610 1755 1670 ὑπὸ
1792 1613 1899 1671 τῶν
1933 1616 2026 1671 τοῦ

382 1714 433 1754 1⁶
461 1700 776 1782 Σωκράτους
798 1701 988 1781 λόγων.

536 1818 636 1858 404.
680 1796 830 1878 ξηρὸς
859 1817 875 1857 1
910 1795 1099 1863 Εὔδιος
1127 1794 1218 1854 καὶ
1246 1792 1434 1876 θερμὸς
1463 1791 1555 1853 καὶ
1585 1790 1660 1871 μὴ
1695 1790 1830 1873 ἔχων
1863 1796 2025 1874 ὑγρα-

460 1886 578 1947 σίαν
622 1885 779 1969 [φησὶ
798 1883 853 1944 δὲ
868 1930 885 1960 ,
909 1883 990 1944 ὅτι
1016 1883 1205 1962 ἄνεμος
1225 1879 1470 1961 ἐμπεσὼν
1490 1890 1605 1949 ταῖς
1623 1880 1909 1964 Νεφέλαις,
1933 1880 2027 1940 καὶ

458 1972 563 2033 ὖπό
589 1996 723 2041 τινος
764 1971 997 2048 ἀνάγκης
1032 1969 1399 2049 ἐλαυνόμενος,
1429 1968 1767 2052 σφοδρότερον
1795 1966 2025 2035 πνεύσας

457 2061 550 2121 καὶ
585 2058 864 2143 διαρρήξας
905 2057 1290 2140 ἀπορρήγνυσιν
1327 2058 1381 2127 ἐξ
1409 2059 1581 2117 αὐτῶν
1617 2056 1706 2117 τὸν
1751 2055 2020 2137 κεραυνόν.

377 2169 433 2209 20
458 2150 812 2229 κατακλεισθῇ
843 2145 898 2207 δὲ
925 2148 1041 2206 ἀντὶ
1064 2152 1154 2206 τοῦ
1189 2144 1617 2227 στενοχωρηθῇ,]
1660 2148 1888 2225 συσχεθῆ
1929 2143 2023 2203 καὶ

453 2246 630 2322 μεῖζον
659 2243 751 2304 καὶ
779 2239 1116 2324 σφοδρότερον
1150 2238 1366 2318 πνεύσῃ.
1398 2239 1659 2320 [ἐντεῦθεν
1689 2239 1744 2298 δὲ
1769 2240 1923 2311 δῆλον
1952 2242 2022 2308 ὡς

452 2331 778 2392 πυκνότατόν
806 2334 917 2391 ἐστι
938 2330 1001 2389 τὸ
1027 2332 1130 2389 τῶν
1148 2332 1316 2409 νεφῶν
1340 2331 1516 2405 σῶμα.
1537 2331 1583 2388 εἰ
1601 2326 1703 2409 γὰρ
1727 2318 1791 2401 ἦν
1817 2326 2020 2410 ἀραιὸν,

453 2418 729 2499 διεφορεῖτ’
758 2416 822 2476 ἀν
846 2420 874 2475 ὃ
898 2415 1087 2494 ἄνεμος
1109 2415 1225 2474 κατ’
1248 2414 1473 2495 ὀλίγον]

529 2536 625 2577 405.
668 2513 849 2595 ὥσπερ
875 2512 1058 2572 κύστιν
1088 2531 1106 2574 1
1144 2509 1261 2584 Τὴν
1302 2510 1506 2570 κοιλίαν
1529 2509 1684 2591 φησὶ,
1709 2508 1806 2582 τὴν
1831 2514 2018 2591 φῦσαν.

370 2628 424 2669 z
448 2601 654 2684 εἴρηται
666 2600 723 2660 δὲ
745 2605 886 2682 φῦσα
905 2598 993 2681 ἀφ’
1013 2588 1073 2657 οὗ
1096 2597 1324 2678 πάσχειν
1361 2595 1578 2679 πέφυκε.
1599 2594 1786 2677 [ῥήξας
1806 2594 1879 2668 δὲ,
1903 2598 2022 2655 δια-

449 2689 734 2763 σκεδάσας,
748 2683 1178 2768 διασκορπίσας]
1198 2685 1285 2744 ὑπ’
1301 2683 1560 2765 ἀνάγκης,
1584 2683 1686 2743 ὑπὸ
1707 2682 1823 2764 βίας
1842 2706 2019 2744 στενο-

446 2777 777 2863 χωρούμενος
807 2774 1053 2856 διαρήξας
1073 2772 1254 2841 αὐτάς.
1279 2783 1337 2833 Β.

526 2895 625 2935 400.
669 2872 934 2955 σοὸαρὸςε
966 2870 1241 2943 Αὐθάδης,
1266 2868 1613 2952 ὑπερήφανος.
1652 2879 1778 2929 Vict.

525 2982 626 3024 ⁴07.
657 2959 863 3043 ῥοίὸδου
889 2980 903 3021 1
929 2957 1145 3040 Ψόφου.
1168 2957 1336 3040 ῥύμης
1362 2977 1377 3018 1
1399 2957 1619 3039 Ὁρμῆς.
1651 2968 1776 3016 Vict.
1800 2956 1902 3018 ὑπὸ
1922 2961 2018 3031 τῆς

368 3077 427 3118 ω
445 3056 631 3133 ὁρμῆς.
660 3048 815 3116 αὐτὸς
836 3045 1019 3106 ἑαυτὸν
1045 3045 1335 3126 θερμαίνων
1361 3042 1452 3104 καὶ
1477 3047 1734 3128 ἕκπυρῶν.
1760 3055 1820 3104 Β.

547 3166 647 3207 400.
688 3142 1003 3229 [Διασίοισιν
1028 3164 1043 3204 1
1073 3140 1266 3223 Ἑορτὴ
1288 3140 1532 3214 Ἀθήνησι
1562 3139 1843 3221 Μειλιχίου
1870 3141 2011 3210 Διός.

447 3232 635 3313 ἄγεται
667 3223 723 3293 δὲ
756 3231 917 3310 μηνὸς
941 3232 1346 3310 ἀνθεστηριῶνος
1367 3228 1420 3300 η’
1441 3227 1722 3310 φθίνοντος.
1749 3228 2013 3289 Ἀπολλώ-

445 3343 548 3387 νιος
585 3319 641 3380 δὲ
679 3324 708 3379 ὃ
746 3315 1023 3400 Ἀχαρνεὺς
1048 3314 1118 3376 τὰ
1156 3316 1351 3376 Διάσια
1388 3313 1640 3395 διακρίνει
1667 3315 1774 3375 ἀπὸ
1795 3320 1890 3388 τῆς
1920 3322 2014 3376 τοῦ

447 3407 727 3488 Μειλιχίου
764 3410 978 3487 ἑορτῆς,
1015 3402 1492 3486 προσαγορεύεσθαι
1528 3402 1665 3462 αὐτὰ
1690 3404 1876 3483 λέγων,
1908 3428 2013 3464 κα-

367 3523 422 3562 ³⁸
448 3493 615 3578 θάπερ
655 3491 789 3562 τινές
829 3515 1005 3574 φασιν,
1035 3492 1142 3552 ἀπὸ
1167 3497 1260 3551 τοῦ
1298 3492 1566 3570 διαφυγεῖν
1607 3490 1793 3560 αὐτοὺς
1833 3494 2016 3573 εὐχαῖς

442 3582 537 3651 τὰς
559 3584 736 3662 ἄσας.]
834 3580 1083 3659 (Ἄλλως.
1105 3577 1259 3661 ἑορτὴ
1287 3578 1411 3646 Διὸς
1429 3577 1673 3652 Ἀθήνησι
1704 3578 1774 3639 τὰ
1797 3581 2012 3654 Διάσια,

443 3675 498 3732 ἐν
525 3663 565 3752 ᾗ
593 3668 860 3749 πανδημεὶ
889 3667 987 3738 ἔξω
1007 3667 1212 3746 τείχους
1250 3667 1487 3733 συνόντες
1518 3665 1868 3749 ἑορτάζουσιν.
1901 3669 2014 3729 ἔστι

443 3758 499 3821 δὲ
530 3759 598 3818 τὰ
628 3757 826 3819 Διάσια
862 3754 928 3815 τὰ
957 3754 1092 3815 αὐτὰ
1121 3758 1228 3822 τοῖς
1264 3753 1586 3834 Διιπολίοις.)
1624 3791 1703 3800 -
1735 3755 1967 3837 ἀτέχνως
1995 3776 2010 3818 1

444 3847 694 3924 Ἀμελῶς,
712 3847 947 3922 ἀμαθῶς.
982 3854 1108 3903 Ποι-
1129 3841 1382 3926 ἀπείρως,
1412 3844 1651 3920 ἀμαθῶς.
1674 3854 1736 3901 V.
1763 3843 2010 3926 ἀπείρως.

361 3958 419 3998 40
445 3946 568 3995 Βεν.

520 4043 619 4085 409.
663 4013 781 4104 κᾷτ’
810 4023 905 4081 οὐκ
936 4019 1109 4099 ἔσχων
1143 4038 1159 4080 1
1194 4021 1314 4080 Οὐκ
1336 4017 1579 4100 ἔσχαζον.
1607 4018 1850 4089 Ἀττικῶς
1871 4021 2011 4081 ἔκλι-

442 4134 546 4173 νεν.
575 4112 671 4171 οὐκ
699 4109 898 4170 ἐκίνουν
917 4153 935 4186 ,
961 4109 1055 4167 οὐκ
1079 4106 1286 4188 ἔσχισα.
1307 4112 1514 4167 ποιοῦσι
1538 4105 1594 4168 δὲ
1610 4114 1765 4168 τοῦτο
1780 4153 1798 4186 ,
1822 4106 1909 4167 ἵνα
1936 4107 2012 4188 μὴ

442 4200 722 4280 διαρραγῇ.
820 4193 1065 4271 (Ἄλλως.
1095 4197 1190 4254 οὐκ
1218 4194 1460 4275 ἔσχαζον.
1495 4195 1707 4257 εἰώθασι
1734 4196 1790 4256 δὲ
1814 4205 2013 4256 κεντεῖν

440 4287 534 4347 καὶ
552 4286 767 4368 σχίζειν,
796 4283 966 4345 δίοδον
997 4282 1319 4366 παρέχοντες
1348 4286 1424 4365 τῷ
1454 4283 1717 4363 πνεύματι
1776 4287 1880 4345 τῶν
1922 4288 2010 4364 ἐγ-

361 4402 417 4443 ⁴5
440 4374 716 4454 κειμένων,
746 4371 883 4433 ὥστε
911 4371 987 4452 μὴ
1021 4372 1219 4454 ἀθρόως
1264 4371 1486 4441 ἐξελθεῖν
1521 4372 1678 4453 βουλό
1746 4395 1832 4432 νον
1866 4374 2014 4453 διαρ-

441 4462 633 4546 ρῆξαι.)
664 4462 805 4545 [ἔστι
840 4460 895 4521 δὲ
924 4458 1031 4520 ἀπὸ
1065 4466 1156 4521 τοῦ
1186 4458 1341 4541 σχάω
1364 4464 1507 4541 σχῶ,
1536 4459 1588 4530 ἐξ
1628 4483 1657 4519 ο
1716 4460 1776 4519 τὸ
1811 4460 2011 4541 σ’χάζω·

440 4556 512 4619 ὡς
539 4550 646 4611 ἀπὸ
672 4555 764 4610 τοῦ
795 4552 941 4631 χλοῶ
962 4547 1200 4629 χλοάζω,
1224 4547 1317 4608 καὶ
1341 4552 1484 4627 χνοῶ
1523 4547 1748 4627 χνοάζω.
1779 4583 1856 4595 -
1887 4547 2017 4629 ξυγ-

438 4636 880 4719 γενέσινεἬγουν
893 4639 1000 4705 τοῖς
1017 4634 1380 4720 συμπεφυκόσι
1394 4636 1646 4718 κοπρίοις.
1677 4640 1800 4696 vace.
1826 4635 2017 4718 ἔσχων,

440 4725 514 4787 ἔσ-
539 4749 664 4787 ασα.
694 4738 760 4786 D.

360 4839 414 4881 ω
499 4751 615 4875 Κίῑο.
644 4725 1070 4896 ἡδὀῖΙρἚφυσὸῖτο
1100 4810 1202 4873 1Ἡ
1217 4809 1272 4871 δὲ
1287 4811 1524 4890 ὦγκοῦτο
1540 4809 2014 4893 ἕπαιρομένωντῶν

438 4903 600 4963 ὄντων
623 4904 695 4970 είς
737 4899 902 4973 αὐτὴν
952 4897 1238 4982 ἀρτύσεων.
1273 4897 1645 4971 διαλακήσασα
1683 4896 1761 4977 δὲ,
1795 4899 2017 4981 διαρρα-

438 4994 610 5070 γεῖσα,
624 4988 774 5057 λακὶς
793 4990 900 5075 γὰρ
919 4987 979 5047 τὸ
1007 4986 1233 5068 σχίσμα.
1264 5022 1344 5033 -
1371 4986 1742 5059 διαλακήσασα
1788 5007 1804 5048 1
1839 4984 2013 5068 Ἦχή-

440 5102 602 5142 σασα.
632 5090 734 5140 LB.

1643 291 2028 356 scfloLlA
2076 295 2163 355 IN
2215 295 2520 359 NUBES.

2199 443 2301 495 411.
2341 426 2689 509 προσετίλησε
2723 449 2739 491 1
2770 432 3242 515 Προσιρράντισεν.
3275 435 3475 507 οἰκείως
3504 439 3555 500 δὲ
3575 447 3647 502 ff„
3765 414 3768 485 Ᾰ

2118 515 2195 594 ’τῷ
2220 514 2565 595 προσετίλησε
2592 522 2788 600 χρῆται
2812 523 2884 588 ὥς
2907 520 2994 580 ἀπὶ
3015 522 3233 591 κοιλίας.
3765 520 3768 543 ³

2197 621 2294 663 414.
2336 602 2671 687 ταλαίπωρον
2704 627 2720 669 1
2763 606 2825 666 τὸ
2858 608 3122 683 τλητικὸν,
3157 608 3422 674 ἐπίπονον.
3452 627 3508 675 Β.
3545 629 3645 678 m
3765 602 3768 687 Ξ

2196 709 2295 750 410.
2333 689 2396 750 τὸ
2432 691 2508 770 μὴ
2545 692 2661 753 ἀντὶ
2686 699 2779 754 τοῦ
2817 697 2898 758 οὐ.
2928 707 2991 754 V.
3023 696 3178 775 (μήτε
3217 702 3380 780 ῥιγῶν
3407 722 3423 762 1
3451 701 3542 764 Ἕν
3565 704 3648 787 γὰρ
3765 692 3768 809 1

2120 773 2265 858 μόνῳ
2310 781 2386 859 τῷ
2428 779 2643 860 τρίὸωνι
2692 781 3020 862 διεχείμαζον
3061 789 3111 844 οἱ
3168 786 3470 870 φιλόσοφοι,
3513 792 3649 867 μηδὲν
3671 826 3691 863 5
3765 812 3768 871 '1

2119 865 2411 944 ἐσθίοντες.)
2434 902 2512 913 -
2540 871 2756 951 ἀριστᾶν
2779 891 2795 931 1
2826 874 3178 952 Εὐωχεῖσθαι,
3206 885 3427 957 τρυφᾶν.
3467 889 3584 938 Vict.
3767 874 3768 893 ³

2197 974 2294 1016 417.
2340 958 2479 1034 (Τῶν
2522 958 2837 1038 ἀφροδισίων
2867 959 3009 1039 λέγει
3039 961 3132 1021 καὶ
3170 966 3263 1035 τῆς
3297 964 3539 1040 τοιαύτης
3573 970 3652 1027 λα·

2117 1040 2306 1118 γνείας.
2335 1042 2403 1102 τὰ
2433 1042 2536 1125 γὰρ
2559 1043 2757 1118 ἀνόητα
2780 1046 2895 1106 ἀντὶ
2916 1053 3010 1107 τοῦ
3035 1050 3206 1131 μωρά.
3237 1053 3516 1133 μωραίνειν
3536 1054 3584 1115 δὲ
3601 1056 3652 1116 τὸ

2117 1129 2519 1209 ἀφροδισιάζειν.
2561 1137 2730 1192 ταῦτα
2757 1131 2814 1193 δὲ
2854 1135 2948 1193 οὐκ
2988 1135 3153 1196 ἐποίει
3192 1139 3509 1221 Σωκράτης,
3537 1143 3650 1202 ἀλλὰ

2115 1215 2281 1276 πίνειν
2306 1217 2401 1295 μὲν
2420 1210 2555 1279 οἶνόν
2575 1244 2732 1302 φασιν
2757 1221 2912 1282 αὐτὸν
2930 1225 3195 1301 πλεῖστον,
3216 1226 3398 1309 νήφειν
3419 1228 3475 1288 δὲ
3498 1231 3581 1291 καὶ
3595 1231 3651 1290 τὰ
3673 1258 3707 1297 ιο

2116 1303 2313 1377 συνήθη
2342 1306 2632 1388 πράττειν.)

2195 1391 2430 1464 ἀνοήτων
2453 1414 2468 1455 1
2497 1397 2602 1455 τῶν
2629 1396 2964 1477 ἀφροδισίων.
2992 1408 3051 1457 Β.
3076 1399 3410 1482 ἀφροδισίων,
3434 1403 3522 1463 καὶ
3540 1405 3652 1464 πάν-

2114 1501 2218 1538 των
2246 1483 2350 1539 τῶν
2377 1482 2440 1540 ἐκ
2463 1481 2665 1564 μωρίας
2687 1484 2987 1562 γινομένων.
3015 1499 3082 1546 Ε.

2192 1585 2291 1629 418.
2336 1567 2497 1638 δεξιὸν
2526 1590 2541 1631 1
2574 1572 2779 1653 Εὐφυῆ.
2820 1582 2946 1631 Vact.

2192 1656 2308 1715 41οῩ
2333 1658 2429 1715 οὐκ
2456 1659 2590 1736 αὐτῇ
2626 1664 2694 1739 τῇ
2732 1658 2941 1740 γλώττῃ
2981 1662 3248 1740 πολεμῶν,
3286 1663 3430 1722 ἀλλὰ
3471 1665 3650 1746 γλώττῃ
3673 1701 3707 1738 η

2112 1741 2350 1819 καθάπερ
2386 1742 2535 1825 ὅπλῳ
2578 1743 2875 1825 χρώμενος,
2922 1753 3075 1807 τοῦτο
3113 1748 3216 1829 γὰρ
3251 1748 3415 1811 ὅπλον
3455 1752 3653 1835 ῥήτορος,
3767 1808 3768 1815 ,

2112 1827 2203 1888 καὶ
2227 1832 2613 1909 καταπολεμῶν
2638 1835 2693 1892 ἐν
2717 1834 2852 1915 αὐτῇ·
2878 1832 2997 1902 τοὺς
3019 1837 3295 1906 ἐναντίους.
3323 1840 3486 1920 φησὶν
3504 1831 3654 1915 οὐν,ἐί
3765 1818 3768 1907 ἰ

2113 1915 2310 1996 δυνήσῃ
2329 1915 2540 1978 πάντων
2562 1919 2852 2001 ἀπέχεσθαι
2873 1912 2947 1981 ὧν
2971 1922 3281 2003 εἰρήκαμεν,
3305 1927 3508 2008 δυνήσῃ
3533 1931 3652 2009 ἀγω-
3765 1914 3768 1921 ί

2110 2002 2353 2063 νίσασθαι
2375 2004 2503 2086 πρὸς
2524 2005 2643 2075 τοὺς
2670 2007 3133 2087 ἀντιταττομένους
3166 2022 3225 2070 Β.
3257 2024 3320 2071 V.
3350 2014 3450 2095 [τῇ
3471 2014 3651 2096 γλῶτιῃ

2110 2090 2403 2168 πολεμίζων
2438 2112 2453 2152 1
2498 2096 2585 2172 Τῇ
2618 2092 2828 2175 γλώττῃ
2855 2097 3147 2175 πολεμοῦσι
3177 2097 3297 2167 τοὺς
3336 2102 3586 2170 ἐναντίαις
3614 2108 3652 2162 οἱ
3671 2135 3710 2173 n

2113 2176 2340 2259 ῥήτορες.
2385 2182 2448 2239 ἐκ
2485 2179 2682 2240 τούτων
2720 2181 2775 2242 δὲ
2807 2182 3036 2243 δείκνυσι
3079 2187 3184 2245 τῶν
3220 2191 3382 2270 τριῶν
3424 2192 3494 2257 ὥς
3533 2182 3657 2258 οὗτος

2110 2264 2318 2346 ἀριστος
2348 2268 2402 2324 ἐν
2433 2265 2747 2350 ἀνθρώποις,
2776 2268 2831 2338 ὃς
2856 2269 2910 2330 ἔν
2938 2295 2997 2330 τε
3032 2271 3222 2353 πράξει
3243 2274 3336 2334 καὶ
3383 2279 3542 2358 βουλῇ
3579 2279 3654 2337 καὶ

2107 2351 2249 2434 λόγῳ
2275 2352 2393 2422 τοὺς
2420 2355 2608 2423 ἄλλους
2634 2365 2772 2439 νικᾷ.
2799 2356 2829 2439 ]
2862 2357 2923 2417 τὸ
2952 2358 3006 2418 δὲ
3035 2361 3468 2437 δυσκολοκοίτου,
3495 2364 3657 2425 δυσκόὲ

2108 2441 2212 2509 λως
2256 2445 2461 2502 κεῖσθαι
2501 2441 2689 2517 ἰῶσης.
2730 2444 2999 2526 τρυσιὸίου
3042 2444 3130 2520 δὲ,
3167 2449 3558 2529 κεκολασμένης
3582 2452 3658 2511 καὶ

2108 2528 2504 2602 καταπονούσης
2544 2530 2633 2592 τὸν
2666 2532 2794 2614 βίον.
2831 2565 2904 2575 -
2927 2533 3137 2616 γλώττῃ
3174 2537 3477 2616 πολεμίζων
3506 2560 3521 2601 1
3551 2546 3660 2601 Δια-
3676 2578 3715 2617 5

2106 2615 2399 2695 λεγόμενος.
2446 2628 2574 2678 Vici.

2184 2723 2285 2764 421.
2339 2704 2812 2786 θυμὸρεπιδείπνου
2864 2728 2882 2769 1
2928 2707 3042 2777 Τὰς
3095 2706 3335 2791 θύμὸρας
3387 2712 3656 2790 δυναμένης

2107 2791 2346 2851 δειπνεῖν·
2363 2791 2476 2853 ἔστι
2496 2791 2551 2854 δὲ
2570 2795 2793 2876 βοτάνης
2816 2786 2948 2866 εἶδος
2963 2841 2979 2871 ,
3004 2796 3094 2879 ἀφ’
3115 2788 3176 2855 οὗ
3200 2798 3353 2872 δηλοῖ
3366 2799 3450 2859 ὅτι
3472 2800 3656 2882 λάχανα

2107 2877 2241 2957 μόνα
2277 2881 2579 2962 τρωγούσης
2611 2886 2817 2956 εὐτελῆ.
2870 2884 2974 2966 [ἐκ
3001 2883 3057 2943 δὲ
3084 2891 3176 2944 τοῦ
3217 2886 3459 2965 λαχάνου
3497 2888 3656 2948 τούτου

2103 2970 2368 3046 καλοῦμεν
2394 2968 2485 3028 τὸν
2519 2972 2739 3037 εὐτελῶς
2765 2971 2857 3031 καὶ
2880 2973 3143 3053 φειδωλῶς
3167 2975 3336 3042 ζῶντα
3352 3019 3369 3049 ,
3394 2975 3658 3057 θυμόρεπίι
3673 3012 3714 3051 ‚3

2103 3057 2328 3117 δειπνον.
2352 3069 2487 3117 sunt.
2518 3061 2753 3128 εὐτελοῦς
2773 3060 2894 3140 περὶ
2912 3058 3005 3128 τὰς
3029 3060 3240 3142 τροφάς.
3263 3074 3356 3121 Br.
3383 3064 3656 3143 θρυμὸεπι-

2102 3143 2311 3205 δείπνου
2346 3165 2362 3205 1
2393 3145 2650 3227 Θρύμὸον
2683 3145 3005 3221 δειπνούσης.
3051 3159 3154 3207 LB.
3188 3148 3458 3229 τρυσιόίου
3492 3150 3657 3234 1Τρύ·

2103 3254 2208 3305 σις,
2233 3231 2407 3306 νόσος,
2435 3232 2606 3301 πόνος.
2645 3234 2806 3316 νισι]

2155 3339 2282 3381 ι4εε.
2323 3321 2689 3402 ἕπιχαλκεύειν
2735 3344 2751 3384 1
2789 3321 2928 3384 Ἀντὶ
2967 3327 3063 3381 τοῦ
3103 3322 3480 3400 παιδεύεσθαι,
3521 3324 3657 3387 οἱονεὶ

2103 3406 2174 3466 ἄκ
2261 3431 2307 3467 ν.

2176 3430 2277 3555 ξεῖ.
2320 3494 2404 3574 [τὸ
2439 3496 2585 3565 Χάος
2626 3493 2770 3556 τουτὶ
2816 3514 2832 3556 1
2877 3494 3020 3564 Χάος
3045 3494 3186 3577 λέγει
3224 3497 3314 3558 τὸν
3349 3498 3501 3581 ἀέρα·
3528 3454 3714 3579 aruph·

2099 3579 2160 3640 τὸ
2194 3581 2463 3662 κεχύσθαι·
2502 3583 2696 3661 ἐτίμων
2737 3579 2793 3641 δὲ
2840 3582 2933 3641 καὶ
2957 3582 3054 3655 τὴν
3095 3585 3338 3661 γλῶτταν
3364 3586 3456 3644 καὶ
3479 3585 3656 3658 ἤσκουν

2100 3665 2196 3739 τὴν
2222 3670 2556 3749 πολυλογίαν.
2578 3699 2645 3710 -
2662 3671 2920 3750 γλῶτταν,
2941 3668 3039 3741 τὴν
3067 3671 3392 3749 στωμυλίαν.
3423 3674 3514 3752 ΒΖ]

2179 3773 2275 3815 495.
2319 3757 2447 3835 [οὐδ’
2474 3757 2536 3816 ἂν
2556 3756 2885 3837 διαλεχθείην
2916 3777 2930 3817 1
2964 3756 3102 3817 Ἀντὶ
3130 3764 3251 3831 τοῦ,
3275 3759 3384 3819 οὐδ’
3406 3759 3472 3818 ἂν
3501 3783 3652 3841 προσ-

2101 3842 2300 3922 είποιμι
2338 3844 2497 3905 ἄλλον
2530 3846 2643 3906 θεὸν
2671 3844 2789 3905 οὐδὲ
2833 3844 3151 3926 συντυχών.]
3187 3856 3248 3905 Β.
3281 3850 3515 3927 ἀτεχνῶς
3551 3868 3568 3910 1
3600 3849 3655 3906 δι’
3675 3890 3716 3930 ω

2100 3929 2240 3992 ὅλου.
2264 3942 2322 3991 Β.
2351 3932 2837 4002 παντελῶςδιόλου.
2867 3945 2931 3992 V.

2179 4039 2277 4079 ⁴27.
2320 4024 2415 4082 οὐκ
2444 4020 2726 4101 ἀτυχήσεις
2749 4043 2765 4083 1
2795 4020 2931 4081 Ἀντὶ
2958 4026 3048 4082 τοῦ
3075 4025 3169 4083 οὐκ
3197 4023 3458 4104 ἀποτεύξῃ
3482 4015 3556 4084 ὧν
3581 4023 3660 4083 θέ-

2101 4107 2207 4173 λεις
2233 4119 2291 4167 Β.
2315 4140 2387 4151 --
2408 4110 2679 4190 δυστυχῶν
2708 4121 2767 4170 Β.
2800 4107 2988 4190 [δεξιὸς
3016 4110 3072 4169 δὲ
3104 4109 3221 4170 ἀντὶ
3251 4117 3346 4172 τοῦ
3375 4115 3662 4173 πεπαιδευ-
3746 4157 3748 4210 4

2172 4218 2272 4262 νος.
3171 4237 3178 4242 -

2103 4193 2304 4344 μαι]
2324 4283 2520 4353 δεξιὸς1
2545 4285 2990 4365 Πεπαιδευμένος,
3033 4295 3160 4345 Vlce.
3679 4293 3746 4374 “A

2179 4391 2279 4432 430.
2315 4372 2486 4432 λείπει
2508 4372 2784 4446 ποιήσατε.
2813 4384 2872 4434 Β.
3743 4385 3744 4404 ²

2180 4479 2280 4521 431.
2325 4460 2432 4521 ἀπὸ
2449 4460 2634 4521 τούτου
2657 4467 2752 4522 τοῦ
2785 4462 2993 4544 χρόνου.
3023 4475 3084 4525 Β.

2180 4567 2282 4609 432.
2324 4548 2536 4627 γνώμας
2566 4548 2745 4630 ἔλεγον
2770 4550 2865 4618 τὰς
2890 4550 3231 4633 δημηγορίας.

2180 4655 2279 4698 434.
2321 4634 2400 4697 ὅσ’
2434 4639 2647 4719 ἐμαυτῷ
2677 4657 2694 4698 1
2723 4636 2892 4716 Χάριν
2925 4640 3174 4716 ἐμαυτοῦ.
3195 4651 3290 4699 Br.

2182 4725 2587 4807 στρεψοδικῆσαι
2608 4744 2624 4785 1
2655 4725 2792 4785 ’Am
2813 4731 2903 4785 τοῦ
2936 4730 3196 4809 ἐκφυγεῖν.
3225 4726 3317 4788 καὶ
3337 4732 3423 4787 νῦν
3445 4721 3504 4785 δὲ
3524 4723 3662 4806 χρή-

2104 4835 2232 4881 στας
2265 4811 2383 4881 τοὺς
2419 4810 2705 4881 δανειστάς.
2737 4824 2796 4872 Β.
2828 4812 2945 4873 ἀντὶ
2985 4821 3079 4875 τοῦ
3121 4815 3345 4898 στρέψαι
3370 4812 3461 4883 τὰς
3492 4813 3658 4880 δίκας.

2101 4898 2230 4981 πρὸς
2262 4897 2459 4972 ταύτην
2483 4899 2539 4959 δὲ
2563 4897 2658 4972 τὴν
2677 4898 2814 4968 λέξιν
2845 4901 2936 4962 καὶ
2969 4900 3032 4961 τὸ
3052 4901 3217 4981 ὄνομα
3245 4901 3544 4984 τῷγὲροπῑ
3569 4923 3665 4959 πε-

2102 4986 2318 5058 ποίηται
2367 4987 2713 5068 Στρεψιάδης.
2752 4987 2814 5048 τὸ
2848 4988 2905 5049 δὲ
2930 4988 3051 5060 τοὺς
3091 4990 3327 5072 χρήστας
3360 4989 3661 5059 διολισθεῖν,

2103 5073 2220 5142 τοὺς
2241 5074 2512 5144 δανειστὰς
2537 5078 2802 5158 ἐκφυγεῖν.
2831 5108 2902 5119 -
2923 5078 3010 5138 διὰ
3034 5083 3258 5162 στροφῆς
3285 5077 3377 5139 καὶ
3399 5075 3668 5143 ποικιλίαι*
