3859 5725
1736 259 1988 323 PLUTI.

278 414 337 454 v.
375 398 511 470 570,
536 394 807 457 Parthen.
834 398 997 453 Erot.
1029 414 1078 453 0.
1118 413 1169 467 1,
1205 413 1263 472 p.
1290 393 1421 463 345.
1460 389 1812 471 Argonautis

282 486 738 545 adnumerantur
763 483 839 543 ab
863 481 1132 560 Apollod.
1171 502 1223 555 1,
1245 503 1313 557 9,
1354 482 1423 538 16
1445 523 1463 553 ,
1505 478 1687 545 Φάνος
1723 473 1814 535 καὶ

286 573 558 653 Στάφυλος
577 570 828 632 Διονύσου
850 591 864 606 ·
894 571 1063 628 torsit
1084 569 1342 627 eruditos
1362 568 1695 646 ignorabilis
1717 569 1814 627 ille

284 663 551 732 Phanus‚
583 660 842 736 nullique
877 670 1153 736 praeterea
1185 670 1535 715 memoratus
1564 678 1577 713 :
1619 669 1681 714 tu
1714 676 1813 715 re-

285 769 439 827 pone
467 747 659 818 Φλίας,
683 759 743 805 et
766 748 959 804 animo
981 746 1275 822 conceptis
1296 743 1607 821 majoribus
1639 746 1814 803 literis

287 836 602 914 proclivem
642 835 866 911 lapsum
892 834 953 890 in
978 850 1235 890 errorem
1259 833 1493 890 aestima.
1530 839 1814 890 Auctores

278 922 475 981 ‚habeo
496 923 684 1002 Orph.
707 942 768 980 v.
814 940 944 997 192,
972 921 1243 997 Apollon.
1267 920 1377 979 Rh.
1417 942 1466 994 1,
1500 941 1520 976 1
1539 920 1628 992 15,
1661 925 1814 978 Pau—

286 1030 406 1069 san.
440 1030 504 1083 2,
534 1012 602 1081 6,
632 1013 665 1068 3
716 1022 775 1067 et
833 1029 941 1081 12,
976 1008 1045 1075 6,
1090 1006 1190 1065 ubi
1220 1006 1431 1080 Φλίας,
1471 1028 1621 1083 11011,
1656 1009 1813 1084 quod

287 1099 484 1157 editur
503 1142 522 1175 ,
570 1096 772 1161 Φλείας
837 1098 895 1153 111
950 1094 1244 1171 Apol-lonii
1294 1115 1465 1152 versu
1514 1096 1815 1171 scriptum.

289 1190 506 1244 qusr.
538 1222 603 1235 —
640 1186 708 1242 16
751 1181 946 1263 ἐνέχεις
991 1180 1046 1239 δὲ
1082 1183 1155 1241 Θ.
1199 1182 1330 1251 ᾼΙιΙ.
1370 1218 1433 1231 -
1473 1203 1537 1254 17
1573 1180 1817 1263 Ἔκίρνας

289 1274 426 1331 αὗτ“
461 1271 533 1331 Θ.

374 1295 519 1431 3124
556 1361 639 1419 sic
670 1360 730 1416 111
750 1364 851 1431 V.,
883 1355 952 1419 τὰ
975 1355 1302 1436 ἅναλῶματα
1331 1356 1428 1431 τὴν
1470 1357 1671 1421 οὐσίαν.
1716 1385 1818 1419 κα-

289 1447 503 1529 πρώσης
519 1445 577 1507 δὲ
594 1445 707 1505 ἀντὶ
722 1451 814 1505 τοῦ
837 1445 1094 1526 ὀργώσης,
1119 1445 1430 1526 ὀρεγομένης
1450 1445 1817 1516 συνουσιάζειν.

289 1542 503 1596 Totum
548 1535 811 1594 scholion
863 1554 977 1591 om.
1030 1535 1101 1593 Θ.
1147 1537 1307 1591 Duas
1353 1547 1571 1593 tantum
1606 1536 1822 1613 glossas

292 1624 467 1683 habet
492 1629 560 1682 R.
586 1667 604 1695 ,
643 1618 1004 1698 τάναλώματα
1030 1633 1088 1678 et
1119 1620 1432 1680 κατεσθίειν.
1461 1654 1541 1667 -
1579 1625 1651 1681 32
1687 1624 1821 1703 αὐτῇ

293 1719 459 1789 fleg„
487 1710 683 1789 1111134
710 1722 840 1787 post
863 1711 1086 1766 νοῶνται
1114 1710 1332 1786 pergit,
1360 1708 1451 1767 καὶ
1471 1708 1572 1790 γὰρ
1599 1711 1822 1791 τάφόδια

290 1800 382 1857 καὶ
406 1796 473 1857 τὰ
504 1797 687 1879 ἐφόδια
714 1795 951 1869 νοήσεις,
1001 1794 1162 1874 ἤγουν
1184 1793 1250 1854 τὰ
1276 1795 1598 1877 πράγματα,
1635 1797 1726 1856 καὶ
1756 1797 1824 1857 τὰ

293 1888 484 1969 ἀφόδια
509 1887 601 1964 ἤγ.
630 1884 699 1944 τὰ
723 1881 939 1966 κόπρια.
958 1884 1048 1966 ἀφ’
1064 1877 1122 1942 οὗ
1143 1883 1234 1942 καὶ
1258 1885 1630 1966 ἀφοδευτῆριον
1649 1886 1822 1968 φαμὲν

291 1978 381 2038 τὸν
415 1977 575 2035 τόπον
611 1978 664 2035 ἐν
692 1966 738 2054 ᾧ
780 1972 1046 2055 ἄνθρωποι
1082 1971 1149 2033 τὰ
1190 1973 1431 2033 σκύὸαλα
1471 1978 1824 2057 ἀποκρίνουσι.

294 2108 374 2121 -.
404 2069 477 2134 34
508 2076 804 2142 exspectes
836 2064 1031 2140 potius
1063 2064 1136 2131 εἷς
1167 2060 1265 2134 τὴν
1292 2061 1428 2123 ὁδόν.
1464 2070 1753 2129 Scaena.

382 2154 563 2220 1026,
597 2155 666 2222 37
705 2152 976 2227 ἀναλογῶν
1003 2152 1075 2211 Θ.
1105 2151 1237 2210 Ald.
1265 2190 1346 2201 --
1384 2160 1458 2219 40
1493 2153 1825 2233 προσεκλήθη

295 2245 366 2305 Θ.
387 2242 511 2300 Α111.
530 2267 556 2293 ιι
575 2239 895 2322 προσεκλίθη
912 2238 1157 2298 reddere
1179 2259 1294 2297 non
1314 2239 1574 2299 dubitavi
1594 2265 1610 2312 3
1641 2264 1828 2321 neque

296 2332 448 2390 enim
468 2328 557 2388 vel
579 2327 882 2399 sententia,
911 2326 1006 2384 vel
1029 2338 1338 2384 structurae
1362 2327 1511 2385 ratio
1533 2330 1669 2386 satis
1691 2349 1826 2388 con-

296 2430 409 2475 stat
436 2416 495 2474 in
519 2414 872 2497 προσεκλήθη.
908 2415 1117 2471 Dicere
1144 2413 1367 2470 voluit:
1401 2422 1599 2472 emn‘m
1627 2421 1712 2473 ad
1725 2425 1829 2491 ju-

295 2519 499 2562 storum
529 2523 777 2570 causam,
809 2514 873 2558 ut
889 2507 989 2575 qui
1014 2508 1232 2573 injuriis
1250 2509 1441 2575 pressi
1462 2523 1584 2560 suoe
1600 2511 1718 2580 opis
1742 2513 1830 2563 in-

295 2598 566 2672 digerent,
590 2595 786 2648 Plutus
809 2594 1078 2647 inclinata
1096 2594 1385 2648 voluntate
1405 2613 1525 2650 sese
1545 2597 1826 2670 adplicuit.

296 2687 436 2741 Eam
483 2680 661 2738 habet
704 2680 819 2737 vim
864 2677 1199 2758 προσκλίνειν
1244 2680 1333 2735 vel
1387 2680 1828 2757 προσκλίνεσθαι·

297 2789 426 2827 nam
452 2767 697 2845 perinde·
720 2778 940 2825 veteres
972 2780 1279 2842 utrumque
1309 2781 1622 2845 usurpant.
1671 2777 1830 2850 Aga-

300 2856 520 2916 tharch.
545 2854 700 2931 apud
732 2855 941 2913 Athen.
974 2874 1063 2925 12,
1095 2875 1151 2931 p.
1182 2855 1317 2928 528,
1347 2863 1392 2912 Δ
1419 2879 1433 2912 :
1473 2854 1828 2936 προσέκλιναν

296 2951 409 3010 ταῖς
453 2941 778 3021 Μιθριδάτου
816 2940 1009 3000 ἐλπίσι.
1047 2940 1211 2998 811111.
1251 2942 1312 2996 111
1352 2941 1683 3023 Φιλόχοροςε
1719 2945 1827 3004 διε-

298 3027 468 3099 ὅλήθη
504 3024 939 3106 προσκεκλικέναι
972 3030 1039 3104 τῇ
1063 3025 1395 3102 Πτολεμαίου
1426 3028 1680 3111 βασιλείᾳ.
1720 3036 1831 3091 Co-

302 3118 434 3174 mici
463 3115 644 3173 schol.
668 3114 742 3171 ad
772 3114 922 3173 Nub.
957 3134 1011 3174 v.
1041 3116 1156 3170 360
1176 3159 1193 3187 ,
1231 3116 1544 3193 προσκλῖναι
1573 3121 1642 3195 τῇ
1670 3120 1830 3198 ἀρετῇ

297 3199 694 3283 τὸνἩρακλέα,
722 3202 777 3258 in
801 3201 897 3258 illa
925 3200 1107 3259 nobili
1129 3203 1373 3260 Virtutis
1393 3203 1831 3284 voluptatisque

300 3310 467 3348 scena
496 3289 776 3347 Prodicia.
820 3290 1079 3346 Alterum
1110 3288 1271 3346 dabit
1312 3291 1599 3368 Epiplian.
1629 3297 1829 3350 Panar.

301 3402 358 3457 p.
387 3383 522 3452 728,
548 3385 600 3438 D
632 3401 646 3436 τ
676 3380 725 3436 οῖ
754 3376 851 3456 μὲν
878 3377 1296 3459 προσεκλίθησαν
1323 3377 1503 3461 Ἀρείῳ
1526 3425 1541 3454 ,
1583 3378 1748 3462 ἕτεροι
1776 3384 1831 3442 δὲ

302 3467 576 3549 Κολούθῳ·
610 3465 864 3542 alibique
886 3485 1058 3543 saepe.
1090 3466 1270 3524 Clem.
1300 3471 1408 3544 Ep.
1434 3489 1456 3524 1
1484 3469 1554 3525 ad
1574 3470 1830 3529 Corinth.

301 3564 332 3628 S
367 3565 438 3628 47
472 3577 485 3611 :
515 3552 892 3633 προσεκλίθητε
932 3549 1033 3633 γὰρ
1067 3552 1374 3620 ἀποστόλοις
1412 3555 1828 3638 μεμαρτυρημέ-

306 3665 413 3708 νοις
436 3663 450 3677 ·
492 3640 763 3719 praecedit
794 3662 808 3697 z
837 3636 921 3697 διὰ
956 3639 1018 3698 τὸ
1052 3639 1143 3699 καὶ
1177 3639 1298 3700 τότε
1332 3643 1666 3722 προσ-κλίσεις
1701 3648 1834 3722 ὑμᾶς

301 3735 617 3802 πεποιῆσθαι
640 3750 653 3764 ·
687 3726 803 3787 ἀλλ’
843 3732 877 3800 ἡ
901 3727 1211 3808 πρόσκλισις
1245 3729 1418 3802 ἐκείνη
1454 3725 1612 3803 ἧττον
1651 3734 1834 3815 ἁμαρ-

299 3819 416 3878 τίαν
438 3822 558 3897 ὑμῑν
580 3815 934 3897 προσήνεγκε·
964 3817 1117 3875 unde
1149 3819 1316 3876 simul
1347 3833 1621 3898 apparet,
1653 3822 1713 3879 in
1742 3842 1830 3894 e0‚

305 3905 461 3984 quod
482 3904 742 3981 sequitur
769 3903 924 3980 apud
960 3905 1355 3982 Epiphanium
1373 3950 1388 3978 ‚
1419 3928 1535 3965 11011
1570 3929 1693 3967 csse
1720 3909 1833 3967 du-

302 3993 602 4052 bitandum
630 4011 760 4049 cum
779 3991 1050 4064 petavio,
1079 3994 1220 4069 quin
1257 3994 1367 4071 legi
1390 3994 1597 4053 debeat
1616 4038 1631 4062 ‚
1660 3999 1720 4056 ἐκ
1740 4001 1836 4068 τῆς

304 4078 660 4160 προσκλίσεως
676 4120 692 4146 ,
729 4076 821 4136 καὶ
858 4076 1070 4136 ἐπαίνου
1109 4078 1165 4137 δὲ
1202 4086 1295 4139 τοῦ
1326 4086 1452 4162 παρ’
1489 4084 1676 4141 αὐτῶν.
1715 4087 1835 4142 Nec

305 4188 432 4226 rara
455 4180 590 4226 sunt
611 4165 867 4243 ejusdem
888 4168 1234 4245 corruptelae
1255 4169 1515 4246 exempla
1532 4213 1550 4246 ,
1589 4184 1648 4228 et
1677 4173 1831 4229 mul-

305 4256 376 4314 tis
420 4256 481 4312 in
527 4254 668 4311 locis
707 4251 1051 4329 jamdudum
1104 4252 1178 4311 ab
1223 4254 1462 4314 eruditis
1498 4258 1835 4317 hominibus

305 4343 717 4402 animadversa.
772 4339 1178 4400 casaubonum
1210 4343 1342 4401 vide
1383 4345 1456 4402 ad
1490 4347 1733 4421 Diogen.
1760 4351 1827 4405 L.

315 4451 362 4488 1.
417 4449 510 4488 20.
558 4433 647 4487 Ex
690 4448 813 4485 uno
848 4431 961 4485 Ms.
1002 4425 1313 4507 πρόσκλισιν
1357 4435 1642 4490 Kusterus
1676 4432 1833 4510 apud

306 4517 546 4576 Suidam
576 4515 840 4593 reposuit
877 4515 938 4572 in
960 4511 1202 4595 Αἵρεσις,
1237 4537 1367 4593 quae
1395 4517 1686 4598 πρόκλησις
1711 4533 1836 4579 erat

305 4604 364 4662 in
410 4604 616 4661 ceteris
660 4616 719 4660 et
773 4601 943 4660 codd.
990 4616 1049 4660 et
1085 4604 1212 4662 edd.
1261 4606 1538 4665 Similiter
1578 4608 1639 4664 in
1678 4612 1833 4666 Sext.

305 4692 526 4765 Empir.
552 4694 610 4747 Ρ.
631 4693 700 4748 Η.
722 4709 774 4761 1,
797 4695 827 4760 S
853 4692 921 4746 18
944 4694 1014 4748 H.
1040 4692 1386 4768 Stephanus,
1416 4706 1474 4750 et
1490 4694 1551 4750 in
1571 4698 1835 4751 Memno-

307 4779 394 4836 nis
424 4778 723 4854 Excerptis
749 4778 906 4854 apud
952 4778 1114 4838 Phot.
1148 4779 1291 4837 Bibl.
1327 4800 1381 4857 p.
1412 4781 1547 4850 382,
1584 4783 1689 4839 16:
1726 4785 1756 4841 ὁ
1779 4780 1834 4841 δὲ

306 4864 519 4945 ἕρμαιον
571 4862 668 4935 τὴν
719 4863 1029 4944 πρόσκλισιν
1074 4865 1424 4944 ἡγησάμενος.
1490 4866 1835 4945 Sylburgius

307 4951 459 5009 idem
488 4971 613 5009 voc.
653 4951 959 5011 redonavit
991 4953 1168 5011 Clem.
1201 4954 1363 5011 Alex.
1386 4957 1494 5012 Str.
1534 4973 1589 5026 2,
1613 4975 1673 5031 p.
1701 4958 1835 5032 469,

314 5040 385 5107 34
410 5060 423 5095 z
452 5036 539 5096 διὰ
559 5041 652 5108 τῆς
671 5040 777 5097 τῶν
799 5041 1061 5111 αἰσθητῶν
1090 5038 1317 5099 εἰδώλων
1345 5042 1584 5120 ἀποχῆς,
1619 5041 1709 5100 καὶ
1742 5047 1836 5116 τῆς

3310 272 3420 327 661

1898 387 2029 470 πρὸς
2055 388 2142 450 τὸν
2167 389 2390 462 ποιητὴν
2414 389 2503 450 καὶ
2530 390 2735 472 πατέρα
2754 393 2860 449 τῶν
2878 388 3013 450 ὅλων
3031 393 3390 473 προσκλίσεως
3409 417 3426 433 ·

1900 480 2236 554 oppositum
2268 477 2447 558 ἀποχὴ
2473 479 2887 537 emendationis
2919 499 3070 538 verae
3101 480 3422 543 documen-

1904 580 2025 624 tum
2053 567 2291 646 praebet.
2331 575 2401 627 D.
2435 569 2599 627 Pauli
2626 566 2766 626 κατὰ
2792 565 3103 646 πρόσκλισιν
3144 592 3168 627 1
3205 573 3293 630 Ad
3317 574 3428 632 ‘ri-

1903 657 2084 715 moth.
2128 657 2181 723 5,
2207 676 2302 729 21,
2335 657 2496 714 multi
2526 669 2746 715 veteres
2781 655 2917 714 libri
2938 653 3073 714 κατὰ
3099 657 3427 738 πρόσκλησιν

1901 744 2198 818 exhibent,
2232 746 2388 822 quod
2413 765 2647 822 prorsus
2676 744 2979 814 absonum,
3007 758 3068 803 ut
3104 749 3238 805 satis
3262 751 3428 808 intel-

1903 832 2078 909 ligere
2105 832 2236 890 licet
2261 844 2382 889 tum
2416 851 2490 890 ex
2518 832 2830 890 Clementis
2861 836 2963 908 Ep.
3010 853 3033 888 1
3071 833 3144 890 ad
3165 838 3428 895 Corinth.

1904 926 1934 991 S
1959 941 2024 976 21
2060 943 2072 977 :
2101 917 2198 990 τὴν
2227 918 2435 998 ἀγάπην
2469 921 2639 978 αὐτῶν
2661 918 2736 997 μὴ
2762 916 2901 977 κατὰ
2921 919 3268 999 προοκλίσεις,
3297 922 3433 982 ἀλλὰ

1901 1016 2036 1066 πᾶσι
2057 1017 2163 1073 τοῖς
2186 1006 2532 1089 φοὸουμένοις
2547 1006 2638 1066 τὸν
2663 1006 2775 1065 θεὸν
2801 1006 2957 1075 ὁσίως
2980 1005 3099 1077 ἴσην
3122 1011 3434 1090 παρεχέτωα

1905 1120 2003 1156 σαν
2026 1118 2039 1132 ·
2095 1109 2216 1155 tum
2262 1117 2335 1154 ex
2375 1098 2482 1168 iis,
2530 1116 2661 1174 quae
2701 1097 2970 1154 Suicerus
3007 1095 3336 1157 observavit
3372 1102 3435 1157 in

1905 1185 2080 1243 Thes.
2121 1185 2376 1262 Eccles.,
2416 1197 2628 1263 praeter
2654 1203 2827 1260 quem
2864 1184 3102 1241 omnino
3141 1185 3267 1245 vide
3301 1187 3434 1249 Joh.

1907 1271 2128 1332 Alberti
2148 1272 2219 1331 ad
2246 1274 2336 1332 Gl.
2366 1279 2470 1332 Gr.
2502 1273 2560 1329 in
2592 1275 2647 1330 S.
2673 1275 2742 1331 N.
2767 1276 2828 1330 F.
2863 1275 2925 1328 L.
2955 1291 3011 1348 p.
3046 1273 3173 1347 157.
3210 1277 3275 1330 111
3306 1281 3431 1334 Act.

1907 1366 2017 1436 Ap.
2059 1361 2115 1433 5,
2161 1362 2235 1418 36
2273 1358 2610 1440 προσεκλήθη
2647 1379 2764 1417 11011
2801 1378 3120 1435 paucorum
3152 1361 3436 1434 codicum,

1908 1469 1980 1506 ex
2010 1450 2263 1525 genuino
2288 1447 2610 1528 προσεκλίθη
2635 1458 2998 1523 corruptum,
3027 1448 3321 1523 peperisse
3350 1449 3439 1505 vi-

1909 1536 2082 1594 detur
2111 1535 2465 1614 publicatam
2500 1535 2806 1593 lectionem
2834 1534 3251 1614 προσεκολλῆθη.
3309 1536 3438 1594 801-

1910 1624 2124 1683 endum
2158 1643 2335 1697 vern,
2379 1623 2642 1700 quamvis
2677 1622 2981 1680 Histoi-icis
3011 1622 3176 1681 valde
3209 1625 3283 1682 sit
3321 1625 3440 1682 fre·-

1911 1732 2116 1789 quens,
2147 1713 2432 1770 rarissime
2444 1724 2632 1769 tamen
2649 1709 2801 1787 apud
2814 1729 3118 1787 germanos
3129 1712 3441 1790 scriptores

1911 1799 2128 1857 Atticos
2154 1800 2318 1857 illum
2361 1818 2528 1857 usum
2569 1797 2818 1855 inveniri
2853 1802 2947 1855 τοῦ
2983 1797 3313 1879 προσκλίνειν
3350 1797 3442 1857 καὶ

1910 1884 2377 1968 προσκλίνεσθαι.»
2411 1889 2637 1944 Han-sm.

1999 1978 2169 2047 1028,
2194 1975 2269 2032 43
2303 1972 2596 2053 βιώσασθαι
2619 1977 2801 2032 Dorv.

2001 2063 2167 2131 1030,
2206 2063 2278 2131 48
2307 2062 2375 2120 Et
2399 2060 2502 2120 δίκ.
2527 2066 2596 2119 R.
2621 2064 2692 2117 V.
2720 2096 2784 2108 —
2812 2060 2885 2116 50
2912 2058 3153 2126 οὗδόλως.
3189 2059 3444 2132 ἢδίκαιον

1915 2149 2028 2209 ἐστὶ
2054 2148 2218 2225 μηδὲν
2237 2148 2431 2226 ἀγαθὸν
2462 2147 2573 2227 ἔχει
2605 2147 2695 2207 τὸν
2729 2147 2996 2207 νεανίσκον
3025 2149 3227 2221 δηλαδή
3260 2156 3443 2213 DorV.

2004 2242 2174 2309 1032,
2206 2245 2242 2305 4
2269 2238 2390 2295 11110
2417 2241 2447 2295 ὁ
2469 2234 2524 2294 δὲ
2547 2234 2836 2317 Χρεμύλος.

2003 2325 2172 2397 1035,
2203 2347 2240 2401 9
2267 2323 2733 2401 καταπονουμένης
2763 2329 2832 2383 V.
2861 2367 2924 2377 —
2973 2345 3043 2383 10
3078 2324 3272 2407 γήρως.
3318 2331 3351 2398 ἡ
3390 2327 3448 2385 δέ

1916 2436 2074 2495 φησιν
2099 2413 2202 2472 ὑπὸ
2227 2416 2321 2483 τῆς
2347 2412 2533 2484 λύπης.
2573 2410 2677 2470 ὑπὸ
2699 2410 2874 2491 γήρως
2894 2410 2987 2470 καὶ
3006 2412 3214 2492 χρόνου.
3243 2413 3447 2490 γελοίου

1916 2517 2023 2562 etc.
2042 2507 2112 2562 R.
2137 2501 2327 2582 γήρους
2360 2508 2431 2558 G.
2464 2500 2555 2559 καὶ
2586 2505 2682 2573 τ’ἥς
2714 2499 2885 2572 λύπης
2919 2501 3256 2561 Dindorlius
3282 2502 3450 2561 addi-

1917 2591 2003 2649 dit
2031 2609 2104 2647 011
2133 2593 2231 2660 V.,
2264 2600 2522 2647 correcta
2559 2591 2852 2666 scriptura
2887 2588 3107 2647 codicis
3140 2589 3352 2662 λύσσης.
3387 2627 3450 2640 --

1927 2701 1944 2735 1
1964 2700 1987 2736 1
2029 2668 2172 2736 εἶπεν
2204 2689 2335 2753 post
2362 2673 2738 2747 κατασέσηπας
2758 2678 2926 2753 ponit
2942 2682 3007 2735 V.

2009 2767 2176 2837 1037,
2205 2766 2274 2821 15
2304 2763 2374 2823 ‘O
2398 2764 2640 2822 κοσκίνου
2665 2766 2735 2825 Θ.
2764 2764 3022 2823 Κοσκίνου
3045 2763 3231 2830 κύκλος
3266 2763 3301 2837 ἢ
3335 2785 3448 2825 0111.

1917 2854 2123 2914 Suidas
2147 2872 2190 2910 s.
2221 2850 2402 2922 Τηλία
2437 2864 2497 2910 et
2531 2859 2623 2923 V.‚
2657 2853 2758 2929 qui
2784 2851 2947 2924 τηλία
2989 2851 3133 2918 σανὶς
3158 2855 3251 2912 πλ.
3277 2891 3342 2903 -
3379 2856 3448 2913 16

1917 2942 2373 3024 ἀλφιτοπωλοῦσιν
2412 2940 2768 2998 Dindorfius.
2820 2943 3246 3023 ἀλφιτοποιοῦσιν
3279 2948 3344 3002 V.
3392 2958 3453 3003 et

1917 3030 2141 3092 Suidas.
2180 3025 2374 3108 ἄλφιτα
2412 3032 2649 3087 ποιοῦσιν
2688 3028 2815 3089 ald.
2848 3033 2961 3086 Pro
2995 3050 3114 3107 quo
3137 3031 3284 3088 infra
3310 3032 3347 3090 l.
3376 3051 3449 3107 ²2⁸

1872 3153 1879 3163 ·
1919 3131 2076 3177 recte
2098 3114 2293 3195 ἄλφιτα
2321 3115 2601 3175 πωλοῦσιν.
2630 3153 2693 3168 --
2736 3135 2803 3187 17
2842 3120 2997 3174 τοῦτο
3035 3136 3150 3174 0111.
3176 3122 3246 3175 V.
3275 3155 3341 3169 —
3381 3123 3450 3179 18

1919 3204 2048 3286 πρὸς
2068 3201 2130 3262 τὸ
2161 3201 2427 3259 additum
2456 3223 2527 3260 ex
2552 3208 2642 3271 V.‚
2677 3204 2779 3280 qui
2813 3205 3001 3280 pergit
3032 3204 3338 3281 depravate
3365 3206 3455 3264 εὔ-

1920 3316 2051 3372 μαρι
2078 3289 2167 3349 καὶ
2197 3304 2254 3348 et
2286 3290 2435 3348 infra
2459 3291 2495 3347 l.
2530 3293 2605 3348 28
2626 3290 2687 3349 τὸ
2719 3288 2910 3372 εὕμαρι
2931 3314 3022 3373 πρ.
3053 3298 3198 3365 Qnae
3228 3294 3299 3351 ad
3328 3298 3455 3353 Eu-

1923 3379 2172 3459 polidem
2223 3389 2486 3454 spectant
2537 3378 2905 3455 praetermisit
2956 3379 3186 3438 Suidas.
3235 3418 3302 3430 -
3358 3401 3452 3456 19.

1919 3472 2113 3539 Quum
2147 3465 2221 3524 ad
2249 3466 2404 3522 huuc
2428 3466 2618 3523 locum
2649 3485 2720 3522 ex
2749 3466 2995 3524 diversis
3023 3469 3455 3528 commentariis

1919 3555 2271 3623 adnotetur,
2320 3551 2509 3623 τηλίας
2548 3554 2607 3610 111
2651 3552 2872 3612 Marica
2918 3555 3040 3612 fieri
3082 3556 3454 3631 mentionem,

1920 3644 2098 3720 idque
2124 3641 2251 3718 plus
2294 3659 2408 3697 una
2426 3641 2551 3699 vice
2576 3641 2788 3699 factum
2818 3661 2933 3699 non
2956 3641 3237 3716 videatur,
3272 3644 3454 3701 ratio·-

1921 3750 2053 3789 nem
2081 3730 2228 3786 inire
2253 3728 2348 3785 vix
2370 3747 2623 3805 possum,
2656 3748 2770 3805 qua
2796 3741 3185 3789 enarratorem
3221 3744 3452 3789 utrum-

1920 3838 2035 3896 que
2069 3817 2415 3875 conciliem:
2457 3837 2606 3875 unus
2645 3818 2801 3875 enim
2844 3817 2988 3875 nihil
3036 3817 3190 3875 aliud
3215 3862 3231 3890 ,
3278 3838 3451 3895 quam

1920 3903 2247 3983 Hyper-boli
2293 3917 2535 3962 matrem
2593 3903 2673 3963 ibi
2729 3925 2860 3963 cum
2908 3904 3065 3986 τηλία
3127 3909 3452 3984 comparari

1921 3992 2169 4061 scribit3
2216 3991 2401 4066 alter,
2451 3991 2776 4069 Hyper-boli
2824 4010 2952 4049 ossa
2995 3994 3051 4049 in
3095 3993 3285 4064 τηλίαν
3331 4016 3454 4054 esse

1922 4080 2214 4156 conjecta:
2263 4078 2424 4157 quqd
2466 4079 2639 4154 quale
2683 4080 2797 4155 sit,
2833 4079 3126 4137 intellectu
3174 4102 3453 4159 perquam

1921 4182 2008 4227 est
2036 4167 2290 4234 difficile,
2318 4167 2595 4242 quoniam
2620 4166 2855 4225 vivente
2877 4166 3069 4225 adhuc
3089 4170 3452 4247 Hyperbolo,

1922 4256 2034 4314 nisi
2065 4255 2237 4332 plane
2271 4254 2479 4324 fallor,
2503 4254 2749 4312 Maricas
2777 4255 2836 4311 in
2870 4274 3098 4313 scenam
3135 4255 3242 4313 fuit
3264 4256 3453 4318 datus.

1922 4350 2131 4404 Fateor
2168 4342 2307 4400 huic
2344 4343 2501 4400 nodo
2545 4362 2635 4400 me
2662 4363 2777 4399 non
2816 4363 2942 4402 esse
2977 4344 3295 4416 solvendo,
3342 4347 3451 4405 nisi

1923 4430 2208 4489 comicum
2260 4430 2509 4506 aliquem
2553 4429 2753 4506 jocum
2799 4429 2895 4488 hic
2940 4430 3175 4489 latuisse
3215 4445 3450 4504 statuas,

1922 4519 2027 4595 qui
2053 4529 2293 4575 matrem
2325 4515 2648 4593 Hyper-boli
2680 4517 2888 4575 fecerit
2919 4517 3108 4590 τηλίαν
3129 4562 3146 4591 ,
3179 4519 3238 4577 111
3277 4540 3448 4597 quam

1922 4624 2053 4664 ossa
2094 4605 2197 4662 filii
2245 4605 2484 4662 fuerunt
2529 4617 2819 4682 congesta.
2880 4606 3178 4682 singulare
3218 4627 3355 4665 vero
3392 4622 3450 4666 et

1923 4691 2527 4765 animadvertendum,
2560 4692 2717 4769 quod
2753 4711 2824 4750 ex
2859 4692 3245 4770 Theopompo
3277 4695 3450 4753 tradit

1922 4780 2104 4838 schol.
2133 4780 2370 4839 Lucian.
2396 4779 2470 4836 ad
2501 4780 2747 4856 Tim.·p.
2792 4780 2900 4849 145
2923 4821 2939 4849 ,
2977 4780 3134 4837 Sami
3169 4799 3273 4855 per
3307 4781 3448 4839 insi-

1922 4868 2044 4926 dias
2080 4866 2481 4946 Hyperbolum
2514 4865 2590 4925 ab
2613 4867 2859 4925 inimicis
2886 4868 3277 4939 interemtum,
3309 4867 3370 4928 τὸ
3392 4867 3448 4929 δὲ

1920 4954 2103 5037 νεκρὸν
2132 4958 2290 5015 αὐτοῦ
2310 4958 2381 5021 εἰς
2410 4954 2604 5015 σάκκον
2634 4952 2823 5034 βληθὲν
2854 4957 3065 5037 ῥιφῆναι
3094 4955 3170 5023 εἷς
3194 4952 3255 5013 τὸ
3276 4954 3448 5015 πέλα-

1921 5065 2039 5122 γος·
2075 5043 2229 5104 idem
2257 5045 2453 5123 plures
2476 5045 2739 5103 Comicos
2767 5053 3095 5115 enumerat,
3122 5044 3220 5120 qui
3250 5044 3445 5102 homi-
