3859 5725
1643 258 1895 322 PLUTI.

215 402 387 486 φίρεις
405 447 424 477 ,
450 401 525 458 38
549 395 641 458 καὶ
660 393 851 476 μέτρον
877 392 1073 467 κοτύλη
1093 399 1161 453 V.
1181 391 1275 452 καὶ
1294 389 1503 470 μέλιτος
1519 388 1744 460 κοτύλην

215 496 404 568 Etym.
432 494 513 549 Μ.
538 508 582 546 s.
612 484 906 565 Εἷρεσιώνη
934 503 989 559 p.
1017 484 1151 555 303,
1183 503 1279 554 ²7,
1302 493 1359 537 ct
1388 478 1644 537 Eustath.
1673 476 1746 535 ad

217 580 452 637 Homer.
477 595 538 652 p.
580 575 757 644 1283,
783 572 883 649 qui
907 570 1114 628 deinde
1155 568 1315 648 ἐλαίῳ
1346 564 1745 648 ἔπικρήσασθαι.

213 663 590 743 ἀποψήσασθαι
616 665 710 730 V.,
733 658 941 718 suidas
968 671 1027 715 et
1050 662 1238 732 Etym.
1266 662 1347 716 M.
1374 653 1749 736 ὑποψήσασθαι

217 751 337 810 Ald.
362 746 733 828 ἀναψήσασθαι
756 746 908 804 Plut.
931 749 1003 803 V.
1029 744 1235 801 Thesei
1260 764 1319 820 p.
1348 762 1439 812 10,
1472 747 1538 813 B,
1566 740 1745 799 schol.

214 837 291 896 ad
310 836 503 913 Equit.
536 835 677 909 725,
703 833 884 891 Clem.
914 832 1078 889 Alex.
1114 836 1327 889 Strom.
1362 838 1415 899 4,
1445 849 1505 908 p.
1536 828 1746 885 566.—

219 929 297 1000 39
322 921 462 987 ὅπως
481 923 598 998 μεθ.
620 920 846 979 suidas.
870 917 1071 995 μεθύων
1100 919 1174 977 Θ.
1198 916 1428 975 Deinde
1452 913 1752 992 legebatur

216 1009 472 1088 καθεύδῃς
488 1027 619 1066 curn
640 1007 836 1068 Suida.
860 1012 1151 1064 Mutatum
1174 1024 1246 1063 ex
1265 1005 1442 1064 schol.
1459 1003 1535 1061 ad
1553 1003 1748 1079 Equit.

219 1103 292 1156 In
317 1102 503 1172 Etym.
540 1092 634 1153 καὶ
653 1091 827 1152 κύλικ’
847 1089 1071 1173 εὐζώρου
1090 1089 1235 1149 οἴνου
1262 1089 1526 1167 μεθύουσα
1554 1087 1751 1148 καθεύ-

218 1189 316 1248 δει.
351 1186 659 1264 Sequentia
683 1182 863 1241 habet
895 1187 1037 1259 Reg.
1078 1216 1129 1231 -
1152 1191 1226 1251 40
1262 1180 1530 1256 εἰρεσιώνη
1565 1178 1755 1244 κλάδος

220 1278 292 1333 V.
314 1280 452 1349 Reg.
486 1270 664 1337 ἐλαίας
691 1268 830 1349 ἔχων
855 1266 1013 1348 ἄρτον
1034 1266 1385 1348 ἐξηρτημένον
1410 1268 1500 1326 καὶ
1528 1265 1753 1336 κοτύλην

218 1360 415 1420 ἐλαίου.
434 1358 687 1440 ἐξήρτητο
703 1362 775 1416 V.
797 1362 943 1429 Quae
966 1375 1037 1413 ex
1064 1356 1283 1413 scholio
1301 1356 1602 1433 superiore
1621 1366 1754 1413 sunt

218 1450 478 1507 illata.—
505 1458 580 1516 ¹⁸0
611 1446 770 1504 αὐτοῦ
801 1457 933 1521 post
952 1446 1122 1524 ὡραῖα
1150 1444 1316 1520 ponit
1338 1446 1411 1502 Θ.
1447 1442 1537 1501 καὶ
1563 1445 1660 1523 ὡρ.
1682 1447 1750 1502 V.

217 1573 286 1592 .-
313 1545 387 1603 42
414 1533 642 1593 παλαιὸν
681 1535 752 1593 Θ.
782 1543 839 1588 et
886 1530 1108 1590 SuidaS.
1147 1529 1208 1589 τὸ
1236 1529 1462 1588 παλαιὸν
1496 1530 1622 1592 Ald.
1663 1529 1754 1588 τὸν

220 1625 355 1682 παλ.
386 1627 527 1696 Reg.
564 1618 792 1678 παλαιόν
839 1641 894 1676 τι
929 1617 1111 1676 schol.
1154 1618 1227 1675 ad
1270 1619 1464 1695 Equit.
1510 1616 1752 1697 χρησμόν

221 1718 359 1786 Reg.
386 1721 446 1768 et
467 1708 690 1769 SuidaS.
726 1709 796 1772 ὡς
826 1708 985 1782 λιμοῦ
1017 1708 1089 1766 Θ.
1131 1710 1272 1782 Reg.
1298 1705 1428 1763 Ald.
1470 1707 1541 1771 ὡς
1567 1705 1755 1782 λοιμοῦ

222 1802 297 1857 R.
320 1795 401 1855 ὅτι
418 1797 605 1873 λοιμοῦ
628 1799 695 1856 V.
721 1831 785 1843 —
811 1796 884 1860 43
908 1795 958 1851 οἱ
979 1792 1032 1852 δὲ
1058 1791 1151 1851 καὶ
1180 1792 1262 1851 ὅτι
1279 1793 1467 1868 λοιμοῦ
1486 1813 1559 1851 ex
1578 1793 1754 1851 schol.

223 1884 297 1942 ad
323 1885 514 1961 Equit.
543 1881 770 1940 addidit
812 1885 1054 1951 Hemst„
1078 1882 1243 1957 cujus
1285 1881 1406 1939 haec
1450 1893 1536 1939 est
1566 1901 1754 1938 anno-

227 1972 373 2029 tatio
400 1993 414 2027 z
444 1994 468 2022 a
494 1969 832 2029 Orationem
874 1983 989 2025 non
1039 1969 1176 2026 satis
1206 1967 1487 2045 quadrare
1528 1969 1756 2045 perspi-

227 2078 398 2116 cuum
433 2069 556 2115 est:
594 2076 730 2113 nam
767 2058 813 2113 oi
862 2053 957 2131 μὲν
986 2052 1088 2136 γὰρ
1120 2056 1323 2133 utique
1370 2056 1557 2133 poscit
1592 2057 1640 2114 oi
1674 2053 1758 2128 δὲ,

226 2144 387 2222 quod
429 2143 541 2202 sibi
587 2141 969 2220 respondeat,
1012 2155 1070 2199 et
1101 2144 1437 2200 sententiam
1475 2144 1756 2220 integram

227 2242 601 2290 consummet.
625 2229 830 2289 Suidas
856 2230 1089 2308 quidem
1113 2230 1317 2288 eodem
1336 2230 1563 2289 laborat
1592 2231 1757 2300 vitio,

226 2318 342 2377 hoc
372 2330 592 2375 tantum
620 2317 880 2375 diversus
896 2359 915 2388 ,
941 2319 1097 2394 quod
1125 2320 1252 2375 vice
1284 2319 1444 2395 λιμοῦ
1467 2317 1650 2394 λοιμὸν
1673 2317 1758 2374 in·

229 2406 443 2463 ducat:
476 2424 661 2481 neque
683 2404 742 2463 id
766 2406 971 2462 mirum
994 2417 1080 2462 est
1111 2405 1172 2462 in
1206 2417 1320 2462 tam
1350 2406 1640 2483 frequenti
1660 2425 1761 2462 vo-

230 2496 315 2553 cis
352 2495 653 2571 utriusque
701 2495 1125 2572 permutatione
1146 2537 1163 2565 ‚
1216 2493 1383 2570 cujus
1429 2496 1758 2573 exemplum

230 2582 449 2661 praebet
472 2583 526 2639 in
554 2582 663 2640 hoc
685 2583 815 2659 ipso
844 2579 1143 2660 εἷρεσιῶνης
1180 2583 1422 2641 articulo
1445 2585 1574 2641 cod.
1593 2589 1757 2642 LBa-

231 2682 435 2743 tavus3
459 2671 684 2749 quippe
712 2671 813 2747 qui
830 2714 847 2742 ,
877 2669 978 2727 ubi
1009 2671 1183 2747 paulo
1210 2683 1345 2727 ante
1372 2671 1645 2729 scribitur
1671 2669 1758 2729 ἐπὶ

230 2758 507 2836 ἀποτροπῇ
545 2756 748 2835 λοιμῶν
778 2757 837 2814 in
880 2756 1031 2831 edd„
1061 2757 1282 2833 λειμῶν,
1316 2757 1375 2815 id
1409 2770 1527 2830 est,
1558 2759 1759 2836 λιμῶν,

232 2857 295 2903 ιιι
327 2843 467 2902 alibi
495 2865 728 2922 qnoque
755 2845 927 2916 solet,
958 2846 1251 2922 praeserat3
1273 2846 1433 2922 quod
1451 2867 1581 2905 cum
1608 2850 1759 2904 Pau·—

229 2933 387 2990 sauia
407 2932 675 3008 congruit
688 2931 845 3007 apud
868 2932 1127 2990 Eustath.
1149 2953 1206 3009 p.
1233 2935 1404 3006 1283,
1433 2954 1454 2989 1
1472 2954 1522 2991 1.
1544 2937 1763 2991 Verum

231 3020 551 3078 scholiastae
578 3032 774 3074 nostro
799 3018 850 3075 si
875 3018 1118 3076 alterum
1145 3020 1315 3077 etiam
1342 3020 1552 3077 borum
1584 3039 1762 3077 voca·-

232 3106 505 3164 bulorum
543 3104 843 3163 commode
873 3104 1176 3163 suffultum
1208 3107 1442 3177 reddas,
1473 3107 1766 3184 integrita-

237 3207 353 3252 tem
382 3191 739 3252 reddideris:
766 3193 816 3249 οἱ
842 3190 939 3268 μὲν
967 3191 1070 3272 γάρ
1094 3214 1251 3270 φασιν
1273 3237 1290 3266 ,
1310 3195 1379 3259 ὡς
1405 3194 1583 3269 λιμοῦ,
1608 3197 1655 3250 οἱ
1679 3191 1764 3266 δὲ,

234 3283 302 3347 ὣς
340 3283 528 3356 λοιμοῦ
560 3287 734 3337 πᾶσαν
772 3278 871 3350 τὴν
904 3283 1003 3356 γῆν
1051 3279 1407 3360 κατασχόντος
1450 3293 1560 3341 etc.
1596 3283 1762 3340 eonf.

235 3381 626 3428 enarrator-em
652 3368 923 3444 Equitum
951 3388 1006 3425 v.
1031 3369 1165 3439 725,
1191 3369 1291 3444 qui
1322 3368 1552 3426 disertis
1569 3367 1765 3427 verbis

237 3457 440 3516 scribit
466 3479 480 3513 ε
509 3458 558 3514 οἱ
581 3452 677 3532 μὲν
698 3455 801 3536 γάρ
830 3478 988 3536 φασιν
1008 3501 1025 3529 ,
1056 3454 1136 3513 ὅτι
1162 3459 1319 3532 λιμοῦ
1336 3501 1352 3527 ,
1377 3459 1427 3514 οἱ
1456 3455 1511 3515 δὲ
1527 3502 1540 3528 ,
1571 3455 1653 3515 ὅτι
1674 3456 1764 3516 καὶ

237 3547 425 3620 λοιμοῦ
465 3540 563 3613 τὴν
596 3551 773 3602 πᾶσαν
807 3541 1164 3620 κατασχόντος
1208 3543 1547 3620 οἰκουμένην·
1588 3545 1765 3623 idque

238 3653 440 3691 verum
467 3643 555 3690 est
582 3631 683 3710 [In
716 3633 829 3690 line
847 3652 974 3708 quae
1002 3644 1133 3708 post
1158 3635 1206 3689 οἱ
1244 3630 1340 3708 μὲν
1366 3633 1767 3692 desiderantur

239 3721 401 3779 addit
422 3721 667 3797 Regius,
693 3719 765 3777 de
792 3738 910 3796 quo
937 3720 1069 3778 vide
1088 3720 1162 3779 ad
1188 3721 1228 3778 l.
1262 3720 1358 3789 45.
1392 3726 1454 3778 F.
1485 3721 1613 3798 D.];
1634 3742 1765 3779 nam

238 3822 305 3866 ut
324 3813 520 3868 Crates
536 3806 773 3888 ἀφορίαν,
794 3809 915 3865 sive
936 3809 1287 3866 sterilitatem
1308 3819 1607 3886 ortamque
1630 3810 1765 3869 inde

241 3895 448 3953 samem
489 3894 637 3952 sacri
678 3893 914 3951 deorum
970 3895 1193 3951 monitu
1234 3895 1479 3952 instituti
1538 3917 1763 3955 causam

241 3983 416 4041 fuisse
444 3981 622 4048 dixit,
647 3981 733 4038 sic
759 3993 959 4039 contra
987 3985 1269 4057 Harpocr.
1290 3983 1352 4039 in
1378 3981 1592 4062 Ἀὅαρις
1613 4006 1627 4040 :
1651 3986 1764 4042 λοι-

243 4074 344 4148 μοῦ
372 4067 428 4126 δέ
452 4089 582 4148 φασι
613 4064 750 4124 κατὰ
783 4075 959 4126 πᾶσαν
994 4066 1092 4138 τὴν
1121 4068 1432 4142 οἰκουμένην
1474 4068 1760 4146 γεγονότος.

241 4155 372 4213 Pari
401 4154 519 4212 fere
542 4154 716 4211 modo
742 4156 955 4213 AEacus
981 4167 1168 4212 utrum
1202 4156 1406 4213 samem
1426 4199 1443 4225 ,
1484 4178 1556 4213 an
1592 4160 1765 4235 pesti·

238 4243 473 4300 lentiam
516 4241 789 4319 precibus
823 4262 932 4319 pro
969 4244 1239 4301 universo
1285 4248 1616 4302 Graecorum
1648 4267 1763 4324 po-

244 4329 385 4405 pulo
431 4330 729 4405 conceptis
774 4331 1170 4388 averruncarit
1198 4373 1216 4401 ‚
1270 4332 1548 4390 incertum
1603 4346 1690 4390 est
1747 4355 1761 4390 ι

242 4435 566 4492 quanquam
609 4417 801 4492 plures
820 4415 1026 4495 αὐχμὸν
1047 4429 1106 4475 et
1127 4417 1390 4498 ἀκαρπίαν
1414 4440 1762 4478 commemo-

244 4516 401 4572 rant,
432 4502 704 4562 Libanius
741 4516 928 4562 tamen
962 4505 1119 4562 Decl.
1163 4506 1218 4576 3,
1254 4524 1313 4583 p.
1352 4508 1465 4573 243
1487 4550 1505 4578 ‚
1532 4511 1575 4565 B
1598 4529 1612 4564 :
1633 4509 1763 4586 εὐχῇ

242 4589 331 4648 τὸν
354 4589 537 4667 λοιμὸν
561 4587 759 4649 ἔλυσεν.
792 4590 906 4662 Qui
928 4591 1214 4649 dissensus
1241 4594 1587 4670 scriptorum
1614 4595 1763 4652 haud

245 4679 576 4756 infrequens
600 4699 718 4736 non
746 4679 878 4736 ideo
904 4680 1089 4737 solnm
1115 4680 1397 4752 invaluit,
1421 4682 1553 4758 quia
1583 4683 1767 4740 literae

246 4786 457 4826 vocum
485 4787 678 4825 earum
699 4786 869 4844 quam
893 4766 1189 4825 minimum
1214 4768 1363 4825 inter
1386 4789 1448 4827 se
1467 4769 1764 4845 differunt,

244 4854 344 4911 sed
392 4854 547 4930 quod
586 4855 836 4912 numinis
864 4856 965 4911 irae
992 4856 1427 4912 commissorum
1468 4875 1662 4932 poenas
1690 4858 1765 4915 ab

246 4940 497 4998 humano
555 4959 763 5019 genere
818 4943 1140 5019 expetentis
1193 4956 1500 5019 utrumque
1550 4945 1763 5004 malum

242 5044 404 5103 oeque
427 5028 818 5088 attribuerent.
843 5058 867 5080 ιι
898 5028 982 5088 lb.
1004 5033 1103 5106 γῆν
1125 5030 1480 5109 κρατήσαντος
1505 5036 1578 5090 R.
1602 5069 1663 5082 ·-
1684 5041 1752 5101 44

3244 258 3359 312 003

1828 377 1971 446 εἶπεν
1993 392 2023 447 ὁ
2051 386 2161 453 θεὸς
2189 391 2259 446 V.
2288 392 2433 465 Reg.
2466 385 2789 468 προηροσίαν
2806 390 2875 445 V.
2895 406 3189 467 προηροσια
3219 383 3356 440 Sui-

1827 476 1945 534 dns.
1966 474 2095 556 πρὸς
2119 474 2344 556 εἰρεσίαν
2371 475 2500 533 Ald.
2525 478 2745 545 ποιῆσαι
2764 479 2832 534 R.
2851 477 2918 553 τῇ
2947 477 3080 546 Δηοῖ
3097 473 3357 531 additum

1827 582 1899 619 ex
1933 564 2133 624 Suida.
2183 567 2337 621 θῦσαι
2360 561 2474 626 τοὺς
2505 565 2604 621 Ao.
2630 560 2760 643 ὑπὲρ
2791 559 3022 620 πάντων.
3047 559 3140 619 καὶ
3160 559 3360 632 ταύτην

1825 648 1920 720 τὴν
1946 649 2247 732 εἰρεσιώνην
2277 648 2532 717 ἐποίησαν
2558 647 2713 708 οἱονεὶ
2750 649 2962 708 πάντων
3000 650 3105 705 τῶν
3140 650 3358 726 καρπῶν

1827 738 2072 820 ἀπαρχάς
2110 744 2250 816 Reg.
2269 776 2331 788 —
2356 740 2428 807 45
2478 736 2642 807 οὕτως
2673 737 2972 810 Ἀθηναίους
3001 743 3066 797 R.
3107 734 3252 795 ἕνεκα
3285 738 3352 798 Θ.

1828 828 2021 904 Pergit
2057 828 2269 904 Regius
2294 848 2307 883 :
2334 825 2485 884 ἄλλοι
2510 822 2567 883 δέ
2600 848 2757 906 φασιν
2789 827 2860 891 ὥς
2890 825 3077 901 λοιμοῦ
3103 846 3232 883 παι-ε
3274 826 3362 882 ἐν·

1829 913 2128 996 σκήψαντος
2155 912 2472 985 Ἀθηναίοις,
2498 909 2717 978 ἕκαστος
2748 912 2852 992 πρὸ
2879 914 2984 969 τῶν
3005 914 3172 992 θυρῶν
3192 908 3358 981 ἔστη-

1829 1026 1925 1062 σαν
1954 999 2253 1083 εἰρεσιώναις
2274 1003 2346 1068 εἷς
2377 999 2682 1081 ἀποτροπὴν
2715 1004 2806 1057 τοῦ
2829 999 3035 1076 λοιμοῦ.
3065 998 3153 1057 καὶ
3182 997 3362 1071 διέμε-

1828 1113 1912 1150 νεν
1947 1093 2019 1157 εἷς
2048 1089 2299 1150 ἐνιαυτόν.
2338 1087 2403 1158 ἣν
2437 1087 2528 1148 καὶ
2572 1087 2911 1168 ξηρανθεῖσαν
2951 1085 3113 1144 πάλιν
3146 1084 3362 1152 κατίτος

1829 1178 1993 1237 ἐποίει
2019 1177 2199 1257 ἑτέραν
2228 1178 2575 1257 χλοάζουσαν.
2599 1214 2663 1227 --
2686 1186 2761 1253 49
2793 1174 2966 1255 Ἡλίῳ
2987 1173 3076 1234 καὶ
3100 1175 3310 1233 absunt
3327 1193 3363 1232 a

1831 1268 2052 1325 cunctis
2072 1265 2200 1326 edd.
2224 1265 2459 1325 Suidam
2494 1263 2810 1323 rescribere
2837 1263 3157 1322 scholiastae
3179 1262 3321 1338 jussi
3344 1305 3361 1333 ,

1831 1354 1990 1432 quod
2029 1354 2112 1413 ini
2139 1368 2437 1431 acceptum
2475 1354 2679 1411 tulerat
2712 1376 2726 1410 ε
2766 1352 3076 1411 concordat
3100 1350 3364 1409 scholion

1831 1446 1901 1504 ad
1924 1447 2121 1523 Equit.
2148 1440 2211 1506 v.
2231 1444 2344 1517 725
2373 1467 2386 1501 ε
2411 1442 2730 1524 Πυανεψίοις
2746 1442 2838 1501 καὶ
2852 1440 3174 1523 Θαργηλίοις
3193 1440 3363 1520 Ἡλίῳ

1833 1531 1923 1592 καὶ
1950 1531 2151 1612 Ὥραις
2193 1531 2526 1614 ἑορτάζουσιν
2570 1529 2837 1601 Ἀθηναῖοι
2860 1549 2874 1563 ·
2914 1547 3102 1606 neque
3137 1528 3245 1585 alia
3277 1539 3364 1585 est

1832 1624 1866 1692 ἡ
1887 1616 2162 1691 Ἀθήνησιν
2182 1618 2263 1677 ἔτι
2284 1618 2378 1677 καὶ
2405 1623 2495 1677 νῦν
2517 1615 2757 1699 δρωμὲνη
2776 1614 2967 1692 πομπὴ
2996 1613 3180 1674 Ἡλίου
3195 1636 3254 1671 τε
3273 1613 3364 1672 καὶ

1831 1705 2014 1787 Ὡρῶν
2052 1707 2206 1784 apud
2242 1707 2530 1784 Porphyr.
2580 1703 2715 1784 Περὶ
2747 1703 2822 1762 Ἀ.
2847 1690 2933 1764 Ἤ.
2959 1706 3020 1762 Ζ.
3049 1705 3083 1779 §
3130 1723 3184 1773 7.
3222 1705 3367 1760 Sunt

1832 1808 2025 1875 autem
2053 1792 2122 1852 τὰ
2149 1790 2634 1875 προκατειλεγμένα
2661 1788 2921 1871 ἀκρόδρυα
2938 1833 2955 1861 ,
2977 1810 3106 1868 quae
3122 1789 3363 1848 librario

1835 1882 2121 1940 debentur
2149 1882 2464 1959 pleniorem
2505 1877 2979 1955 descriptionem,
3013 1876 3151 1954 quia
3191 1894 3367 1952 supe-

1835 1968 2085 2028 rioribus
2116 1981 2240 2027 erat
2283 1967 2520 2037 similis,
2566 1965 2876 2037 recidenti,
2908 1984 3023 2022 non
3042 2008 3057 2037 ,
3086 1968 3185 2020 illa
3203 1966 3369 2037 prius

1833 2064 2012 2117 electa
2025 2059 2263 2137 frugum
2273 2078 2495 2134 genem
2508 2098 2528 2126 ‚
2559 2070 2624 2114 ut
2651 2057 2903 2114 Meursio
2923 2055 3123 2112 Latine
3143 2066 3367 2112 vertere

1835 2148 2056 2226 placuit
2078 2149 2140 2205 in
2167 2145 2445 2226 Πυανέψια
2463 2189 2478 2217 ,
2506 2145 2604 2202 sed
2631 2158 2766 2201 ante
2792 2148 3044 2200 recensiti
3064 2162 3366 2198 enumera-

1836 2242 1988 2311 tique
1989 2239 2220 2308 fructus
2240 2234 2476 2291 arbutei.
2501 2236 2726 2290 Hansr.
2749 2268 2814 2279 —
2839 2230 2911 2286 52
2938 2228 2992 2286 δὲ
3027 2225 3367 2308 χαριστήριον

1837 2335 1894 2382 et
1916 2326 2108 2400 λοιμοῦ
2144 2324 2216 2383 Θ.

1924 2411 2075 2468 1055
2095 2454 2112 2482 ‚
2143 2431 2181 2485 9
2212 2407 2503 2467 ἀκολασίαν
2527 2408 2597 2466 Θ.
2628 2410 2750 2465 «Ut
2778 2417 3080 2462 structurae
3113 2403 3280 2460 simul
3311 2415 3370 2460 et

1836 2500 2135 2557 sententias
2181 2499 2417 2556 satisfiat
2433 2540 2448 2569 ,
2483 2515 2699 2573 repone
2723 2496 2978 2565 ζητοῦσαν
3001 2514 3015 2529 ·
3040 2492 3256 2550 scilicet
3275 2489 3368 2563 τὴν

1835 2592 2019 2665 γραῦν.
2052 2612 2076 2637 ¹·
2096 2589 2319 2644 Hmwr.
2341 2621 2405 2633 -
2430 2605 2451 2640 1
2473 2605 2493 2640 1
2518 2583 2703 2650 παῖξαι
2717 2579 2818 2661 γὰρ
2838 2579 2899 2639 τὸ
2921 2588 3111 2640 παῖσαι
3133 2584 3203 2637 V.
3227 2584 3370 2638 Cor-

1838 2689 2054 2732 rectum
2076 2694 2149 2731 ex
2172 2678 2244 2731 G.
2267 2708 2329 2720 —
2360 2692 2427 2729 12
2461 2671 2605 2729 παίω
2629 2676 2701 2729 G.
2737 2668 2883 2728 παίω
2919 2668 3031 2727 ἐστὶ
3069 2676 3260 2726 παῖσαι
3303 2672 3366 2725 V.

1836 2766 2014 2838 Reg.:
2052 2759 2132 2820 Τὸ
2171 2768 2362 2818 παῖσαι
2390 2757 2502 2817 ἔστι
2548 2754 2642 2835 μὲν
2669 2755 2763 2814 καὶ
2808 2755 2924 2815 ἀντὶ
2946 2760 3039 2813 τοῦ
3074 2753 3236 2836 τύψαι
3266 2754 3371 2813 ἀπὸ

1836 2852 1929 2907 τοῦ
1952 2847 2096 2907 παίω
2116 2872 2129 2884 ·
2156 2845 2269 2906 ἔστι
2293 2845 2349 2905 δὲ
2381 2844 2470 2906 καὶ
2498 2844 2612 2904 ἀντὶ
2633 2849 2725 2904 τοῦ
2751 2841 2963 2916 παῖξαι,
2998 2845 3069 2909 ὡς
3104 2843 3328 2900 ἐνταῦθα
3350 2886 3367 2914 ,

1841 2936 1948 2994 ἀπὸ
1965 2940 2056 2994 τοῦ
2074 2934 2262 3003 παίζω·
2279 2925 2338 2991 οὗ
2356 2938 2384 2991 ὁ
2407 2931 2613 3010 μέλλων
2632 2932 2810 2991 παίσω
2827 2931 2918 2989 καὶ
2936 2932 3168 3012 δωρικῶς
3178 2927 3369 2997 παίξω.

1928 3027 2099 3096 1056,
2132 3032 2197 3090 ¹4
2229 3020 2391 3085 οὕτως
2419 3018 2476 3079 δὲ
2498 3025 2589 3092 V.,
2628 3021 2731 3097 qui
2759 3020 2872 3078 hoc
2919 3019 3181 3077 scholion
3222 3020 3370 3077 infra

1845 3112 2007 3188 ponit
2022 3111 2093 3168 ad
2118 3130 2175 3170 v.
2214 3109 2360 3181 1057
2404 3121 2537 3186 post
2576 3106 2715 3186 ἔχων
2745 3109 2800 3165 ἐν
2839 3112 2906 3182 τῇ
2934 3105 3072 3186 χειρί
3107 3109 3141 3164 l.
3174 3126 3268 3178 27·
3296 3139 3371 3150 —-

1851 3198 1918 3254 15
1948 3195 2308 3278 παροξυτόνως
2338 3197 2508 3253 etiam
2551 3193 2757 3253 Suidas
2784 3214 2828 3251 s,
2857 3192 3075 3253 Παιδία.
3119 3192 3371 3262 ὀξυτόνως

1842 3285 1968 3342 Ald.
1991 3285 2241 3361 Etymol.
2268 3289 2347 3341 M.
2383 3303 2440 3360 p.
2470 3284 2582 3355 657
2603 3327 2620 3354 ,
2649 3281 2721 3339 50
2744 3304 2757 3339 ε
2783 3280 2863 3341 Τὸ
2888 3281 2989 3362 γὰρ
3027 3290 3284 3359 σημαῖνον
3309 3282 3372 3340 τὸ

1841 3373 2084 3450 παίγνιον
2115 3370 2202 3430 διὰ
2220 3376 2312 3431 τοῦ
2336 3395 2353 3429 ι
2375 3369 2632 3451 γράφεται
2653 3392 2668 3408 ·
2703 3368 2792 3427 καὶ
2820 3368 2951 3449 παρ’
2967 3373 3096 3446 ἡμῖν
3127 3368 3223 3447 μὲν
3244 3367 3367 3438 ὀξύ-

1842 3483 1987 3518 νεται
2005 3506 2021 3534 ,
2050 3451 2158 3518 οἷον
2179 3458 2367 3517 παιδιά
2391 3480 2404 3493 ·
2432 3455 2577 3536 παρὰ
2603 3453 2660 3514 δὲ
2682 3462 2789 3521 τοῖς
2823 3454 3108 3526 Ἀθηναίοις
3145 3455 3369 3536 βαρύνε-

1842 3570 1932 3605 ται
1951 3592 1967 3620 ,
1989 3537 2096 3606 οἷον
2132 3545 2342 3605 παιδία.
2385 3544 2535 3603 Vide
2561 3544 2891 3601 Atlienaeum
2927 3565 2962 3615 7
2993 3587 3010 3617 ‚
3036 3563 3094 3621 p.
3133 3545 3279 3618 323,
3303 3549 3366 3602 C.
3433 3591 3440 3596 .

1846 3634 1930 3692 lb.
1958 3639 2192 3712 παιγμοῦ
2214 3636 2284 3691 Θ.

1933 3724 2076 3793 1057
2124 3723 2237 3779 hoc
2263 3719 2463 3777 ordine
2508 3719 2570 3777 in
2597 3721 2684 3790 V.,
2727 3715 2843 3775 ἀντὶ
2876 3720 2970 3775 τοῦ
2993 3715 3268 3776 πόσα-ἐν
3300 3722 3368 3798 τῇ

1842 3809 1996 3890 χειρί.
2046 3809 2161 3868 ἀντὶ
2206 3815 2298 3866 τοῦ
2352 3809 2515 3865 εἰπεῖν
2568 3803 2707 3863 πόσα
2750 3806 2921 3884 κάρυα
2968 3803 3135 3883 ἔχεις,
3177 3804 3368 3871 πόσους

1841 3895 2053 3960 ὀδόντας
2081 3893 2218 3974 ἔχεις
2243 3884 2386 3952 εἶπεν
2412 3896 2481 3957 ὣς
2504 3891 2630 3971 πρὸς
2649 3898 2829 3973 γραῦν.
2854 3891 3027 3959 παίζει
3048 3889 3103 3947 δὲ
3125 3891 3272 3957 εἰδὼς
3288 3890 3368 3951 ὅτι

1843 3984 2043 4064 ἀπάρτι
2066 3981 2273 4050 ἐξέλιπε
2296 3983 2402 4038 τῶν
2428 3977 2669 4037 ὀδόντων.
2701 4000 2838 4037 —22
2858 3979 2948 4038 καὶ
2974 3980 3201 4060 περισσὰ
3225 3985 3369 4059 Reg.

1841 4071 2009 4150 κάρυα
2036 4062 2179 4128 εἶπεν
2201 4068 2313 4125 ἀντὶ
2340 4073 2431 4125 τοῦ
2453 4067 2581 4125 Ald.
2601 4105 2663 4117 -
2688 4070 2760 4124 23
2790 4065 2899 4146 ἔχω
2929 4073 2993 4125 R.
3024 4073 3094 4128 V.
3116 4070 3188 4127 Θ.
3208 4104 3272 4117 -
3292 4072 3370 4127 26

1841 4157 2073 4216 ἀποτίνει
2090 4159 2161 4217 Θ.
2185 4169 2243 4214 et
2268 4155 2487 4214 suidas.
2503 4152 2761 4212 ἀποτείνει
2786 4159 2853 4212 R.
2874 4159 2941 4209 V.
2964 4154 3089 4212 Ald.
3109 4159 3137 4212 ὁ
3157 4174 3271 4213 ou».
3292 4157 3366 4216 Θ.

1928 4245 2098 4320 ιο59,
2117 4247 2149 4302 3
2165 4265 2212 4301 1.
2233 4244 2564 4319 Ducangins
2583 4242 2645 4298 in
2668 4250 2820 4318 App.
2850 4264 2864 4299 ε
2891 4243 2935 4300 Γ
2936 4241 3157 4300 ωνιακὸν
3179 4287 3196 4316 ,
3249 4245 3363 4301 Cu·-

1842 4355 1996 4406 neus,
2021 4336 2239 4414 γόμφος,
2262 4336 2444 4389 Gallis
2465 4351 2545 4388 un
2566 4330 2728 4388 Coin.
2752 4334 2964 4387 Glossoe
2987 4336 3370 4390 interlineares

1844 4423 2019 4478 MSS.
2059 4428 2115 4476 in
2158 4420 2545 4495 Aristophanis
2589 4420 2816 4473 Plutum
2858 4438 2877 4472 .-
2917 4415 3008 4473 ἕνα
3054 4416 3156 4498 γὰρ
3207 4420 3373 4496 μόνον.

1842 4507 2063 4588 γόμφιον
2088 4513 2266 4589 φορεῖ,
2292 4502 2565 4582 γωνιακόν.
2601 4504 2756 4577 Quid
2795 4506 2959 4562 cunei
2998 4507 3211 4563 mentio
3251 4507 3370 4565 hue

1847 4596 2044 4666 faciat,
2068 4615 2182 4652 non
2210 4595 2378 4651 video
2409 4592 2717 4650 :dicuntur
2743 4592 2892 4649 enim
2925 4592 2983 4650 hi
3029 4591 3226 4651 dentes
3245 4638 3260 4664 ,
3301 4609 3366 4654 ut

1844 4703 2047 4741 revera
2073 4695 2207 4740 sunt
2227 4725 2244 4752 ,
2274 4689 2541 4759 γωνιαῖοι,
2571 4677 2850 4757 γωνιακοὶ,
2880 4699 3010 4756 quae
3057 4680 3238 4740 forma
3267 4702 3363 4742 re·-

1844 4772 2115 4829 centioris
2146 4771 2253 4828 aevi
2273 4812 2290 4840 ,
2334 4768 2499 4845 quasi
2532 4768 2861 4844 angulares,
2908 4769 2999 4824 vel
3041 4770 3317 4845 angularii
3347 4794 3361 4829 :

1844 4859 1927 4917 sic
1967 4865 2209 4936 γωνιαῖον
2255 4870 2420 4915 vetus
2462 4855 2875 4914 Onosmaticon
2917 4855 3361 4934 interpretatur3

1843 4946 2019 5023 idque
2046 4944 2391 5003 vocabulum
2424 4943 2627 5001 leviter
2653 4943 2714 5000 in
2755 4942 3040 5018 Hesychio
3071 4942 3358 5021 deprava-

1848 5045 1966 5092 tum
1997 5054 2009 5090 ε
2047 5034 2454 5111 Κεραλῆται,οί
2477 5029 2724 5113 γωνιαροὶ
2744 5027 2893 5088 λίθοι.
2925 5034 3143 5088 Ηιιιιετ.
