3859 5725
1808 225 2245 341 PRAEFATIO.

610 432 794 504 serre
823 431 1231 524 videbatur,
1269 450 1424 505 tum
1448 436 1511 506 si
1538 435 1809 532 quibus
1832 450 2064 509 totam
2095 435 2364 518 molem
2388 434 2863 529 scholiorum,
2891 464 3214 538 quorum
3237 466 3494 551 prope

609 578 909 653 dimidia
954 606 1120 680 pars
1168 581 1262 654 ab
1312 581 1627 656 indoctis
1688 585 2038 682 magistris
2085 582 2494 683 composita
2553 601 2703 675 est,
2757 586 3174 685 perlegendi
3229 590 3486 661 otium

606 752 759 799 non
790 743 897 800 est
931 742 1055 799 aut
1085 729 1411 818 animus,
1448 727 1651 802 utilia
1689 729 1935 801 omnia
1971 727 2086 801 his
2121 728 2404 826 paginis
2446 728 2764 803 breviter
2793 731 3015 805 relata
3056 734 3485 807 invenient.

610 883 786 950 Nam
817 876 963 949 hoc
999 878 1320 952 studiose
1361 892 1820 950 consectatus
1856 904 2021 950 sum
2062 903 2155 951 ne
2186 878 2593 976 quidquam
2634 883 3051 955 omitterem
3091 884 3301 983 quod
3331 909 3495 956 usu

604 1021 851 1119 aliquo
887 1047 1042 1094 esse
1074 1024 1326 1121 possit.
1361 1023 1753 1096 Sciendum
1786 1039 1891 1096 est
1919 1038 2168 1096 autem

899 1171 1221 1241 RoMAno
1258 1182 1332 1241 et
1365 1167 1639 1265 vulgari
1669 1135 2082 1242 charactere
2109 1171 2372 1269 scripta
2403 1194 2558 1242 esse
2589 1194 2857 1259 Poma-2,

898 1317 1177 1403 Italic-0,
1220 1341 1370 1389 esse
1407 1341 1991 1390 scuouAsunuu
2006 1371 2028 1408 ‚
2091 1302 2096 1308 ’

895 1464 1411 1563 parentheseos
1446 1467 1663 1563 signis
1703 1466 2148 1540 circumdata
2187 1490 2232 1539 a
2265 1491 2477 1540 noms

604 1607 856 1682 addita
914 1634 1065 1681 esse
1119 1608 1417 1708 quando
1466 1610 1951 1683 necessarium
2000 1609 2400 1683 videbatur.
2463 1611 2536 1684 Si
2590 1611 2754 1708 quis
2799 1610 3101 1708 repetita
3139 1609 3496 1708 quaedam

605 1757 880 1831 alicubi
913 1782 1067 1831 esse
1101 1772 1174 1830 et
1213 1758 1505 1832 brevius
1548 1758 2155 1857 commodiusque
2189 1757 2479 1856 disponi
2530 1758 2855 1857 potuisse
2901 1757 3494 1851 animadvertet,

610 1907 790 1980 scito
846 1933 980 1980 nos
1028 1908 1102 1981 id
1152 1924 1503 2010 spectasse
1553 1924 1637 1982 ut
1675 1909 1855 2007 quid
1903 1924 1974 1981 et
2014 1924 2372 2008 quantum
2415 1908 2508 1982 de
2566 1934 2858 2008 quaque
2909 1933 2990 1980 re
3046 1909 3124 1983 in
3170 1933 3498 2006 quoque

610 2057 776 2129 loco
826 2073 1056 2155 poetae
1101 2072 1226 2129 aut
1281 2056 1731 2131 scholiorum
1777 2057 2050 2155 legatur
2100 2072 2439 2156 appareat
2476 2084 2494 2128 ε
2525 2082 2688 2156 quae
2739 2057 3025 2133 notatio
3083 2059 3501 2131 contractis

610 2198 986 2277 nonnullis
1020 2200 1372 2297 periisset.

711 2342 1065 2415 Absolulo
1100 2343 1326 2416 indici
1363 2360 1617 2418 nostro
1661 2342 2167 2417 Kusterianum
2209 2342 2693 2431 contulimus,
2731 2356 2805 2415 et
2844 2365 3009 2439 quae
3043 2341 3122 2415 in
3159 2366 3253 2414 eo
3293 2339 3498 2415 vidi-

611 2513 772 2561 mus
830 2489 1047 2562 nobis
1091 2514 1244 2563 non
1303 2491 1556 2582 relata,
1597 2493 1806 2565 uncis
1848 2490 2134 2563 inclusa
2169 2513 2340 2563 cum
2394 2489 2692 2563 nomine
2753 2488 2980 2588 ipsius
3037 2485 3495 2586 adjecimus,

611 2662 1050 2739 quamquam
1089 2640 1183 2714 ab
1236 2657 1489 2715 nostro
1525 2642 1830 2716 consilio
1859 2640 2112 2716 aliena.
