3859 5725
1542 224 2058 300 L'YslsmA‘rAE.

3269 255 3387 309 407

1440 417 2195 510 LYSISTRATA.

329 632 696 686 Aac-muna
730 623 952 703 primus
990 620 1174 681 edidit
1215 625 1536 693 Kusterus,
1565 640 1638 680 ex
1664 640 1771 679 co-

246 713 403 787 dice,
445 726 512 772 ut
560 712 791 772 videtur
808 756 826 786 ,
870 711 1150 771 Palatino.
1196 708 1407 767 Codice
1442 715 1774 788 Augustano

250 821 384 860 usus
411 813 500 859 est
523 801 857 861 Brunckius.
883 803 1062 857 Dum.
1087 802 1235 858 Sunt
1253 798 1424 856 etiam
1449 798 1510 855 in
1538 800 1666 855 Put.
1680 838 1702 867 ,
1730 797 1771 855 i.

249 909 298 948 e.
324 890 592 966 exemplo
616 887 889 947 editionis
912 885 1323 959 Frobenianae‚
1364 884 1530 961 cujus
1558 886 1775 963 margi-

3243 593 3277 620 Π

2450 620 2791 683 SCHOLIA.

1937 768 2091 829 Ἐκλ.
2109 769 2407 854 -στρατόν
2436 771 2697 831 additum
2730 793 2803 832 ex
2829 778 2895 833 L.
2921 778 3049 834 Bar.

1942 878 1998 932 2,
2026 867 2093 926 14
2126 880 2257 940 φασι
2280 866 2591 920 PorsonuS.
2620 860 2788 920 Libri
2809 885 2958 942 φησι.
2978 899 3041 911 -—
3065 864 3133 922 15
3177 863 3282 923 δεῖν
3315 867 3390 925 R.

251 975 424 1035 nibus
466 975 739 1035 Claudius
784 979 1072 1032 Puteanus
1120 973 1338 1031 scholia
1388 974 1651 1051 ascripsit
1706 993 1777 1033 ex
1858 958 1919 1006 0²
1938 947 2143 1006 sumas
2176 968 2223 1006 ⁸·
2258 950 2482 1031 Πανικῷ
2516 949 2741 1028 δείματι·
2765 951 2955 1011 Cetefi
2981 953 3162 1011 3⁸3····
3186 973 3252 1026 ι7
3279 950 3393 1011 ἕστῑ

250 1065 404 1124 libro
432 1064 658 1142 optimo
694 1075 779 1137 et,
803 1063 852 1121 si
888 1062 1140 1120 novitias
1176 1061 1397 1139 aliquot
1423 1062 1639 1140 glossas
1668 1061 1777 1120 de-

255 1153 522 1225 traxeris,
565 1152 912 1209 Ravennatis
950 1149 1261 1208 simillima
1303 1155 1584 1211 Servatur
1608 1151 1670 1209 in
1688 1148 1780 1208 bi-

251 1237 543 1298 bliotheca
561 1238 750 1316 Regia.

330 1334 480 1384 Aac.
529 1332 579 1398 1,
624 1329 656 1384 3
682 1344 768 1402 sq.
805 1327 1066 1402 ὁμοιῶσαι
1095 1323 1150 1384 δὲ
1186 1327 1346 1385 άναπ.
1377 1324 1472 1401 μὲν
1500 1331 1610 1385 Ms.
1654 1330 1784 1384 Ku-

253 1416 408 1474 steri.
439 1416 626 1494 ὁμῶσα
647 1413 1035 1473 Baroccianus
1055 1414 1340 1494 (Gratiani
1358 1414 1430 1472 de
1450 1419 1507 1474 S.
1529 1415 1784 1488 Bavone,

254 1502 293 1561 i.
316 1523 367 1561 e.
409 1504 652 1562 Joannis
682 1500 927 1573 Alberfi,
969 1501 1030 1559 in
1064 1500 1348 1562 Observv.
1385 1503 1620 1562 miscell.
1643 1510 1786 1564 Am-

255 1591 465 1650 stelod.
501 1592 622 1650 vol.
658 1612 712 1666 7,
736 1610 795 1668 p.
821 1591 1070 1667 125).-
1095 1588 1129 1646 5
1156 1588 1403 1662 ἀλλήλοις
1449 1593 1784 1652 Brunckius.

257 1679 503 1751 ἀλλήλων
533 1686 603 1739 R.
647 1684 774 1739 Put.
817 1683 891 1739 Κ.
931 1679 994 1757 (i.
1038 1698 1088 1736 e.
1129 1679 1363 1736 Kusteri
1405 1680 1623 1759 editio).
1651 1724 1726 1736 ....
1750 1683 1785 1738 6

256 1767 516 1849 ἐμπριλὰς
545 1789 619 1827 ex
645 1772 714 1848 R.
754 1773 901 1846 Aug.
938 1766 1020 1845 [et
1060 1765 1214 1844 Bar.]
1237 1769 1479 1826 accessit
1512 1770 1665 1847 [Put.
1689 1771 1789 1850 ἐμ-

256 1855 470 1939 πρίλας]
499 1878 513 1912 ε
540 1856 806 1915 lacunam
829 1855 1026 1934 posuit
1049 1860 1354 1917 Kusterus.
1393 1860 1552 1915 Fort.
1594 1859 1648 1915 ἐν
1682 1857 1789 1917 πύ-

256 1944 393 2012 λαις.
440 1944 553 2003 Sed
615 1943 970 2002 desideratnr
1030 1942 1206 2000 etiam
1261 1942 1506 2003 verbum
1560 1945 1789 2004 finitum

258 2032 617 2109 respondens
671 2030 944 2110 proximo
997 2026 1131 2100 αὐτὴ
1189 2026 1558 2113 δὲ-ἀπαντᾷ,
1602 2037 1789 2093 Dum.

259 2119 477 2179 Fabula
516 2119 646 2198 ipsa
676 2132 734 2176 et
766 2138 894 2196 quae
931 2130 1260 2196 sequuntur
1281 2117 1421 2198 μετὰ
1454 2122 1560 2179 τῶν
1586 2122 1790 2183 οἰκείων

263 2206 576 2265 monstrosi
603 2206 871 2265 vocabuli
902 2207 1323 2266 correctionem
1343 2222 1561 2268 certam
1589 2224 1790 2270 osten·

261 2301 408 2362 dunt
447 2289 882 2374 ElcnPiAAC,
920 2302 992 2368 εἰς
1028 2301 1313 2382 πατρίδας,
1349 2317 1415 2363 ut
1456 2307 1533 2364 sit
1565 2304 1660 2375 τὰς
1696 2306 1792 2387 μὲν

261 2390 363 2461 ἔξω
385 2392 636 2461 (exteras
660 2389 946 2470 mulieres)
965 2388 1218 2456 ἀπιούσας
1249 2393 1322 2459 εἷς
1344 2394 1623 2473 πατρίδας.
1649 2400 1790 2454 Nam

261 2477 509 2548 ἰξωπίους
534 2498 770 2557 quoque
813 2478 887 2537 ab
939 2478 1053 2536 hoc
1079 2479 1211 2536 loco
1257 2480 1510 2540 alienum
1559 2496 1663 2542 est.
1719 2489 1789 2544 R.

259 2572 390 2627 Put.
422 2566 835 2626 καταλείπουσα.
856 2566 1098 2625 Defendi
1135 2578 1328 2643 potest
1349 2579 1638 2627 structura
1667 2572 1793 2631 sine

259 2655 446 2715 verbo
487 2656 680 2728 finito,
721 2675 1069 2734 quamquam
1114 2655 1403 2733 integrum
1441 2678 1566 2716 esse
1600 2658 1790 2719 locum

262 2746 499 2804 minime
521 2745 993 2824 praestiterim.—
1009 2765 1079 2802 10
1098 2741 1311 2823 ὀλίγων,
1347 2766 1370 2802 1
1390 2766 1409 2802 ι
1438 2744 1689 2815 τοξευτῶν
1710 2754 1788 2808 K.

261 2867 341 2881 —-
365 2844 434 2904 14
466 2830 802 2916 ἐπιτρίψουσι
819 2835 1168 2913 Brunckius,
1188 2837 1473 2895 incertum
1497 2834 1569 2895 de
1593 2855 1699 2895 suo
1719 2856 1791 2896 an

261 2943 337 2981 ex
372 2921 575 2981 codice
593 2930 739 2999 Aug.
778 2921 1115 3003 ἐπιτρέπουσι
1149 2928 1213 2983 R.
1251 2929 1379 2982 Put.
1404 2925 1474 2984 K.
1495 2962 1557 2973 —
1582 2926 1652 2982 15
1688 2949 1792 2983 τα-

260 3014 534 3089 μιεύονται
551 3015 678 3069 Put.
701 3014 778 3068 Κ.
794 3046 860 3059 —-
884 3013 951 3067 16
972 3011 1382 3071 καταπαύσωσιν
1403 3018 1471 3073 R.
1495 3018 1621 3072 Put.
1644 3018 1791 3093 Aug.

260 3139 323 3150 —
352 3121 422 3174 17
444 3097 803 3176 καταπληγεὶς
825 3105 897 3159 R.
926 3104 1053 3157 Put.
1071 3100 1133 3159 τὸ
1162 3102 1351 3182 θράσος
1376 3107 1453 3161 K.
1485 3107 1695 3161 Put.-
1717 3123 1783 3161 αι

259 3191 670 3269 ἐγκαρτεροῦσαι
695 3191 769 3244 Κ.
797 3191 924 3244 Put.
944 3223 1007 3236 —
1023 3189 1117 3245 23.
1144 3193 1232 3248 Ex
1251 3190 1363 3248 loci
1392 3191 1676 3248 sententia
1703 3191 1793 3249 sa-

258 3278 370 3336 cile
410 3275 750 3353 intelligitur
793 3273 934 3352 quid
972 3275 1250 3353 significet
1288 3278 1662 3355 participium
1695 3301 1794 3356 χυ-

257 3368 592 3446 τροτομοῧσα
608 3408 625 3437 ,
657 3366 908 3432 irridens,
945 3364 1175 3421 ludibrio
1217 3366 1449 3438 habens,
1478 3369 1791 3441 Iudficans.

261 3454 595 3514 Genuinum
649 3470 773 3510 esse
818 3456 1083 3510 Graecum
1156 3453 1402 3512 verbum
1450 3463 1791 3535 χυτροτομεῖν

259 3563 369 3601 nec
406 3542 698 3599 affirmare
732 3559 837 3598 nec
874 3559 1084 3616 negare
1125 3543 1308 3599 ausim
1335 3564 1348 3598 :
1378 3542 1590 3620 quibus
1624 3564 1792 3602 secus

257 3630 552 3690 videbitur
570 3675 588 3704 ‚
645 3648 754 3708 per
821 3647 915 3687 me
982 3629 1115 3687 licet
1176 3628 1369 3707 legant
1439 3637 1788 3712 κερτομοῦσα.

256 3726 524 3780 Βιυιιοι.
551 3716 943 3796 ἀπαγγέλλεται
969 3722 1095 3775 Put.
1117 3754 1182 3767 -
1211 3726 1282 3786 24
1325 3717 1632 3788 σπουδάζειν
1654 3724 1783 3777 Put.

256 3810 415 3865 ...26
440 3805 806 3884 ἐμφανίζοντες
839 3801 952 3881 ἅμα
987 3803 1078 3862 καὶ
1120 3802 1215 3874 τὰς
1247 3804 1505 3886 προτέρας
1538 3813 1790 3884 γυναῖκας

258 3896 408 3957 scire
422 3895 596 3953 velim
616 3890 913 3971 quomodo
935 3891 1323 3953 intellexerint
1343 3895 1616 3954 editores.
1642 3895 1789 3953 Mihi

256 3997 396 4045 sunt
419 3981 687 4053 tenebrae,
710 3981 821 4038 nisi
841 3979 1057 4040 scribas
1081 3980 1445 4065 ἐμφανίζοντες
1474 3983 1589 4062 ἅμα
1610 3982 1702 4042 καὶ
1723 3981 1790 4043 τὰ

256 4069 382 4151 περὶ
408 4070 503 4136 τὰς
519 4077 862 4146 γυναῖκας.-
884 4088 955 4142 27
979 4070 1028 4126 οἱ
1049 4067 1309 4140 Ἀθηναῖοι
1333 4070 1561 4128 addidit
1582 4076 1792 4130 Kuste-

259 4180 381 4218 rns.
417 4163 556 4217 Post
589 4155 838 4240 πρέσόεις
875 4157 935 4213 in
991 4157 1141 4234 Aug.
1188 4169 1275 4215 est
1325 4158 1532 4216 lacuna
1549 4201 1565 4227 ,
1613 4178 1787 4236 quam

257 4248 580 4307 Brunckius
631 4245 890 4325 quinque
943 4244 1173 4322 punctis
1214 4244 1558 4321 designavit.
1595 4279 1671 4292 —
1712 4259 1785 4310 32

256 4333 662 4412 ἀναμνήσασθαι
682 4336 761 4391 Κ.
793 4333 948 4405 Put.,
971 4332 1032 4389 in
1058 4352 1177 4409 quo
1201 4332 1386 4389 inesse
1414 4345 1657 4409 possunt
1680 4354 1788 4393 ve-

257 4423 425 4499 stigia
449 4420 724 4479 vocabuli
751 4418 956 4500 φιλίας,
999 4419 1155 4497 quod
1197 4419 1312 4478 hoc
1344 4419 1475 4479 loco
1509 4421 1787 4482 excidisse

257 4522 427 4588 puto·
458 4512 554 4579 τῆς
593 4528 707 4566 om.
746 4513 813 4564 R.
851 4513 979 4566 Put.
1020 4515 1168 4585 Aug.
1213 4505 1787 4586 παλαιὰς-γενομένας

255 4602 407 4674 Aug.
433 4602 560 4656 Put.
579 4630 636 4643 —
657 4597 730 4655 33
755 4593 1035 4674 γενομένας
1056 4600 1128 4653 K.
1154 4595 1353 4662 εὐνοίας
1375 4596 1448 4655 de
1469 4616 1576 4656 suo
1611 4595 1783 4656 addi-

257 4684 348 4743 dit
369 4690 673 4744 Kusterus.
700 4722 764 4735 -
783 4687 854 4753 34
891 4682 1138 4748 ἑκάστους
1158 4688 1236 4743 Κ.
1254 4719 1317 4732 -
1342 4684 1416 4742 35
1455 4682 1781 4766 Κλεόκριτον

255 4775 387 4830 Put.
412 4769 709 4852 Λεώκριτον
732 4775 809 4829 K.
831 4775 932 4829 Est
953 4769 1169 4848 olymp.
1194 4790 1268 4847 92
1291 4791 1425 4829 ann.
1455 4791 1503 4829 1.

338 4866 488 4920 Δια.
529 4864 603 4919 11.
630 4857 823 4941 Ἀριστ.
865 4881 949 4940 γρ.
991 4858 1214 4918 addidit
1243 4859 1680 4918 Dindorfius.-
1713 4880 1782 4919 10

255 4947 517 5025 τιθέμενοι
539 4962 603 5010 et
626 4946 876 5031 ἐξώρισαν
900 4949 1243 5011 Brunckius.
1286 4948 1448 5008 Libri
1481 4946 1781 5030 ἐξίρρησαν.

435 5126 603 5175 Senot.
630 5128 884 5174 murore.

1862 1044 1927 1098 L.
1953 1041 2142 1099 Ceteri
2160 1037 2257 1099 ὅτι.
2273 1077 2341 1090 -
2365 1044 2435 1101 18
2462 1042 2761 1120 ἐκκείμενος
2785 1045 3039 1102 restituit
3061 1044 3394 1103 Dindorfius

1862 1150 1936 1188 ex
1955 1130 2164 1188 Photio
2196 1150 2255 1208 p.
2286 1133 2418 1206 196,
2455 1132 2546 1205 15,
2571 1132 2646 1191 ad
2682 1134 2937 1212 HStepb.
2973 1134 3142 1194 Thes.
3178 1155 3235 1193 v.
3266 1135 3396 1194 Κω-

1864 1215 2013 1291 λιάς,
2038 1231 2096 1276 et
2123 1216 2301 1295 ὅμοιος
2329 1239 2404 1278 ex
2424 1220 2630 1280 eodem
2652 1222 2863 1281 Photio
2904 1233 2964 1281 et
2996 1228 3070 1282 R.
3103 1223 3197 1283 καὶ
3216 1225 3268 1283 οἱ
3299 1222 3394 1301 μὲν

1866 1308 2124 1372 οἰκοῦντες
2143 1307 2323 1382 (ἐνοικ.
2352 1310 2445 1381 K.)
2471 1314 2537 1367 L.
2561 1314 2709 1368 K.-
2729 1330 2798 1386 19
2821 1312 2865 1370 Γ
2869 1333 2938 1368 εν.
2964 1309 3065 1391 γὰρ
3087 1318 3153 1372 R.

1950 1395 2006 1468 8,
2037 1404 2110 1464 al.
2134 1394 2597 1477 ἔσκυθρωπακέναι
2632 1403 2725 1475 L.,
2765 1399 2837 1455 25
2866 1403 3100 1458 τοιοῦτον
3141 1403 3207 1457 L.
3247 1404 3396 1470 Bar„

1871 1503 1942 1556 27
1969 1481 2251 1563 κυανέῃσιν
2273 1490 2405 1545 Bar.
2450 1486 2640 1546 Ceteri
2671 1486 3398 1568 ἐσκυθρωπηκέναι-τοιοῦτο

1867 1570 2327 1631 -κυανέοισιν.-
2348 1575 2421 1633 28
2467 1573 2589 1639 Διὸς
2630 1572 2872 1650 μέτωπον
2908 1575 3086 1633 schol.
3130 1581 3299 1636 Hom.
3327 1577 3396 1634 ΙΙ.

1869 1661 1954 1732 Ο,
1992 1680 2095 1718 101
2135 1673 2195 1719 et
2223 1661 2433 1721 Snidas
2469 1683 2513 1722 s.
2559 1660 2885 1730 Τοξοποιεῖν.
2922 1664 3113 1724 Ceteri
3151 1663 3396 1741 μέτωπον

1870 1746 2012 1815 Διὸς.
2040 1749 2233 1829 ἕκταθῇ
2263 1750 2441 1809 schol.
2481 1754 2651 1809 Hom.
2691 1752 2915 1830 ἐκτανθῇ
2945 1759 3006 1810 L.
3032 1753 3087 1810 ἐν
3131 1756 3298 1834 ταύτῃ
3325 1755 3396 1813 Κ.

1871 1834 2024 1909 ἰάνθη
2048 1836 2269 1896 suidas.

1961 1945 2054 1997 17,
2079 1927 2148 1983 31
2176 1922 2576 2006 ἐστράγγευσειν
2605 1930 2926 2005 Berglerus.
2951 1928 3294 2008 ἕστράγευσεν
3327 1936 3397 1990 R.

1871 2013 2060 2072 Ceteri
2097 2012 2457 2096 ἐστράτευσεν.
2496 2019 2624 2073 Bar.
2650 2016 2709 2073 in
2737 2017 2849 2074 fine
2886 2017 3126 2077 scholii:
3155 2019 3402 2094 σημαίνει

1873 2100 1930 2160 δὲ
1970 2108 2005 2175 ἡ
2049 2101 2185 2169 λέξις
2229 2103 2321 2163 καὶ
2347 2102 2410 2162 τὸ
2446 2103 2752 2163 ἐπικόπτειν
2782 2104 2873 2165 καὶ
2908 2109 3229 2188 στρατεύειν.
3270 2114 3399 2167 Put.

1874 2188 2128 2272 διέτριὸεν
2146 2236 2163 2265 ,
2199 2190 2578 2252 ἀνεὸάλετο.-ι-
2598 2196 2670 2253 33
2713 2192 2803 2252 καὶ
2838 2192 3128 2276 χαριέντως
3155 2201 3224 2254 R.
3250 2197 3399 2255 Ede-

1872 2278 2049 2338 batur
2072 2278 2162 2338 καὶ
2187 2278 2415 2362 χάριτες.
2456 2281 2721 2342 Verbum
2748 2284 2821 2343 de
2859 2303 2968 2342 suo
3004 2284 3231 2344 addidit
3248 2286 3398 2345 Din-

1875 2369 2114 2427 dorfius.

1956 2477 2033 2515 ao
2057 2461 2181 2515 Put.
2206 2458 2465 2537 ἀναγκαῖα
2485 2458 2574 2519 καὶ
2597 2458 2701 2542 πρὸ
2718 2459 2945 2520 πάντων.

1957 2545 2032 2604 25
2056 2550 2183 2604 Put.
2208 2546 2329 2626 περὶ
2355 2547 2550 2608 αἰδοίου
2569 2539 2629 2608 οὗ
2655 2548 3101 2630 καταλαμὸάνεις.
3127 2590 3184 2602 -
3209 2561 3239 2620 4
3266 2544 3400 2613 εἶναι

1874 2652 1989 2691 om.
2017 2636 2077 2690 L.
2099 2635 2173 2690 Κ.
2193 2634 2310 2691 -5
2333 2634 2506 2704 καθὼς
2528 2634 2595 2695 σὺ
2619 2640 2688 2696 R.
2713 2640 2840 2698 Bar.

1957 2740 2054 2794 27,
2102 2724 2137 2781 6
2170 2722 2468 2803 ηὑρημένον
2497 2726 2667 2784 etiam
2701 2726 2907 2786 Suidas
2933 2746 2979 2786 s.
3005 2725 3402 2810 ΪΕρριπτασμέ-

1873 2831 1982 2868 νον.
2027 2814 2091 2871 L.
2130 2811 2426 2894 ἠρρημένον
2443 2858 2460 2886 ,
2503 2813 2661 2892 quod
2710 2814 3022 2896 ἐρριμμένον
3066 2836 3189 2877 esse
3230 2837 3402 2896 posse

1875 2898 2345 2959 animadvertunt
2395 2903 2737 2962 Gaissordus
2781 2904 2854 2962 ad
2901 2904 3134 2963 Suidam
3175 2919 3235 2965 et
3273 2911 3403 2965 Do-

1877 2983 2077 3044 broeus.
2118 2986 2404 3067 εὑρημένον
2450 2995 2579 3049 Bar.
2608 3026 2670 3038 —
2707 3011 2739 3063 7
2793 3016 2817 3042 α
2846 2997 3170 3072 στροφᾶσθαι
3222 2994 3401 3071 (quod

1875 3078 2216 3154 στρωφᾶσθαι
2264 3077 2460 3154 potius
2514 3078 2927 3155 scribendum)
2964 3084 3030 3137 L.
3070 3105 3094 3131 n
3137 3083 3398 3156 Dindotf

1874 3165 2157 3220 Kusterus
2184 3183 2256 3221 ex
2281 3164 2484 3223 eodem
2507 3166 2706 3224 codice
2728 3164 3099 3246 προφεύεσθαι
3122 3182 3401 3229 enotave-

1876 3260 1986 3305 rat.
2001 3284 2065 3296 -
2081 3270 2118 3326 9
2141 3272 2333 3332 μεταφ.
2356 3260 2525 3310 ποιεῖν
2546 3258 2698 3326 Bar„
2722 3254 2823 3330 qui
2843 3257 3139 3331 sequentia
3164 3259 3398 3317 omittit.

1876 3336 2085 3395 Suidas
2115 3337 2260 3406 ὅπως
2281 3333 2337 3398 εὗ
2369 3338 2515 3419 ἔλθῃ.
2548 3340 2929 3400 Scribendum
2954 3343 3187 3403 videtur
3223 3343 3321 3411 ἕως
3343 3338 3403 3405 εὗ

1875 3421 2097 3502 ἔλθῃ.-
2122 3447 2193 3484 1o
2213 3425 2368 3508 ἄχρις
2392 3424 2454 3485 ἂν
2480 3431 2664 3508 εὑρεθῇ
2688 3427 2751 3488 τὸ
2779 3430 3000 3490 Suidas.
3323 3475 3327 3479 «

1893 3589 1926 3658 ἶ
1958 3514 2054 3588 33,
2091 3515 2159 3572 15
2184 3519 2315 3594 ἡμῖν
2346 3538 2405 3574 τε
2436 3514 2556 3583 τοὺς
2577 3516 3020 3595 Λακεδαιμονίους
3064 3521 3132 3580 R.
3169 3523 3405 3583 Excidit

1875 3621 2028 3660 εναμ

1957 3690 2052 3760 36,
2079 3709 2147 3747 21
2177 3711 2263 3769 sq.
2288 3689 2797 3774 ᾤκουν-Ἐγχελεῖς
2812 3695 3007 3755 addita
3038 3716 3110 3755 ex
3136 3702 3206 3757 R.
3233 3702 3400 3763 conf.

1873 3779 2091 3855 Unger.
2119 3779 2406 3839 Paradox.
2430 3781 2613 3842 Theb.
2638 3788 2684 3855 1,
2719 3803 2777 3861 p.
2799 3804 2875 3843 ao
2896 3805 3095 3863 sqq.-
3115 3806 3189 3843 aa
3209 3777 3284 3846 ὧν
3310 3789 3400 3848 καὶ

1873 3870 2112 3935 L.-24
2147 3867 2307 3926 addit
2343 3872 2474 3927 Bar.
2506 3867 2621 3929 ὅθεν
2645 3870 2735 3931 καὶ
2769 3874 2816 3930 οἱ
2842 3872 3114 3951 λεγόμενοι
3135 3873 3401 3955 ἰγχέλιις,

1872 3952 1993 4034 περὶ
2017 3944 2090 4012 ὧν
2112 3976 2270 4036 φησιν
2292 3954 2603 4025 Ἑλλάνικος
2619 3958 2674 4016 ἐν
2701 3966 2808 4025 τοῖς
2833 3961 3156 4028 Bam-moin.

1955 4043 2053 4116 43,
2080 4045 2155 4101 3ο
2175 4041 2536 4103 scribebatur
2557 4046 2851 4129 ψιμμυθίῳ.

1955 4129 2051 4198 45,
2085 4131 2156 4189 32
2197 4130 2496 4213 Κιμὸερίνα
2535 4137 2605 4192 R.
2637 4132 2972 4214 Κιμὸερῖναῖ
2992 4137 3299 4218 Ταραντῖνα
3329 4146 3398 4200 R.

1872 4217 2064 4277 Ceteri
2091 4220 2411 4299 Ταραντινά.
2433 4221 2589 4280 -33
2623 4242 2708 4300 sq.
2747 4225 2797 4280 οἱ
2832 4223 3014 4282 στατοὶ
3050 4226 3099 4283 οἱ
3146 4225 3287 4308 ὀρθοὶ
3317 4228 3396 4308 (οἱ

1870 4303 2052 4364 στατοί
2071 4324 2322 4383 superne
2343 4307 2698 4387 adscriptum
2721 4311 2781 4369 in
2805 4310 2896 4389 L.)
2913 4315 3130 4391 χιτῶνες
3148 4314 3401 4394 ὀρθοστά-

1869 4393 1973 4452 διοι
1993 4393 2279 4452 καλοῦνται
2307 4398 2372 4454 L.
2396 4400 2471 4454 K.
2491 4434 2555 4447 -
2574 4398 2651 4455 36
2672 4395 2851 4456 λαὸὼν
2875 4419 2990 4457 om.
3019 4403 3146 4458 Bar.

1953 4481 2048 4555 48,
2081 4482 2157 4559 39
2185 4480 2242 4542 δὲ
2283 4482 2481 4560 βοτάνη
2520 4489 2670 4544 R.—
2707 4493 2780 4553 42
2805 4490 3047 4565 φαίνεται
3077 4491 3206 4546 Bar.
3235 4524 3297 4537 —
3318 4498 3391 4561 44

1865 4566 1935 4629 τὰ
1957 4590 2071 4629 orn.
2098 4575 2169 4630 R.

1949 4658 2047 4730 55,
2072 4665 2146 4731 47
2178 4658 2260 4716 sic
2285 4663 2356 4717 R.
2388 4660 2578 4719 Ceteri
2605 4661 2690 4721 Οὔ
2716 4658 2820 4742 γὰρ
2857 4658 2983 4742 (γὰρ
3022 4682 3138 4722 om.
3181 4665 3273 4742 L.)
3313 4667 3390 4744 μὰ

1866 4744 1970 4805 Δία
1991 4743 2128 4823 μετὰ
2161 4749 2243 4828 βρ.
2272 4752 2344 4809 R.
2377 4745 2714 4830 βραδύτητος.

1948 4835 2045 4908 56,
2076 4834 2145 4891 51
2173 4833 2401 4912 dapne&
2429 4856 2544 4896 om.
2572 4842 2637 4896 L.
2661 4841 2734 4896 K.
2758 4834 2794 4909 ἢ
2821 4844 2949 4898 Bar.
2977 4859 3084 4917 pro
3103 4832 3229 4901 οἷον.

1950 4924 2045 4994 58,
2078 4922 2152 4981 53
2179 4922 2408 5003 διῃρεῖτο
2428 4923 2562 4983 libri
2587 4938 2792 5004 praeter
2810 4931 2899 4988 R..
2926 4929 3028 5007 qui
3050 4931 3152 5011 γὰρ
3176 4952 3293 4992 om.
3310 4966 3389 4981 -

1877 5031 1899 5069 1
1935 5009 1989 5070 δὲ
2009 5031 2079 5071 ex
2101 5015 2169 5070 R.
2192 5012 2449 5072 accessit.
2466 5050 2529 5063 —
2550 5016 2581 5073 3
2601 5016 2679 5095 τῷ
2700 5014 2850 5074 ἄστει
2883 5020 3009 5075 Bar.
3031 5016 3233 5099 περὶτὸ
3257 5018 3389 5080 ἄστυ

3143 5135 3203 5183 32
