3859 5725
473 251 581 313 ⁶0⁴

1621 243 2064 305 ADNoTATlo
2105 243 2189 303 IN
2228 243 2495 306 scnol..

562 380 733 451 1061,
759 377 836 435 35
869 374 1496 457 Ἐφύὸριστον-πλυνὸς
1525 372 1582 433 δὲ
1614 395 1731 435 0111.
1776 379 1847 434 lt.
1877 374 2009 455 ἒφύ-
2096 380 2299 434 Graeca
2322 398 2336 434 :
2363 378 2410 434 oi
2440 374 2674 446 κάπηλοί
2702 397 2796 434 σου
2828 375 3079 453 μίσγουσι
3099 373 3191 434 τὸν
3247 363 3426 432 οἶνον
3455 370 3616 430 ὕδατι.
3637 400 3656 424 ι

476 466 688 549 ὅριστον
711 467 896 543 πλῦμα
924 483 1041 524 0111.
1067 470 1160 536 V.,
1186 465 1288 541 qui
1307 463 1431 541 ejus
1462 464 1591 521 loco
1612 464 1780 542 ponit
1803 484 2010 539 κακεμ-

2098 467 2320 521 Hntsr.
2348 461 2434 521 lb.
2473 460 2882 540 συμμιγνύοντες
2924 467 2994 520 R.
3029 466 3358 520 Praeterea
3395 460 3468 517 in
3507 463 3578 519 R.
3606 459 3658 516 111

476 554 660 635 φάτως
685 552 774 612 ἐπὶ
806 551 1081 617 συνουσίας
1106 546 1221 610 εἶπε
1240 550 1298 610 τὸ
1321 548 1595 609 ἐκπλύνειν
1613 596 1628 621 ,
1657 572 1788 629 quae
1827 550 1900 608 ad
1920 553 2014 609 ἐκ-
2100 551 2155 609 11.
2183 571 2237 608 v.
2284 551 2559 628 scriptum
2596 548 2725 629 ὅπερ
2757 551 3097 628 ἡμερωτικὶἶκ
3132 546 3496 626 λεγομένας.
3526 582 3584 593 -
3605 548 3654 602 51

476 640 686 701 πλόνειι
716 652 975 718 spectant
1002 660 1057 697 ν.
1092 642 1258 699 1062.
1279 675 1340 690 —
1366 640 1438 696 36
1463 637 1563 721 γὰρ
1587 636 1662 706 ὀξ.
1683 644 1755 697 V.

2099 641 2422 715 κωμωτικῶς
2442 639 2515 697 Θ.
2539 635 2762 701 ΙἈλλως.
2784 639 3136 712 κωμαστικῶς
3161 638 3358 695 lunt.
3393 634 3660 713 ἑψιμ--Θ-

566 732 736 801 1062,
761 729 833 795 43
861 726 1028 807 τύχης
1046 733 1113 787 R.
1140 725 1464 807 ὢφεληθειήν
1498 732 1567 783 V.
1593 746 1709 784 om.
1750 732 1820 785 G.
1845 762 1908 775 —
1938 726 2011 795 45
2101 729 2396 807 ἐψυμμ--Ι
2406 739 2528 784 11111.
2546 762 2608 773 -
2635 726 2710 782 52
2745 722 2939 802 ἔχουσα
2969 725 3236 782 additum
3279 743 3374 781 ex
3427 723 3508 781 Θ.
3531 759 3590 770 -
3611 726 3661 789 35

480 814 752 878 ἓκπλύνειν
776 821 847 873 V.
873 818 994 873 sine
1023 838 1099 874 σε.

569 907 738 974 1063,
761 904 834 960 50
858 901 1126 960 νοθεύουσι
1145 899 1235 959 τὸν
1256 890 1393 958 οἶνον
1418 906 1489 960 R.
1520 900 1611 958 καὶ
1634 897 2014 980 τὸν-σαπρόν

482 1009 597 1049 0111.
619 996 688 1049 V.
704 986 1064 1066 μωθυλεύουσι
1082 990 1154 1047 Θ.
1174 983 1521 1045 νωθυλιῦουσι
1536 986 1657 1044 Α111.
1689 983 2017 1045 ὀνθυλεόουσι

482 1078 689 1138 Suidas
739 1098 783 1136 s.
840 1077 1170 1146 Καπηλικῶς
1221 1086 1278 1130 ct
1330 1074 1659 1133 Eustathius
1713 1093 1770 1151 p.
1846 1075 2016 1150 ¹3²9·

485 1192 511 1217 ι
532 1165 766 1242 Alioqui
791 1163 1090 1240 legendum
1127 1163 1310 1220 suerat
1329 1160 1594 1220 νοθεύουσι
1610 1206 1626 1234 ,
1651 1162 1807 1239 quod
1832 1179 2019 1238 neque

484 1254 675 1330 ipsum
710 1253 770 1309 in
805 1249 1182 1308 adulterando
1206 1251 1346 1307 vino
1380 1263 1466 1308 est
1501 1252 1784 1326 ignotum.
1823 1246 2018 1308 Ὀνθυ-

485 1339 656 1398 λεύειν
687 1352 879 1397 autem
902 1337 1204 1409 dixerunt,
1233 1349 1292 1396 et
1316 1336 1648 1415 μονθυλεύειν
1671 1359 1685 1373 ·
1718 1335 1876 1414 quod
1914 1355 2022 1415 po-

488 1427 695 1485 sterius
716 1427 822 1483 etsi
852 1426 1130 1482 facessere
1140 1423 1341 1501 jubeat
1380 1423 1683 1500 Phrynich.
1714 1443 1770 1501 p.
1796 1422 1893 1495 64,
1914 1443 2022 1480 ex-

490 1533 712 1593 ponens
741 1511 1032 1590 μολύνοντα
1052 1511 1347 1593 ταράττειν,
1366 1524 1642 1589 utrasque
1662 1523 1851 1568 tamen
1871 1511 2026 1569 ὀνθυ-

488 1599 687 1666 λεύσεις
704 1612 760 1658 et
781 1595 1141 1677 μονθυλεύσεις
1171 1617 1332 1675 aeque
1363 1597 1566 1676 dignas
1592 1597 1794 1655 habuit
1823 1598 2025 1655 Pollux

493 1708 635 1767 quas
661 1688 973 1746 adnotaret
994 1689 1058 1759 6,
1103 1687 1199 1760 60,
1231 1685 1519 1751 ὀνθυλεύεις
1549 1686 1676 1744 5010
1722 1698 2027 1744 contentus

497 1778 661 1853 §91,
703 1796 1030 1853 quanquam
1071 1774 1176 1846 ibi,
1208 1774 1532 1837 tacentibus
1566 1775 1804 1852 reliquis
1842 1779 2023 1844 MSS„

496 1863 1058 1941 Falckenburgianus
1085 1863 1350 1921 ostendat
1393 1861 1750 1941 βονθυλεύειν,
1791 1863 2030 1940 perinde

496 1971 563 2009 ac
583 1952 883 2030 superiore
910 1952 1035 2010 loco
1066 1949 1418 2029 βονθυλεῦσιις
1440 1973 1453 1987 ·
1479 1950 1791 2028 depravate
1813 1950 2032 2006 scilicet

499 2050 607 2117 pr‘o
637 2036 987 2116 μονθυλεύειν.
1016 2043 1218 2115 Neque
1243 2038 1453 2096 dubito
1475 2038 1617 2114 quin
1638 2058 1711 2096 ex
1746 2035 2033 2113 ejusmodi

499 2146 695 2186 errore
734 2125 1059 2204 prodierint
1108 2126 1380 2202 Hesychii
1433 2123 1861 2201 Βομὸυλεύματα
1884 2166 1899 2193 ,
1940 2123 2031 2181 vel

502 2215 695 2292 potius
715 2258 732 2285 ‚
766 2226 831 2271 ut
858 2213 1037 2271 scribi
1070 2212 1284 2270 debent
1310 2258 1327 2286 ,
1354 2211 1556 2270 ordine
1585 2231 1818 2289 quoque
1850 2230 2031 2267 voca-

502 2301 775 2361 bulorum
816 2320 931 2358 non
958 2313 1352 2378 repugnante,
1402 2299 1825 2375 Βονθυλεύματα.
1860 2297 2033 2368 Quod

503 2387 744 2448 Casaub.
771 2388 844 2446 ad
873 2388 1079 2446 Athen.
1117 2409 1163 2459 1,
1199 2398 1256 2463 4,
1283 2399 1502 2457 censet,
1535 2393 1796 2463 originem
1819 2389 2038 2442 dedisse

505 2478 631 2533 huic
658 2481 784 2531 voci
815 2480 1009 2531 coloris
1030 2478 1280 2549 aliquam
1304 2477 1712 2531 similitudinem
1739 2480 1884 2530 inter
1906 2494 2035 2529 con—

504 2566 804 2634 dimentum
827 2566 907 2619 ita
930 2577 1185 2619 vocatum
1196 2605 1215 2632 ‚
1253 2577 1309 2619 et
1332 2583 1528 2619 veram
1558 2561 1705 2621 ὄνθον
1719 2607 1734 2636 ,
1759 2581 2036 2640 perquam

510 2663 737 2707 tenuem
761 2648 935 2706 habet
960 2649 1083 2706 veri
1112 2649 1361 2726 speciem
1392 2672 1404 2704 :
1443 2649 1713 2724 equidem
1746 2647 1898 2706 haud
1925 2646 2037 2705 ad—

507 2756 749 2815 sperner
770 2736 989 2794 Kuhnii
1012 2738 1290 2794 rationem
1317 2736 1391 2794 ad
1420 2734 1633 2796 Polluc.
1663 2738 1718 2808 6,
1746 2756 1844 2812 91,
1864 2754 2039 2813 quam

510 2824 673 2884 fulcit
700 2824 884 2903 prima
917 2822 1076 2883 verbi
1108 2836 1359 2902 potestas
1391 2844 1462 2882 ex
1490 2823 1728 2882 vetustis
1756 2842 2042 2901 gramma-

511 2915 639 2973 ticis
672 2935 705 2973 a
737 2913 915 2973 suida
942 2927 1276 2972 conservata
1308 2913 1365 2970 in
1398 2910 1837 2988 Ὡνθυλευμένος,
1879 2916 1909 2970 ὁ
1945 2933 2041 2969 κο·-

510 3001 667 3081 πρίας
697 2998 875 3079 γέμων
897 3023 912 3038 ·
958 3001 1252 3078 quomodo
1295 3000 1413 3057 dici
1457 3000 1648 3078 potuit
1695 3013 2041 3058 stercoratus

513 3110 676 3167 ager,
708 3101 765 3146 et
817 3089 1100 3147 laetamine
1119 3099 1440 3146 saturatus:
1474 3108 1581 3145 nec
1613 3088 1921 3164 quicquam
1949 3088 2041 3144 of-

513 3179 714 3236 ficiunt
747 3197 875 3255 quae
921 3198 954 3234 a
1000 3176 1292 3255 Stephano
1337 3176 1711 3253 prose-untur
1766 3176 1937 3234 Thes.
1984 3174 2042 3231 in

515 3263 867 3325 Ὀνθυλεύιιν.
892 3265 1223 3338 Duc-angius
1242 3263 1488 3321 adscivit
1504 3261 1851 3333 Μονθηλευτή
1866 3284 1879 3298 ·
1902 3264 2045 3321 Pha-

517 3353 754 3409 vorinus
783 3354 1015 3408 Camers
1045 3372 1059 3407 ε
1093 3348 1346 3429 Καρύκκη
1367 3393 1382 3419 ,
1411 3347 1584 3407 κοιλία
1603 3391 1621 3420 ,
1642 3348 1706 3420 ἣν
1727 3355 1816 3407 νῦν
1842 3354 2042 3428 μονθη-

514 3436 704 3509 λιυτην
729 3438 974 3495 καλοῦσι·
999 3439 1186 3495 minus
1211 3449 1376 3495 caute
1400 3457 1414 3494 =
1436 3437 1640 3497 Suidas
1660 3438 1882 3514 integra
1905 3458 2046 3496 voce

517 3525 577 3582 in
608 3523 832 3603 Καρύκη
854 3566 869 3594 ,
896 3522 1246 3600 μονθυλευτήν
1267 3547 1279 3559 ·
1313 3537 1558 3601 uterque
1585 3525 1787 3583 sumsit
1811 3524 1884 3582 ab
1914 3526 2048 3583 Asi-

518 3611 819 3687 stophanis
845 3610 1024 3669 schol.
1042 3610 1114 3667 ad
1133 3615 1277 3687 Equ.
1304 3632 1359 3669 v.
1381 3613 1515 3682 342,
1532 3611 1695 3689 cujus
1712 3624 2047 3688 corruptam

520 3720 652 3778 quae
679 3700 738 3756 in
780 3698 951 3756 editis
988 3710 1145 3756 extat
1187 3699 1488 3756 lectionem
1532 3700 1893 3757 Phavorinus
1944 3720 2050 3757 ex-

520 3788 747 3868 pressit.
779 3787 979 3846 Suidas
996 3831 1013 3861 ,
1034 3787 1357 3857 Καπηλικῶς
1379 3810 1393 3823 ·
1424 3786 1539 3845 ἀντὶ
1568 3792 1659 3845 τοῦ
1688 3790 2050 3868 πανουργικῶς

525 3877 697 3954 (miro
718 3894 916 3932 errore
937 3874 1067 3933 cod.
1094 3878 1205 3931 LB.
1223 3876 1649 3955 πανηγυρικῶς),
1671 3875 1785 3932 ἐπεὶ
1809 3877 1857 3932 οἱ
1879 3874 2053 3945 κάπη-

521 3964 608 4021 λοι
632 3959 964 4019 ὀνθυλεύουσι
998 3959 1087 4018 τὸν
1116 3949 1253 4018 οἶνον
1283 3972 1421 4028 etc.,
1461 3961 1759 4037 interjecta
1814 3980 2051 4038 prorsus

523 4062 763 4123 resecat,
792 4068 922 4125 quae
949 4060 1135 4105 tamen
1156 4048 1455 4107 commode
1483 4049 1818 4120 retinentur,
1851 4059 2053 4125 utpote

525 4138 595 4196 ad
626 4136 1032 4213 explicandum
1056 4136 1363 4204 καπηλικῶς
1393 4138 1529 4194 satis
1564 4138 1828 4214 apposita
1850 4179 1867 4207 ,
1898 4156 2052 4212 prae-

527 4225 722 4284 sertim
752 4243 932 4302 quum
977 4224 1037 4280 in
1074 4225 1313 4282 Comico
1354 4230 1467 4290 τοῦ,
1490 4223 1774 4304 προσώπου
1809 4222 1877 4282 τὰ
1916 4223 2052 4304 ῥάκη

528 4313 829 4378 confestim
867 4323 1197 4390 sequantur.
1242 4316 1387 4370 Sunt
1422 4313 1717 4371 enimvero
1740 4325 1797 4370 et
1838 4314 2054 4387 ἱματιο-

528 4401 790 4473 κάπηλοι,
817 4400 916 4477 qui
949 4410 1200 4457 coemtas
1219 4398 1292 4457 ab
1317 4401 1441 4457 aliis
1468 4413 1654 4458 vestes
1673 4399 1793 4476 jam
1818 4399 2056 4457 detritas

531 4507 703 4566 quam
730 4499 970 4565 possunt
990 4486 1334 4545 nitidissime
1362 4489 1642 4551 reficiunt.
1658 4499 1722 4544 ut
1739 4507 1916 4544 novas
1942 4487 2059 4544 fere

533 4578 903 4648 mentiantur,
935 4588 991 4632 et
1020 4575 1227 4632 emtori
1260 4595 1458 4652 parum
1489 4588 1660 4633 cauto
1692 4575 1853 4633 facile
1879 4577 2063 4653 impo-

535 4676 707 4721 nant:
741 4663 894 4721 haud
935 4663 1101 4721 aliter
1142 4682 1284 4721 anus
1319 4665 1412 4720 itta
1459 4683 1772 4741 pannosam
1815 4664 2060 4721 frontem

535 4770 763 4810 cerussa
809 4762 1206 4811 renovaverat.
1266 4756 1446 4810 Porro
1494 4752 1761 4810 adsutum
1812 4752 1951 4808 ittud
2003 4752 2061 4809 in

537 4838 711 4899 Suida
736 4838 808 4896 ad
839 4839 1008 4897 finem
1023 4883 1039 4911 ‚
1070 4841 1119 4898 oi
1147 4837 1379 4909 κάπηλοι
1398 4842 1544 4916 ὑμῶν
1566 4840 1775 4897 θολοῦσι
1798 4837 1886 4896 τὸν
1907 4828 2063 4912 οἶνον,

2105 817 2473 892 Κομμωτικῶς
2490 826 2646 871 recte
2673 818 2785 871 LB.
2815 813 2874 869 in
2917 812 3140 869 scholio
3175 810 3536 887 marginali
3557 832 3572 864 :
3594 810 3662 866 in-

2105 915 2192 960 ter
2220 922 2421 960 versus
2464 921 2639 979 supra
2668 900 2978 971 καπηλικῶς
3011 899 3253 957 additur
3309 900 3663 973 κοψεν-ταῦτ

2104 996 2232 1048 Vox
2255 989 2676 1048 recentioribus
2703 988 2966 1046 adamata
2993 1009 3008 1044 z
3039 987 3262 1045 Photio
3281 986 3544 1063 jndice,
3569 989 3668 1041 150-

2105 1079 2276 1135 cratis
2305 1079 2519 1137 ἕπανθεῖ
2549 1084 2658 1141 τοῖς
2684 1074 2858 1151 λόγοις
2898 1078 2957 1133 οὗ
2993 1074 3152 1152 μόνον
3195 1072 3506 1153 ἔμφυτον,
3557 1072 3670 1129 ἀλλὰ

2105 1161 2197 1222 καὶ
2232 1162 2570 1240 κομμωτικὸν
2601 1162 2816 1236 κάλλος,
2856 1161 3133 1221 Biblioth.
3176 1182 3242 1240 p.
3301 1171 3470 1237 749.
3521 1160 3672 1236 Apud

2110 1252 2367 1310 Eustath.
2398 1253 2469 1310 ad
2505 1252 2569 1309 tl.
2599 1257 2668 1323 A,
2698 1269 2757 1328 p.
2790 1251 2889 1326 96,
2913 1253 3123 1308 Nestor
3148 1251 3214 1307 οὗ
3239 1247 3434 1325 μόνον
3467 1255 3588 1310 ταῖς
3607 1247 3674 1302 ἐν·

2108 1338 2274 1406 νοίαις
2289 1337 2447 1411 ἡδὺς,
2475 1337 2614 1397 ἀλλὰ
2637 1336 2729 1395 καὶ
2751 1341 2818 1416 τῇ
2843 1335 3029 1416 φράσει
3044 1335 3442 1413 κομμωτικός.
3467 1334 3676 1393 Psettus

2112 1428 2428 1486 Heliodoro
2457 1425 2664 1485 tribuit
2705 1422 2766 1483 τὸ
2792 1422 2983 1487 κάλλος
3015 1430 3109 1483 τοῦ
3142 1423 3316 1501 λόγου
3367 1422 3510 1482 οὔτε
3547 1420 3676 1479 πάνυ

2112 1513 2450 1593 κομμωτικὸν
2474 1511 2565 1571 καὶ
2592 1510 2883 1591 θεατρικὸν,
2911 1509 3029 1569 οὔτε
3062 1511 3169 1589 μὴν
3201 1510 3473 1571 Ἀττικόν
3505 1531 3566 1566 τε
3591 1508 3670 1564 ui

2115 1602 2461 1684 ὑπερήφανον.
2485 1600 2617 1658 vid.
2638 1603 3057 1674 Hermogenem
3086 1598 3226 1676 Περὶ
3249 1598 3324 1657 ἶδ.
3357 1618 3432 1676 p.
3473 1597 3672 1663 305,et

2119 1690 2231 1748 353
2261 1712 2274 1745 :
2305 1679 2412 1748 οἷον
2444 1686 2641 1765 κόσμος
2666 1709 2744 1752 τις
2782 1684 3104 1763 ἐπικείμενος
3143 1683 3348 1753 ἔξωθεν
3383 1705 3668 1761 κομμωτι-

2117 1775 2223 1843 κός.
2271 1781 2491 1836 nus-r.
2526 1775 2780 1852 Regius:
2809 1774 2957 1831 Καπ.
3010 1771 3125 1831 ἀντὶ
3163 1777 3262 1832 τοῦ
3309 1772 3670 1849 κωμασταὶ

2118 1863 2208 1923 καὶ
2256 1861 2743 1944 ἔψιμμιθιωμίνως,
2782 1860 2874 1918 καὶ
2916 1860 2996 1939 (1.
3020 1862 3091 1918 52
3113 1862 3240 1940 sq.l
3268 1895 3358 1906 —
3384 1859 3556 1931 ξένην
3595 1866 3670 1915 κεί

2119 1949 2463 2009 ἐπίπλαστον.

2210 2040 2374 2111 1065,
2399 2059 2429 2111 7
2456 2042 2550 2096 τοῦ
2577 2037 2835 2115 δίγματος
2855 2038 3055 2096 codex.

2210 2128 2378 2199 1067,
2422 2127 2487 2183 13
2516 2126 2861 2192 Συνουσιάζιι
2884 2147 2961 2184 σε.
2993 2124 3143 2183 Huic
3172 2121 3373 2181 verbo
3413 2143 3497 2181 an
3533 2142 3570 2178 a
3593 2140 3672 2177 re-

2122 2216 2477 2274 centioribus
2505 2217 2720 2273 Graecis
2739 2215 2936 2273 addita
2962 2215 3055 2286 sit,
3084 2232 3259 2291 quam
3281 2213 3387 2270 hic
3413 2210 3672 2270 obtmeoe

2123 2302 2314 2374 debet,
2339 2314 2595 2380 potestas
2616 2304 2699 2358 ad
2725 2301 3064 2359 concubitum
3088 2302 3460 2369 sollicitande‘,
3489 2298 3674 2355 diem

2124 2411 2239 2448 non
2283 2409 2519 2468 possum
2549 2411 2562 2447 ε
2587 2391 2889 2447 confirmat
2935 2401 3093 2447 certe
3139 2388 3447 2465 vulgatam
3491 2383 3675 2445 Sui&

2126 2480 2465 2551 lectionem,
2514 2480 2727 2558 Πειρῶν
2755 2520 2772 2547 ,
2810 2476 3163 2557 προσὸάλλων
3190 2519 3207 2543 ,
3263 2474 3672 2541 συνουσιάζων·

2126 2587 2296 2645 quam
2321 2571 2575 2639 Kuster.,
2604 2567 2730 2624 sine
2753 2565 2934 2623 dubio
2959 2579 3152 2622 motus
3181 2561 3359 2619 verbi
3402 2562 3671 2619 insutu:-

2128 2657 2235 2728 tia,
2258 2654 2463 2731 refingi
2491 2653 2672 2710 voluit
2702 2654 2760 2710 in
2798 2649 3153 2730 προσὸάλλων
3193 2647 3320 2730 περὶ
3365 2645 3672 2709 συνουσίας.

2127 2746 2350 2800 Hnns‘r.

2217 2837 2365 2901 1074
2397 2827 2645 2894 ἀλαζῶνα
2674 2824 2881 2885 codex.

2218 2938 2320 2989 107
2333 2918 2388 2990 5,
2411 2936 2484 2992 ²9
2508 2914 2663 2975 τοῦτό
2688 2936 2816 2995 φασι
2846 2916 3059 2995 ῥιφῆναι
3089 2909 3431 2991 βουλομένων
3460 2911 3538 2970 Θ.

2217 3006 2385 3076 1076,
2417 3005 2486 3061 31
2514 3002 2576 3061 τὸ
2600 3001 2653 3062 δὲ
2682 3002 2736 3061 τί
2766 3001 2942 3080 ἔλεγον
2971 2998 3135 3065 οὕτως
3161 3002 3209 3057 οἱ
3251 2998 3671 3078 χαλεπαίνοντες

2131 3097 2198 3151 R.
2222 3087 2304 3149 ὅτι
2330 3094 2379 3148 οἱ
2403 3088 2808 3168 χαλεπαίνοντες
2834 3088 2893 3147 τὸ
2921 3086 3276 3155 συνουσιάζειν
3301 3084 3475 3150 οὕτως
3497 3083 3668 3161 ἔλεγεν

2130 3180 2191 3238 τὸ
2216 3178 2269 3237 τί
2287 3179 2363 3239 Θ.
2390 3177 2520 3235 Ald.
2541 3175 2604 3235 τὸ
2631 3176 2985 3243 συνουσιάζειν
3007 3176 3230 3234 illatum
3255 3194 3330 3232 ex
3355 3174 3591 3232 scholio
3614 3192 3662 3228 v.

2140 3268 2307 3341 1078.
2332 3302 2396 3315 -
2426 3265 2499 3321 36
2526 3262 2617 3323 σὸν
2646 3284 2761 3323 0111.
2791 3269 2971 3322 Dorv.

2219 3354 2369 3427 1078
2390 3395 2408 3427 ,
2442 3353 2516 3409 38
2554 3351 2882 3433 συνεχώρουν
2923 3349 3257 3408 schaeferus.
3303 3351 3550 3426 συνεχῶς
3593 3338 3669 3405 οὖν

2134 3442 2340 3502 codex.

2224 3532 2363 3590 1081
2393 3531 2474 3588 sic
2499 3530 2558 3587 in
2588 3533 2680 3597 R„
2711 3526 2852 3586 Ἀντὶ
2875 3532 2966 3586 τοῦ
2987 3524 3068 3592 τίς
3098 3546 3189 3603 μοι
3213 3523 3674 3604 ἐπιτρέπει-διι-

2136 3616 2484 3694 σπεκλωμένῃ
2511 3638 2525 3652 ·
2554 3613 2617 3673 τὸ
2646 3612 2702 3674 δὲ
2738 3611 3036 3691 σπίκλωμα
3060 3612 3150 3670 ἐπὶ
3172 3615 3265 3669 τοῦ
3311 3612 3676 3677 συνουσιάζει·

2135 3705 2403 3766 τάττουσι.
2430 3704 2520 3762 τὸν
2541 3694 2675 3783 ἦχον
2713 3700 2770 3762 δὲ
2798 3701 2942 3780 λέγει
2976 3700 3088 3780 (vel
3129 3698 3364 3778 λέγουσι)
3394 3701 3490 3757 τὸν
3532 3699 3680 3777 *stvd-

2139 3815 2293 3873 μενον
2320 3795 2372 3851 ἐν
2398 3796 2466 3872 τῇ
2495 3791 2747 3871 ’συνουσία
2777 3795 2847 3849 R.
2886 3795 2953 3848 In
2977 3794 3069 3858 V.,
3097 3785 3257 3868 Παρὰ
3287 3785 3352 3846 τὸ
3387 3786 3685 3844 πλέκω-θαι

2138 3880 2229 3941 καὶ
2253 3879 2628 3947 συνουσιάζειν.
2658 3876 2938 3954 ἕπίκλωμα
2967 3873 3069 3956 γὰρ
3101 3865 3234 3954 ἦχος
3260 3877 3355 3943 τῆς
3378 3874 3684 3938 συνουσίας.

2137 3974 2172 4040 ἡ
2204 3965 2555 4045 διαλελυμένη
2581 3964 2772 4044 κυρίως
2795 3965 2883 4023 ἐπὶ
2911 3964 3158 4044 σχοινίων
3193 3964 3296 4020 τῶν
3316 3959 3647 4019 πλακὲντων
3667 4004 3686 4036 ,

2140 4045 2255 4114 εἶτα
2298 4051 2646 4113 διαλυθέντων
2686 4053 2740 4109 ἐν
2767 4050 2960 4133 χρόνῳ.
3005 4053 3055 4109 οἱ
3097 4049 3152 4109 δὲ
3185 4046 3654 4127 συγγεγαμημέη
3669 4093 3686 4118 ,

2140 4149 2486 4224 γεγηρακυῖα.
2509 4179 2574 4192 -
2597 4142 2673 4209 46
2697 4137 2753 4197 δὲ
2782 4159 2898 4197 0111.
2923 4141 3021 4213 9.,
3048 4138 3150 4216 qui
3174 4148 3243 4209 47
3268 4134 3355 4193 ἵνα
3385 4136 3464 4212 μή
3502 4159 3585 4202 τις
3614 4137 3687 4196 Θ.

2142 4259 2167 4285 α
2187 4233 2298 4290 Vix
2325 4223 2637 4307 perspicias
2660 4273 2677 4304 ,
2707 4227 3002 4304 quomodo
3024 4271 3041 4299 ,
3084 4226 3135 4284 si
3160 4243 3423 4303 personae
3441 4223 3688 4298 juvenis

2142 4330 2446 4398 aptentur,
2482 4321 2512 4375 ὁ
2537 4317 2582 4372 δ’
2603 4312 2899 4397 ἐπιτρέψων
2929 4314 3040 4373 ἐστὶ
3067 4312 3187 4384 τίς,
3224 4331 3454 4370 sensum
3500 4331 3690 4389 expe-

2145 4406 2258 4464 diri
2279 4405 2440 4462 velit.
2474 4404 2534 4461 Si
2562 4417 2813 4462 mentem
2845 4403 2969 4480 ejus
3000 4419 3307 4478 assequor,
3344 4399 3422 4457 ita
3451 4399 3689 4456 censuit

2144 4491 2514 4569 accipienda,
2553 4494 2718 4568 quasi
2758 4492 3007 4569 primum
3038 4489 3369 4547 adolescens
3410 4485 3684 4544 acerbam

2145 4581 2527 4639 dilectissime
2562 4600 2680 4638 suae
2722 4580 3084 4638 amissionem
3112 4576 3306 4634 dolere
3340 4595 3400 4633 se
3453 4575 3636 4650 fingat
3668 4598 3683 4631 ε

2146 4689 2223 4725 an
2248 4671 2541 4743 quisquam
2565 4674 2670 4724 erit
2690 4710 2709 4738 ,
2732 4688 2843 4743 per
2864 4686 3025 4741 quem
3057 4665 3195 4722 mihi
3229 4668 3394 4719 liceat
3423 4682 3494 4718 ea
3507 4662 3689 4733 fau?

2149 4769 2211 4814 tu
2234 4758 2376 4832 ipse,
2416 4755 2740 4830 Chremyle,
2771 4755 2871 4830 qui
2900 4752 3044 4811 mihi
3073 4749 3195 4828 jam
3224 4749 3378 4806 visus
3420 4766 3484 4803 es
3524 4747 3684 4805 illam

2149 4856 2485 4916 attrectare,
2518 4843 2616 4901 atii
2648 4844 2841 4920 plures
2866 4859 3061 4898 amore
3085 4837 3238 4915 capti
3271 4834 3684 4893 intercedetis:

537 4927 806 5004 repudiat
837 4929 967 4988 cod’.
1008 4933 1137 4998 LB.,
1166 4927 1397 4986 videtur
1434 4941 1624 4987 autem
1667 4929 1862 4986 nescio
1901 4927 2067 5004 cujus
2154 4946 2272 4991 tum
2315 4942 2555 5009 repente
2587 4973 2602 4999 ,
2650 4929 2875 5006 abjecta
2921 4925 3287 4984 simulatione
3317 4967 3334 4995 ,
3388 4943 3568 4999 quam
3616 4944 3688 4980 ne

536 5017 934 5093 interpretatio
957 5018 1160 5076 Jesaiae
1188 5037 1238 5092 1,
1266 5037 1364 5092 22,
1391 5017 1491 5077 ubi
1524 5038 1679 5076 nunc
1709 5019 1769 5076 iu
1807 5016 2069 5076 versione
2156 5032 2374 5098 puncto
2400 5017 2627 5095 quidem
2657 5015 2934 5094 temporis
2963 5013 3241 5072 sustinere
3271 5022 3526 5089 poterat,
3556 5030 3686 5067 cum
