3859 5725
50 1128 51 1133 Α
49 466 67 1047 -τ-ι-υπτ-τ-

1725 264 1983 327 PLUTI.
3309 280 3421 332 sos

261 404 415 463 nihil
463 420 815 480 magnopere
852 415 1109 461 accessit.
1165 406 1493 460 Cavendum
1541 419 1679 459 vero
1728 419 1802 456 ne

260 491 399 570 quis
426 491 754 569 Apollinem
784 491 879 550 hic
898 478 1248 570 'Delphicum
1265 535 1283 564 ,
1305 503 1407 548 aut
1431 493 1710 570 προφῆτιν,
1738 502 1804 547 ut

262 580 608 659 simpliciter
630 580 975 658 plerumque
1008 580 1292 638 nominari
1322 580 1502 654 solet,
1537 579 1800 656 Pythiam

260 668 546 744 accipiat:
581 687 714 727 nam
737 668 948 727 diserte
972 668 1289 742 zenobius,
1321 669 1487 727 ἐλθεῖν
1513 670 1586 734 εἷς
1619 669 1802 748 Βραγ-

259 754 437 832 χίδας,
457 753 546 814 καὶ
573 754 661 815 τὸν
690 756 800 815 ἐκεῖ
814 754 926 815 θεὸν
946 759 1226 836 ἐρωτῆσαι,
1259 757 1304 814 εἰ
1324 755 1615 827 Μιλησίους
1634 755 1802 835 πρόσ-

259 845 439 900 θοιντο
470 841 802 922 συμμάχους.
865 847 993 903 Hoc
1038 844 1336 902 oraculum
1377 844 1593 903 scilicet
1628 845 1798 902 situm

265 942 397 989 erat
428 930 489 987 in
521 932 851 1009 propinquo
887 953 903 989 :
937 950 1043 989 nec
1082 930 1388 989 discrimen
1421 951 1453 988 a
1480 930 1802 990 victoribus

260 1018 458 1076 Persis
484 1018 786 1078 imminens
811 1019 965 1096 longi
1012 1023 1284 1097 temporis
1305 1063 1321 1091 ,
1357 1018 1517 1097 quod
1557 1019 1801 1096 Delphis

260 1104 547 1164 adeundis
572 1106 1026 1184 impendendum
1053 1107 1265 1178 suisset,
1292 1124 1510 1164 moram
1540 1105 1801 1185 patieba-

262 1205 378 1253 tur.
429 1195 557 1252 Non
589 1194 775 1252 minus
810 1207 1000 1254 autem
1023 1238 1039 1265 ,
1072 1213 1244 1272 quam
1290 1195 1571 1273 Delphis,
1600 1194 1800 1252 itidem

259 1293 391 1338 erat
416 1281 476 1339 in
508 1282 848 1341 Branchidis
868 1286 1144 1365 προφῆτις,
1171 1284 1292 1341 sive
1309 1282 1440 1361 γυνὴ
1462 1281 1801 1364 χρησμῳδὸς,

256 1386 393 1445 quae
425 1380 705 1447 concepto
725 1370 960 1428 numine
989 1371 1182 1429 futura
1203 1371 1557 1448 praediceret.
1584 1377 1638 1429 A
1660 1376 1803 1429 Por-

257 1455 473 1532 phyrio
503 1468 899 1516 memorantur
930 1462 1037 1535 Ep.
1072 1460 1144 1516 ad
1173 1458 1357 1517 Aneb.
1387 1460 1441 1517 ozi
1468 1460 1522 1517 ἓν
1559 1456 1804 1540 Βραγχί-

259 1541 379 1608 δαις
400 1541 745 1623 προφήτιδες·
787 1545 891 1603 sed
919 1546 1162 1604 eximius
1199 1547 1480 1624 imprimis
1523 1559 1611 1605 est
1645 1552 1801 1605 Iam—

261 1628 447 1687 blichi
491 1630 650 1688 locus
682 1636 770 1690 De
799 1644 1030 1708 myster.
1067 1652 1124 1712 p.
1161 1641 1232 1706 71⁸
1259 1678 1276 1710 ,
1328 1632 1426 1691 ubi
1468 1651 1584 1691 non
1614 1633 1802 1692 solum

255 1716 355 1788 τὴν
402 1704 458 1777 ἐν
504 1718 829 1802 Βραγχίδαις
868 1728 1095 1799 γυναῖκα
1142 1720 1462 1803 χρησμῳδὸν
1508 1722 1768 1780 invenies
1785 1763 1800 1792 ,

259 1826 464 1865 verum
492 1807 732 1884 insuper
778 1809 1106 1886 expositum
1131 1853 1146 1880 ,
1193 1828 1364 1886 quam
1394 1810 1571 1867 variis
1616 1802 1802 1867 mo’dis

258 1914 459 1954 auram
486 1895 668 1955 divini
691 1896 927 1974 spiritus
954 1897 1204 1957 lucidam
1225 1897 1501 1956 hauriret.
1518 1924 1545 1949 ν
1576 1901 1800 1960 Ηιιιετ.

258 1986 482 2041 Neutra
504 1982 783 2040 satisfacit
810 1981 1147 2061 conjectura
1178 1984 1599 2043 Hemsterhusii
1624 1986 1802 2043 mani-

260 2071 588 2147 festumque
608 2084 694 2129 est
710 2072 945 2131 alteram
967 2072 1225 2150 pejorem
1242 2094 1365 2133 esse
1383 2075 1599 2151 priore.
1621 2079 1798 2133 Dum.

261 2197 342 2211 ....
376 2158 444 2214 15
479 2155 872 2236 βουλευομένων
897 2166 1071 2218 V.—
1096 2162 1165 2218 16
1211 2162 1381 2239 posui
1409 2181 1631 2220 comma
1669 2176 1802 2240 post

258 2240 525 2322 γειτόνων.
573 2247 722 2303 Nam
759 2247 918 2323 quod
949 2252 1172 2307 Hemst.
1212 2247 1335 2307 haec
1377 2249 1551 2307 verba
1594 2250 1674 2308 sic
1706 2251 1802 2309 in-

264 2330 483 2388 tellexit
510 2334 675 2408 quasi
700 2334 986 2411 scriptum
1019 2348 1168 2394 esset
1213 2335 1360 2404 τίνας
1397 2335 1800 2414 ἀλκιμωτάτους

260 2417 415 2488 ὄντας
437 2423 543 2480 τῶν
569 2423 622 2480 ἐν
654 2421 875 2504 πολέμῳ
901 2422 1148 2501 γειτόνων
1172 2423 1278 2506 χρὴ
1297 2429 1561 2484 ποιεῖσθαι
1587 2425 1802 2505 συμμά-

259 2534 421 2592 χους,
467 2514 528 2572 id
576 2516 700 2573 fieri
741 2519 944 2596 nequit
973 2520 1082 2578 nisi
1127 2519 1273 2586 τίνας
1305 2520 1470 2579 illum
1504 2521 1694 2598 ipsum
1738 2523 1795 2579 in

263 2602 450 2660 locum
485 2606 856 2681 transposito.
892 2610 1072 2664 Dum.
1104 2640 1180 2652 —-
1222 2626 1289 2679 ¹7
1321 2609 1650 2689 παρακαλεῖν
1676 2599 1793 2679 ὧδε,

262 2708 338 2747 ao
358 2686 455 2761 τὴν
481 2687 614 2771 γὰρ,
653 2712 720 2749 21
748 2692 918 2773 ἀρχὴν
950 2693 1150 2775 ὅμηρον
1176 2717 1286 2773 γεγ.
1322 2700 1392 2753 V.
1416 2739 1433 2769 ,
1461 2716 1535 2754 ex
1570 2717 1688 2774 quo
1724 2708 1794 2765 al.

259 2774 950 2857 πότεροι-ἐκλαμὸάνουσι
974 2783 1188 2845 addita.
1223 2818 1288 2828 -
1318 2784 1391 2843 25
1414 2784 1797 2866 ἀποκρίνασθαι

260 2865 332 2928 Θ.
362 2866 732 2949 ἀποκρίνεσθαι
767 2877 834 2932 V.
866 2875 989 2933 Ald.
1016 2909 1091 2921 —
1138 2896 1210 2948 ²7
1242 2871 1477 2941 δοθέντος
1510 2874 1580 2932 Θ.
1613 2914 1689 2926 -
1722 2874 1796 2929 28

262 2952 355 3013 τὸν
382 2955 660 3037 προφήτην
685 2963 754 3016 V.
779 3000 855 3012 --
894 2964 961 3019 31
991 2961 1182 3028 πάντες
1207 2963 1279 3023 Θ.
1305 2963 1439 3021 Ald.
1467 2967 1559 3021 τοῦ
1583 2957 1636 3020 δὲ
1660 2981 1796 3045 χρη·

260 3046 397 3119 σμοῧ
426 3041 510 3100 διὰ
533 3041 631 3115 τὴν
660 3046 745 3102 ἀλ.
773 3045 920 3114 ὄντος
945 3047 1153 3108 ἅπαντα
1176 3052 1248 3117 εἰς
1270 3048 1366 3122 τὴν
1390 3072 1610 3129 παροιμ.
1633 3058 1796 3111 V.—

262 3132 336 3189 33
358 3129 670 3207 Ἄνακρίων.
707 3133 996 3194 zenobius
1015 3138 1187 3195 etiam
1210 3138 1481 3196 admonet
1506 3140 1562 3195 in
1586 3139 1797 3196 carmi-

259 3216 431 3276 nibus
488 3219 901 3280 Anacreonteis
955 3236 1183 3282 exstare
1244 3224 1357 3283 hoc
1404 3224 1797 3304 proverbium,

261 3327 448 3386 eoque
486 3323 828 3387 argumento
868 3312 1089 3386 utitur,
1128 3316 1286 3394 quod
1330 3316 1478 3376 bene
1524 3317 1797 3377 schottus

261 3396 666 3454 animadvertit
684 3439 701 3468 ,
727 3398 800 3456 ad
832 3399 1061 3457 illorum
1084 3442 1101 3472 ,
1127 3414 1299 3479 atque
1322 3403 1469 3462 adeo
1502 3405 1796 3478 Demonis,

261 3484 597 3561 opinionem
625 3486 997 3546 refellendam
1018 3532 1035 3560 ,
1068 3490 1167 3566 qui
1194 3492 1475 3569 originem
1506 3494 1798 3572 paroemiae

261 3573 420 3632 Darii
441 3575 742 3653 Hystaspis
760 3575 859 3634 filii
887 3577 1243 3655 temporibus
1269 3580 1611 3640 includunt:
1633 3588 1793 3642 Ann-

263 3680 435 3720 creon
461 3664 615 3721 enim
637 3666 886 3724 maxime
912 3665 1022 3724 sub
1047 3670 1200 3744 Cyro
1228 3668 1443 3742 floruit,
1478 3683 1794 3748 postquem

262 3750 707 3810 Dariusdemum
731 3753 932 3812 tertius
960 3773 1139 3831 regno
1167 3756 1400 3816 Persico
1424 3758 1532 3817 suit
1560 3760 1793 3836 potitus.

262 3839 434 3896 Ratio
475 3840 717 3900 ficulnea
741 3885 758 3914 ,
803 3842 1131 3920 nulliusque
1160 3846 1435 3921 ponderis
1455 3891 1473 3921 ,
1517 3847 1563 3905 si
1592 3867 1793 3906 verum

263 3939 383 3998 est,
417 3928 573 4005 quod
601 3932 907 3989 Barnesius
933 3932 1165 4002 statuit,
1195 3939 1619 3994 Anacreontem
1649 3957 1794 4015 pro-

264 4014 491 4073 duxisse
516 4017 690 4074 vitam
717 4017 789 4075 ad
817 4017 1074 4076 ultimam
1102 4019 1436 4097 olympiada
1461 4023 1569 4095 76,
1615 4043 1794 4100 quum

264 4106 486 4161 Xerxes
509 4101 630 4181 jam
661 4104 893 4161 tertium
931 4116 990 4161 et
1018 4104 1302 4164 decimum
1337 4122 1532 4185 ageret
1568 4111 1795 4187 imperii

264 4210 472 4247 annum
493 4212 507 4247 ε
538 4211 684 4268 quos
703 4193 956 4250 calculos
975 4192 1205 4271 exigere
1225 4213 1340 4251 non
1364 4206 1449 4253 est
1472 4195 1643 4273 hujus
1665 4198 1794 4257 loci.

265 4276 501 4336 Interea'
529 4298 646 4336 non
691 4279 896 4338 dubito
942 4280 1081 4358 quin
1128 4282 1633 4357 grammaticorum
1680 4287 1795 4360 alii,

269 4377 325 4423 ut
371 4378 587 4424 motam
638 4366 1037 4426 difficultatem
1083 4369 1365 4427 evitarent
1391 4416 1408 4444 ‚
1456 4371 1797 4432 tradiderint

266 4467 473 4512 sortem
504 4455 719 4512 oraculi
753 4454 926 4514 fuisse
954 4456 1241 4515 redditam
1263 4461 1547 4535 Polycrati
1564 4463 1791 4521 Samio-

266 4563 388 4601 rum
428 4555 705 4619 tyranno,
750 4562 880 4600 cum
909 4563 1027 4621 quo
1069 4545 1503 4606 familiarissime
1541 4548 1687 4608 vixit
1732 4551 1791 4608 in

266 4630 570 4689 amicitiam
619 4631 881 4689 intimam
932 4632 1215 4691 admissus
1265 4640 1583 4696 Anacreon.
1648 4641 1793 4710 Quae

266 4735 439 4798 porro
473 4719 546 4777 de
573 4719 686 4777 hoc
730 4719 1045 4797 proverbio
1087 4734 1284 4779 noster
1325 4723 1656 4784 scholiastes
1690 4746 1794 4784 ex·-

269 4807 480 4887 posuit,
512 4826 713 4866 eorum
746 4806 890 4865 nihil
916 4806 990 4865 ab
1004 4808 1314 4868 Aristotele
1336 4809 1507 4868 fuisse
1532 4831 1791 4870 comme-

269 4907 549 4953 moratum
580 4896 639 4953 in
678 4895 1032 4954 Milesiorum
1073 4916 1192 4974 rep.
1235 4897 1504 4976 colligere
1545 4897 1681 4958 licet
1719 4920 1793 4958 ex

270 4982 542 5042 Athenaeo
576 5003 665 5055 12,
698 5004 754 5061 p.
785 4983 917 5050 523,
943 4987 1026 5063 Ἐς
1058 4985 1117 5042 id
1151 4984 1302 5042 enim
1326 4985 1510 5043 solum
1539 4986 1794 5064 philoso-

1892 395 2198 473 prolapsos
2219 396 2519 472 pristinam
2546 397 2883 474 dignitatem
2899 397 3276 475 militarisque
3302 400 3426 457 for-

1893 483 2157 542 titudinis
2204 484 2432 545 laudem
2478 486 2723 544 retinere
2765 504 2881 544 non
2932 488 3224 563 potuisse3
3272 489 3424 547 unde

1893 571 2209 629 manaverit
2250 573 2310 630 in
2353 573 2556 651 vulgus
2598 596 2612 631 z
2663 570 2845 633 Πάλαι
2870 571 2986 632 πότ’
3024 566 3163 647 ἦσαν
3208 573 3424 653 ἄλκιμοι

1890 656 2164 731 Μιλήσιοι.
2201 663 2425 718 Hans-r.
2456 693 2536 707 —-
2572 661 2645 730 34
2681 662 2811 742 φησί
2850 661 3110 721 additum
3140 682 3213 721 ex
3247 668 3316 722 V.
3352 665 3423 726 Θ.

1888 745 1991 829 γὰρ
2018 752 2085 807 V.
2118 746 2175 807 δὲ
2204 749 2335 807 ΑΙᾶ.
2364 781 2442 795 —-—
2478 750 2550 808 35
2587 748 2823 809 ὓδάσπου
2852 755 2920 809 V.
2947 786 3015 801 -·
3055 752 3130 810 36
3172 772 3256 828 sq.
3299 757 3330 811 ὁ
3369 749 3425 811 δὲ

1888 840 2155 901 νοῦς-νῦν
2185 833 2243 894 δὲ
2269 834 2330 895 οὔ
2358 856 2472 895 om.
2502 841 2572 896 V.
2598 869 2677 882 —-
2716 839 2785 910 37
2809 839 3002 896 συνίειν
3029 844 3121 912 Κ,
3144 841 3245 917 qui
3268 841 3429 921 συνῄ-

1890 944 1964 980 ειν
1989 924 2189 982 voluit.
2215 956 2295 971 —-
2328 925 2403 983 38
2428 923 2616 991 ἄλλως.
2644 923 2854 1006 εἴρηται
2872 924 2969 1004 μὲν
2996 932 3068 984 V.
3105 953 3130 978 α
3152 929 3425 1008 Interpo-

1889 1011 2143 1070 nendum
2169 1013 2289 1071 fere
2321 1026 2466 1090 puto
2486 1011 2579 1071 καὶ
2606 1013 2722 1071 hoc
2757 1025 2933 1091 pacto
2963 1035 2979 1074 ε
3013 1012 3219 1094 εἴρηται
3252 1015 3309 1076 δὲ
3336 1018 3428 1077 καὶ

1887 1100 1923 1168 ἡ
1954 1096 2240 1180 παροιμία,
2277 1100 2388 1174 vel,
2417 1097 2623 1180 εἴρηται
2649 1098 2705 1158 δὲ
2728 1104 2762 1170 ἡ
2782 1101 3044 1181 παροιμία
3074 1101 3166 1161 καὶ
3200 1103 3288 1162 ἐπὶ
3320 1108 3425 1164 τῶν

1888 1207 1980 1268 πρ.
2004 1201 2113 1246 etc.
2144 1188 2402 1247 Primum
2422 1189 2694 1261 declarat,
2713 1208 2842 1266 quae
2863 1191 2937 1248 sit
2951 1192 3248 1269 paroemias
3266 1212 3426 1253 mens

1890 1276 2048 1352 apud
2085 1277 2532 1355 Aristophanem
2563 1300 2577 1335 ε
2610 1291 2729 1337 tum
2764 1296 2882 1357 quo
2909 1296 3080 1339 sensu
3113 1281 3269 1341 haud
3312 1302 3423 1361 pa—

1892 1382 2022 1422 rum
2050 1364 2284 1423 diverso
2316 1365 2392 1423 ab
2420 1365 2546 1424 aliis
2569 1380 2904 1444 usurpetur.
2960 1374 3138 1427 Favet
3163 1374 3423 1449 Aposto-

1889 1451 2001 1510 lius
2021 1496 2040 1525 ,
2075 1453 2182 1510 etsi
2223 1452 2489 1512 ordinem
2537 1455 2842 1513 inverterit
2873 1477 2888 1514 ε
2919 1454 3008 1514 ἐπὶ
3041 1458 3149 1515 τῶν
3174 1456 3298 1535 πρὶν
3328 1457 3424 1537 μὲν

1890 1536 2288 1618 εὖπραγούντων
2304 1582 2321 1612 ,
2355 1538 2569 1621 ὕστερον
2595 1539 2652 1600 δὲ
2675 1540 3085 1623 ,δυσπραξάντων
3115 1544 3422 1623 (Graecutn

1889 1627 1990 1685 vix
2016 1640 2104 1686 est
2133 1649 2149 1685 z
2181 1626 2327 1705 lege,
2354 1629 2792 1712 δυσπραγούντων
2815 1674 2832 1704 ,
2860 1631 2979 1689 sive
3007 1629 3422 1713 δυσπραγησάν-

1888 1716 2014 1793 των)
2039 1736 2054 1751 ·
2070 1714 2318 1775 τάττεται
2337 1715 2394 1776 δὲ
2415 1715 2506 1777 καὶ
2525 1717 2613 1777 ἐπὶ
2631 1721 2737 1777 τῶν
2752 1714 3001 1799 πρότερον
3018 1717 3116 1796 μὲν
3132 1718 3424 1802 χρωμένων

1888 1802 2026 1862 τισὶν
2055 1802 2405 1876 ὀπωσδήποτι
2422 1849 2440 1879 ,
2476 1803 2694 1887 ὕστερον
2724 1805 2781 1864 δὲ
2808 1803 2885 1885 μὴ
2920 1805 3294 1888 φροντιζόντων
3321 1810 3424 1868 αι’)-

1886 1894 1995 1949 τῶν
2016 1934 2033 1965 ,
2056 1893 2127 1956 ὣς
2159 1894 2188 1948 ὁ
2209 1892 2265 1949 ἐν
2298 1890 2654 1973 Ἀριστοφάνει
2680 1891 2794 1959 νέος
2833 1892 3105 1971 μεμήνυκε
3137 1897 3204 1974 τῇ
3231 1890 3376 1973 γραῒ.
3399 1922 3424 1948 ⁸

1887 1982 2114 2037 num.
2136 2016 2200 2031 -
2229 1980 2304 2056 39
2326 1979 2721 2059 δυστυχούντων
2749 1988 2820 2039 V.
2840 2018 2902 2031 —
2930 1989 2963 2050 Ι.
2978 2002 2997 2038 ι
3032 1980 3123 2040 καὶ
3143 2002 3259 2043 om.
3279 1986 3422 2061 Reg.

1888 2103 1953 2118 ..-
1980 2067 2053 2132 45
2078 2066 2369 2147 παροιμίαν
2392 2065 2482 2125 ἐπὶ
2504 2070 2610 2126 τῶν
2645 2066 3127 2147 μεταὸεόλημένων
3150 2075 3287 2148 neg.

1977 2164 2120 2223 1004
2149 2174 2266 2213 om.
2294 2155 2468 2214 etiam
2481 2158 2552 2217 Θ.
2574 2190 2639 2205 -
2669 2158 2743 2215 50
2764 2158 2820 2215 αἱ
2845 2164 3029 2236 γραῖαι
3046 2161 3187 2235 Reg.
3206 2192 3271 2207 -
3289 2158 3325 2215 6
3341 2158 3426 2217 ἐπ’

1887 2239 2158 2321 ἕξαγωγὴν
2179 2242 2254 2302 Θ.

1976 2348 2157 2399 1011,
2207 2350 2269 2385 11
2332 2327 2562 2410 νιτάριον
2602 2331 2693 2389 καὶ
2749 2331 2930 2410 βάτιον
2969 2332 3167 2391 addita
3212 2350 3287 2390 ex
3331 2338 3425 2405 R„

1888 2418 2085 2477 deleto
2130 2420 2402 2478 lemmate
2447 2421 2657 2479 Aldino
2698 2420 2930 2502 νιτάριον
2981 2419 3045 2482 ἃν
3083 2419 3176 2480 καὶ
3226 2420 3427 2500 βάτιον,

1886 2508 2044 2585 quod
2088 2527 2202 2565 om.
2232 2513 2304 2566 V.
2333 2508 2404 2568 Θ.
2433 2510 2658 2569 Deinde
2677 2508 2791 2582 εἴδη
2826 2504 2986 2588 (εἶδος
3027 2503 3300 2590 θ.)-ε’ἷχι
3328 2511 3427 2569 hic

1886 2595 2088 2673 posuit
2131 2595 2470 2654 Dindorfius
2502 2617 2632 2657 cum
2674 2601 2744 2655 R.
2774 2602 2876 2670 V.,
2910 2617 3041 2675 quae
3082 2599 3219 2657 Ald.
3271 2598 3426 2657 infra

1886 2694 2020 2760 post
2051 2679 2266 2755 Βατύλη
2298 2683 2359 2761 (l.
2391 2682 2486 2762 16)
2520 2683 2694 2742 habet
2724 2686 2806 2743 sic
2839 2686 3075 2762 scripta,
3099 2683 3233 2753 τινὲς
3256 2684 3314 2744 δὲ
3338 2693 3425 2745 νι-

1884 2780 2064 2859 τάριον
2097 2776 2350 2859 (νιτάριος
2370 2778 2469 2857 Θ.)
2498 2780 2588 2839 καὶ
2633 2780 2789 2862 βάτον
2824 2781 3008 2862 (βάτος
3029 2782 3130 2863 Θ.)
3168 2783 3283 2857 εἴδη
3365 2808 3425 2843 υ-

1883 2871 2013 2930 viiiv.
2051 2866 2187 2927 θέλει
2220 2858 2311 2928 οὖν
2338 2858 2700 2949 αἰπεῖν-εἶχε,
2740 2877 2873 2931 Post
2897 2859 3009 2952 εἶχε
3038 2872 3202 2931 addit
3225 2879 3294 2933 R.
3317 2895 3346 2931 ο
3367 2896 3423 2933 ον

1884 2956 2116 3018 νεόττιον
2141 2956 2296 3021 οἱονεὶ
2323 2957 2569 3041 κοράσιον
2593 2960 2795 3041 ibique
2810 2961 3036 3023 desinit.
3068 2963 3274 3022 Suidas
3300 2964 3424 3023 haec

1884 3049 2200 3126 excerpsit,
2231 3047 2512 3129 Νιττάριον
2541 3049 2633 3109 καὶ
2654 3049 2864 3128 βάττιον
2891 3049 3144 3131 (νιτάριον
3164 3047 3253 3109 καὶ
3276 3050 3427 3130 βιτά-

1887 3158 1995 3217 ριον
2027 3135 2197 3193 codd.
2236 3135 2416 3195 Paris.
2447 3141 2500 3194 A
2526 3148 2586 3195 et
2611 3137 2799 3216 Leid.)
2832 3160 2847 3196 z
2877 3135 3257 3215 δποκοριστικὰ
3294 3138 3426 3220 πρὸς

1882 3230 2151 3302 γυναῖκας.
2198 3219 2429 3303 νιτάριον
2455 3214 2562 3283 οἶον
2588 3222 2816 3283 νεόττιον
2834 3270 2850 3298 ,
2884 3224 3122 3284 τουτέστι
3149 3223 3417 3304 κοράσιον.

1885 3308 2184 3390 Σύμμαχος
2206 3307 2265 3370 δί
2293 3331 2474 3390 φησιν,
2505 3310 2763 3391 Nix-rupo<
2784 3311 3010 3394 (νίταρος
3031 3312 3203 3371 iidem
3225 3313 3422 3392 codd.)

1883 3395 2048 3465 πολὺς
2075 3397 2163 3458 ἐπὶ
2188 3396 2426 3479 μαλακίᾳ
2460 3398 2837 3476 ὀνειδιζόμενος
2865 3400 2955 3459 καὶ
2987 3401 3157 3467 Βάτος
3189 3401 3296 3480 (sic
3320 3421 3422 3460 co-

1885 3486 2080 3546 dices:
2125 3484 2349 3552 Βάττιος
2387 3486 2481 3544 ed.
2518 3486 2793 3566 Mediol.)
2837 3487 2928 3546 καὶ
2966 3486 3060 3552 τὰς
3102 3486 3293 3567 μικρὰς
3331 3489 3421 3548 καὶ

1884 3573 2095 3647 θηλείας
2122 3571 2351 3652 βατύλας
2376 3572 2554 3653 ἔλεγον
2579 3575 2681 3652 (sic
2704 3577 2882 3635 Paris.
2913 3582 2964 3635 A
2981 3589 3040 3635 et
3065 3575 3224 3635 Leid.
3252 3601 3266 3635 ε
3298 3576 3422 3635 ἑκά-

1883 3663 2009 3723 λουν
2039 3663 2132 3723 ed.
2154 3662 2423 3742 Mediol.)
2467 3661 2840 3737 καὶ--Βατύλη
2863 3684 2879 3699 ·
2916 3667 2964 3724 οἱ
3008 3664 3065 3723 δέ
3111 3686 3269 3746 φασιν
3308 3665 3419 3737 εἴδη

1883 3754 2078 3834 φυτῶν.
2128 3750 2266 3810 θέλει
2302 3742 2527 3829 οὗν-με
2567 3755 2657 3829 (με
2690 3773 2806 3813 om.
2851 3753 3030 3812 iidem
3056 3753 3254 3831 codd.)
3282 3744 3413 3834 εἶχε.

1883 3839 2281 3923 Ἀριστοφάνης,
2303 3840 2414 3901 Καὶ
2443 3839 2507 3912 νὴ
2533 3841 2612 3901 Δί’
2633 3844 2678 3899 εἰ
2699 3841 3035 3921 λυπουμένην
3064 3840 3300 3901 αἴσθοιτό
3333 3865 3419 3919 με,

1882 3928 2143 4009 νιττάριον
2164 3927 2227 3987 ἂν
2251 3930 2340 3988 καὶ
2364 3928 2579 4008 βάττιον
2598 3929 2843 4014 (νιτάριον
2867 3930 2958 3990 καὶ
2981 3929 3212 4011 βιτάριον
3242 3930 3417 3989 iidem

1884 4018 2085 4094 codd.)
2112 4015 2470 4098 ὑπεκορίζετο.
2517 4017 2765 4101 Νιτάριος
2792 4042 2806 4076 :
2829 4018 2998 4097 ὄνομα
3026 4017 3222 4100 κύριον.
3250 4063 3314 4075 ..
3349 4020 3415 4077 13

1883 4127 1970 4184 sq.
2016 4105 2074 4165 δέ
2104 4107 2185 4164 sic
2220 4106 2282 4162 in
2308 4109 2381 4163 V.
2426 4110 2495 4163 In
2521 4107 2594 4167 Θ.
2633 4109 2761 4166 Ald.
2799 4129 2964 4189 φησι,
3010 4105 3236 4187 Νίταρος
3257 4104 3419 4174 πολὺς

1881 4193 1971 4252 ἐπὶ
2001 4191 2237 4274 μαλακίᾳ
2269 4191 2644 4271 ὀνειδιζόμενος
2667 4197 2722 4254 ἕν
2763 4203 2872 4264 τοῖς
2907 4194 3027 4266 ἑξῆς
3053 4193 3288 4276 δράμασι
3326 4195 3417 4253 καὶ

1881 4282 2071 4349 Βάτος.
2107 4325 2165 4335 -
2204 4289 2271 4349 14
2301 4278 2644 4341 διαὸάλλεται
2668 4281 2804 4342 ἀλλὰ
2826 4282 2920 4342 καὶ
2941 4284 3009 4341 V.
3032 4282 3233 4341 Delevi
3254 4281 3415 4356 ἀλλὰ,

1882 4369 2042 4449 quod
2069 4370 2330 4447 ineptum
2369 4378 2487 4435 est,
2530 4370 2640 4428 nisi
2677 4370 2749 4429 ad
2786 4368 3127 4429 διαὸάλλεται
3171 4370 3419 4429 addatur

1881 4462 1942 4518 οὗ
1968 4456 2124 4534 μόνον
2140 4458 2380 4515 ἐνταῦθα.
2404 4455 2688 4515 Nitarium
2708 4471 2897 4516 autem
2919 4463 3241 4535 Batumque
3257 4459 3415 4535 quod

1880 4546 2119 4605 nomina
2171 4541 2472 4602 hominum
2514 4563 2638 4602 esse
2675 4544 2787 4603 sibi
2830 4545 3116 4623 persuasit
3152 4549 3415 4621 Symma-

1880 4634 2053 4707 chus,
2092 4633 2198 4692 etsi
2217 4629 2387 4690 valde
2424 4630 2738 4690 absurdum
2776 4645 3165 4691 commentum
3194 4644 3298 4706 est,
3326 4645 3415 4691 ta—

1881 4743 2011 4782 men
2052 4743 2084 4780 a
2127 4735 2389 4783 veterum
2437 4721 2939 4801 grammaticorum
2992 4721 3413 4798 interpretandi

1878 4811 2107 4869 ratione
2134 4810 2372 4871 minime
2398 4810 2672 4871 abhorret
2707 4810 3132 4887 gemellumque
3167 4808 3413 4867 aliorum

1876 4897 2055 4960 ,habet
2077 4899 2376 4958 inventum
2398 4945 2414 4973 ,
2441 4899 2544 4977 qui
2572 4898 2806 4956 nomina
2824 4897 2922 4957 illa
2942 4916 3066 4957 esse
3085 4897 3412 4977 plantarum

1879 4998 2015 5044 sunt
2042 4985 2334 5054 hariolati,
2364 4986 2591 5060 iisdem,
2616 4986 2849 5064 opinor,
2868 4986 2929 5045 in
2946 4986 3129 5045 hortis
3154 5003 3410 5042 crescen-

271 5070 414 5147 phus
437 5070 771 5148 scripserat,
807 5071 1063 5131 Milesios
1095 5072 1155 5130 in
1190 5071 1473 5150 perditum
1505 5073 1799 5134 luxuriam
1882 5075 2025 5132 tium
2048 5118 2066 5148 ,
2102 5074 2162 5133 in
2202 5074 2414 5152 quibus
2451 5072 2866 5154 ἀπραγμοσύνην
2900 5074 3101 5131 florem
3138 5071 3412 5130 odoratus
