3859 5725
1547 218 2063 293 L'Ysts‘rnATAE.

3275 244 3394 298 407

1446 411 2201 504 LYSISTRATA.

335 629 702 684 Διοωιιιιτε
735 618 959 699 primus
997 616 1182 676 edidit
1222 620 1542 688 Kusterus‚
1571 634 1644 674 ex
1669 634 1778 673 co-

258 711 410 784 dice,
451 722 518 769 ut
567 708 834 782 videtur,
877 705 1156 767 Palatino.
1203 704 1414 763 Codice
1451 709 1780 782 Augustano

260 819 391 858 usus
417 810 506 857 est
528 796 864 858 Brunckius.
889 799 1070 853 Dum.
1094 797 1243 853 Sunt
1260 793 1431 851 etiam
1456 792 1518 850 in
1545 794 1673 850 Pur.
1688 832 1709 861 ,
1739 790 1778 848 i.

260 908 307 947 e.
332 888 599 964 exemplo
622 883 897 944 editionis
921 880 1331 954 Frobenianae,
1372 878 1537 956 cujus
1566 879 1783 957 margi-

2457 612 2799 675 SCHOLIA.

1944 761 2098 822 Ἐκλ.
2116 761 2414 847 -στρατόν
2443 763 2705 823 additum
2737 784 2811 823 ex
2837 769 2902 823 L.
2928 768 3056 824 Bar.

1950 871 2005 924 α,
2034 860 2101 919 tl,
2133 873 2265 933 φασι
2287 858 2599 913 Porsonus.
2628 852 2794 912 Libri
2817 875 2965 933 φησι.
2985 889 3047 900 -
3071 855 3140 912 15
3184 852 3289 912 δεῖν
3322 856 3396 914 R.

261 973 430 1034 uibus
472 972 747 1032 Claudius
792 975 1079 1028 Puteanus
1128 968 1346 1026 scholia
1395 968 1658 1045 ascripsit
1712 987 1784 1026 ex
1865 951 1926 1000 et
1946 939 2151 1046 saida?
2185 962 2231 999 ³·
2266 942 2490 1024 Πανυαῖ)
2523 941 2748 1019 δείματι·
2774 941 2962 1048 Cetefi
2988 942 3169 1048 {eL-:-
3192 963 3260 1015 17
3286 939 3400 1000 ἔστι

262 1062 412 1122 libro
439 1061 666 1140 optimo
700 1072 787 1133 et,
812 1059 860 1117 si
897 1056 1149 1115 novitias
1184 1055 1405 1133 aliquot
1431 1056 1647 1134 glossas
1675 1056 1786 1114 de,
1868 1037 1936 1091 L.
1960 1037 2151 1092 Ceteri
2167 1030 2267 1092 ὅτι.
2283 1070 2350 1082 -
2373 1037 2443 1094 18
2470 1032 2768 1111 ἐκκείμενος
2791 1046 3047 1093 restituit
3070 1034 3402 1093 Dindorfius

246 1129 529 1222 ”truci-iffi
571 1147 921 1205 Ravennatis
959 1144 1271 1203 simillimo.
1312 1147 1593 1204 Servatur
1616 1141 1788 1203 inbi-
1870 1143 1944 1181 ⁶¹
1964 1123 2172 1181 Ph⁰ti⁰
2205 1143 2263 1201 P·
2295 1126 2427 1199 ¹962
2464 1123 2553 1197 ¹52
2579 1123 2652 1182 ad
2688 1124 2945 1202 HStePh·
2980 1124 3150 1184 Thes·
3186 1145 3243 1183 V·
3272 1124 3405 1183 Κω-

262 1235 551 1295 bliotheca
569 1235 758 1313 Regia.

338 1332 488 1382 Ano.
537 1329 588 1394 1,
632 1325 664 1380 3
690 1341 776 1399 sq.
815 1322 1076 1397 ὁμοιῶσαι
1102 1317 1159 1378 δὲ
1194 1322 1356 1379 ἀναπ.
1386 1318 1480 1396 μὲν
1509 1325 1619 1379 Με.
1662 1323 1792 1378 Ku-

264 1413 416 1472 steri.
447 1413 635 1491 δμῶσα
656 1409 1045 1469 Baroccianus
1064 1409 1350 1489 (Gratiani
1367 1409 1438 1467 de
1459 1412 1515 1468 S.
1537 1409 1793 1482 Bavone‚

264 1501 302 1559 i.
324 1521 375 1559 e.
418 1501 661 1560 Joannis
691 1497 936 1569 Athen—ti,
977 1497 1038 1555 in
1073 1496 1357 1557 observv.
1394 1498 1629 1556 miscell.
1652 1505 1796 1558 Am-

265 1588 474 1647 stelod.
509 1590 631 1647 vol.
667 1609 721 1662 7,
745 1607 804 1666 p.
831 1586 1079 1664 125).-
1104 1584 1138 1643 5
1165 1583 1413 1656 ἀλλήλοις
1459 1587 1795 1646 Brunckius.

268 1676 512 1748 ἀλλήλων
542 1682 612 1736 R.
656 1681 783 1736 Put.
827 1680 901 1735 Κ.
941 1674 1005 1754 (i.
1047 1694 1097 1732 e.
1139 1674 1374 1732 Kusteri
1414 1674 1633 1753 editio).
1661 1718 1736 1730 -.
1760 1677 1796 1733 6

266 1764 525 1847 ἐμπριλὰς
554 1786 627 1823 ex
655 1769 724 1825 R.
764 1770 911 1842 Aug.
948 1762 1031 1841 [et
1070 1761 1225 1840 Bau]
1249 1763 1489 1821 accessit
1521 1763 1676 1842 [Put.
1699 1765 1799 1844 ἐμ-

267 1852 481 1935 πρίλας]
508 1875 522 1909 :
550 1854 816 1912 lacunam
840 1851 1037 1930 posuit
1059 1855 1365 1912 KusteruS.
1404 1855 1562 1910 Fort.
1604 1852 1658 1910 ἐν
1692 1850 1800 1911 πύ-

267 1942 403 2009 λαις.
450 1940 563 2000 Sed
625 1939 981 1998 desideratur
1042 1937 1216 1996 etiam
1270 1937 1515 1997 verbum
1570 1939 1799 1997 finitum

269 2028 627 2106 respondens
682 2026 955 2106 proximo
1008 2022 1143 2096 αὐτὴ
1200 2021 1567 2108 δὲ-ἀπαντᾷ,
1614 2032 1798 2086 Dum.

271 2116 487 2177 Fabula
527 2116 656 2195 ipsa
687 2127 746 2173 et
776 2134 905 2192 quae
942 2126 1271 2192 sequuntur
1293 2112 1433 2192 μετὰ
1467 2117 1571 2173 τῶν
1597 2116 1801 2176 οἰκείων

274 2204 586 2262 monstrosi
614 2202 882 2262 vocabuli
914 2202 1333 2261 correctionem
1355 2216 1570 2262 certam
1596 2217 1799 2263 osten-

273 2299 421 2358 dunt
457 2287 893 2372 ElCnPiAAC,
932 2297 1004 2363 εἰς
1040 2296 1325 2378 πατρίδας,
1359 2311 1426 2357 ut
1467 2301 1544 2359 sit
1576 2299 1671 2369 τὰς
1707 2299 1803 2380 μὲν

272 2387 374 2458 ἔξω
397 2389 648 2459 (exteras
671 2385 958 2465 mulieres)
976 2383 1230 2451 ἀπιούσας
1260 2388 1333 2453 εἷς
1357 2388 1635 2467 πατρίδας.
1660 2394 1802 2448 Nam

273 2475 522 2545 ἕξωπίους
545 2494 781 2554 qnoque
823 2473 899 2533 ab
950 2473 1064 2532 hoc
1091 2474 1223 2531 loco
1270 2474 1522 2535 alienum
1571 2491 1676 2536 est.
1731 2483 1801 2537 R.

272 2570 403 2624 Put.
433 2562 847 2624 καταλείπουσα.
868 2561 1111 2621 Desendi
1148 2572 1340 2639 potest
1361 2574 1650 2622 structura
1679 2565 1805 2624 sine

274 2651 458 2713 verbo
499 2653 692 2725 finito,
734 2670 1083 2731 quamquam
1127 2650 1414 2728 integrum
1454 2672 1578 2710 csse
1613 2653 1802 2712 locum

275 2743 511 2802 minime
533 2741 1004 2821 praestiterim.-—
1022 2760 1093 2798 10
1112 2737 1324 2818 ὀλίγων,
1361 2761 1381 2796 1
1403 2761 1421 2797 1
1450 2739 1703 2810 τοξευτῶν
1722 2747 1800 2801 Κ.

274 2865 355 2878 -
378 2842 448 2902 il,
479 2829 815 2914 ἐπιτρίψουσι
831 2831 1183 2910 Brunckius,
1203 2833 1485 2891 incertum
1510 2829 1581 2889 de
1605 2850 1712 2889 suo
1731 2850 1804 2890 an

275 2941 350 2979 ex
386 2919 588 2979 codice
606 2925 753 2995 Aug.
791 2917 1130 2999 ἐπιτρέπουσι
1163 2925 1228 2980 R.
1263 2925 1393 2978 Put.
1418 2921 1487 2978 K.
1508 2957 1571 2968 —
1595 2921 1665 2977 15
1701 2942 1806 2978 τα-

274 3012 548 3087 μιεύονται
564 3013 691 3065 Put.
716 3012 791 3065 Κ.
807 3044 871 3056 -
897 3009 965 3064 16
985 3007 1395 3066 καταπαύσωσιν
1416 3014 1485 3068 R.
1508 3013 1635 3066 Put.
1659 3013 1804 3087 Aug.

274 3137 338 3149 —
367 3119 435 3174 ¹7
458 3094 817 3173 καταπληγεὶς
838 3102 910 3155 R.
939 3101 1066 3154 Put.
1085 3096 1148 3156 τὸ
1175 3097 1364 3178 Θράσος
1390 3102 1467 3156 Κ.
1498 3102 1708 3156 Put.—
1730 3118 1796 3154 αι

275 3189 683 3267 ἕγκαρτεροῧσαι
708 3187 783 3241 Κ.
810 3188 937 3241 Put.
956 3185 1131 3242 -23.
1158 3190 1246 3244 Ex
1265 3184 1377 3244 loci
1406 3185 1688 3243 sententia
1716 3185 1806 3243 sa-

274 3277 385 3334 cile
424 3273 764 3351 intelligitur
806 3271 949 3350 quid
986 3272 1265 3350 significet
1303 3272 1675 3351 participium
1709 3295 1807 3350 χυ-

274 3367 606 3445 τροτομοῦσα
622 3405 638 3434 ,
670 3363 923 3430 t'nv’dens,
959 3360 1190 3418 ludibrio
1231 3361 1463 3434 liabens,
1493 3363 1804 3436 Iudficans.

275 3452 611 3511 Geuuinum
663 3468 786 3507 esse
832 3454 1097 3507 Graecum
1170 3449 1416 3508 verbum
1465 3457 1805 3529 χυτροτομεῖν

274 3560 385 3598 nec
424 3539 713 3596 affirmare
746 3556 852 3596 nec
889 3555 1100 3613 negare
1140 3538 1364 3596 ausim:
1393 3536 1605 3616 quibus
1639 3558 1807 3597 secus

273 3626 567 3687 videbitur
586 3672 604 3701 ,
660 3645 770 3705 per
836 3644 930 3684 me
995 3626 1130 3684 licet
1190 3626 1384 3703 legant
1454 3630 1802 3707 κερτομοῦσα.

272 3723 541 3778 Bnmtcx.
568 3713 958 3793 ἀπαγγέλλεται
984 3718 1111 3771 Put.
1133 3750 1198 3764 --
1227 3722 1300 3783 ²4
1340 3713 1649 3782 σπουδάζειν
1670 3718 1798 3771 Put.

273 3843 340 3858 -.
359 3806 434 3863 26
459 3802 822 3881 ἐμφανίζοντες
854 3799 969 3877 ἅμα
1004 3799 1094 3859 καὶ
1135 3798 1232 3869 τὰς
1263 3799 1520 3882 προτέρας
1555 3807 1805 3879 γυναῖκας

274 3894 426 3953 scire
443 3892 614 3950 velim
633 3888 930 3966 quomodo
951 3887 1340 3948 intellexerint
1360 3890 1632 3948 editores.
1660 3889 1803 3947 Mihi

273 3993 415 4042 sunt
436 3978 705 4051 tenebrae,
727 3978 836 4035 nisi
857 3975 1073 4035 scribas
1098 3976 1462 4059 ἐμφανίζοντες
1490 3977 1605 4056 ἅμα
1627 3976 1718 4037 καὶ
1740 3974 1806 4036 τὰ

273 4067 398 4149 περὶ
426 4067 521 4134 τὰς
537 4073 880 4144 γυναῖκας.-
900 4083 971 4138 27
995 4065 1044 4122 οἱ
1065 4063 1327 4136 Ἀθηναῖοι
1351 4065 1578 4122 addidit
1599 4070 1806 4124 Kuste-

275 4177 398 4216 rus.
435 4160 575 4214 Post
607 4151 853 4235 πρέσὸεις
890 4152 951 4211 in
1008 4153 1158 4229 Aug.
1206 4164 1293 4211 est
1343 4152 1582 4221 lacuna,
1630 4172 1803 4231 quam

274 4245 599 4305 Bruuckius
648 4241 906 4320 quinque
958 4241 1191 4318 punctis
1234 4239 1575 4316 designavit.
1612 4273 1688 4286 —
1728 4252 1802 4303 82

272 4330 680 4410 ἅναμνήσασθαι
699 4333 778 4387 Κ.
810 4329 965 4401 put„
987 4328 1050 4386 iu
1077 4346 1196 4405 quo
1219 4328 1404 4385 inesse
1431 4340 1675 4404 possunt
1697 4348 1804 4387 ve-

273 4421 444 4498 stigia
467 4416 741 4476 vocabuli
767 4415 973 4498 φιλίας,
1016 4415 1175 4494 quod
1216 4415 1330 4473 hoc
1362 4415 1493 4473 loco
1527 4414 1803 4476 excidisse

273 4520 445 4587 puto.
476 4509 572 4576 τῆς
610 4524 724 4563 om.
764 4511 831 4562 R.
868 4509 997 4563 Put.
1037 4510 1187 4581 Aug.
1233 4499 1804 4581 παλαιὰς-γενομένας

271 4602 424 4673 Aug.
450 4600 578 4655 Put.
596 4627 654 4640 --
676 4594 748 4651 33
774 4590 1054 4672 γενομένας
1074 4595 1147 4650 Κ.
1172 4589 1372 4656 εὐνοίας
1393 4590 1466 4649 de
1486 4610 1594 4649 suo
1630 4590 1802 4652 addi-

273 4683 366 4741 dit
387 4688 692 4742 Kusterus.
719 4719 782 4731 —
803 4684 873 4749 34
910 4678 1158 4745 ἑκάστους
1176 4684 1255 4738 Κ.
1273 4714 1338 4728 -
1360 4679 1435 4738 35
1475 4677 1800 4760 Κλεόκριτον

272 4773 405 4828 Put.
429 4767 728 4849 Λεώκριτον
750 4771 827 4826 Κ.
850 4772 952 4826 Est
972 4767 1188 4845 olymp.
1212 4785 1288 4842 92
1310 4785 1444 4825 ann.
1473 4786 1522 4823 1.

356 4863 507 4917 Aac.
548 4862 622 4916 11.
649 4855 842 4938 Ἆριστ.
883 4878 969 4938 γρ.
1011 4853 1235 4914 addidit
1263 4854 1698 4914 Dindorfiu5.—
1732 4874 1801 4914 io

272 4944 536 5023 τιθέμενοι
557 4959 623 5006 et
646 4943 896 5027 ἐξώρισαν
920 4945 1262 5006 Brunckius.
1305 4944 1468 5004 Libri
1502 4941 1801 5025 ἐξίρρησαν.

453 5123 622 5172 Senot„
650 5126 905 5171 Αιιετοεει.

1872 1208 2021 1283 λιάς,
2046 1223 2104 1269 et
2131 1209 2310 1289 ὅμοιος
2338 1231 2412 1270 ex
2431 1212 2637 1271 eodem
2662 1212 2871 1271 Photio
2912 1224 2973 1271 et
3005 1218 3078 1273 R.
3112 1213 3205 1273 καὶ
3225 1216 3274 1273 οἱ
3307 1212 3403 1291 μὲν

1875 1301 2133 1366 οἰκοῦντες
2152 1300 2332 1376 (ἑνοικ.
2361 1302 2454 1372 Κ.)
2479 1304 2545 1358 L.
2569 1306 2718 1359 K.-
2737 1322 2754 1357 ι
2769 1322 2807 1378 9
2829 1302 2947 1361 Γεν.
2973 1299 3074 1382 γὰρ
3095 1307 3163 1361 R.

1959 1389 2015 1460 8,
2046 1397 2119 1456 α4
2143 1384 2606 1469 ἔσκυθρωπακέναι
2640 1393 2734 1466 L.‚
2773 1389 2846 1446 25
2875 1393 3109 1448 τοιοῦτον
3150 1392 3216 1446 L.
3255 1392 3405 1460 Bar„

1880 1496 1951 1548 27
1979 1474 2259 1556 κυανέῃσιν
2282 1481 2414 1536 Bar.
2460 1478 2651 1537 Ceteri
2680 1476 3407 1558 ἑσκυθρωπηκέναι-τοιοῧτο

1877 1562 2335 1624 -κυανέοισιικ-
2358 1566 2431 1624 28
2476 1565 2599 1632 Διὸς
2638 1564 2880 1641 μέτωπον
2918 1565 3096 1624 schol.
3138 1570 3308 1625 Hom.
3337 1566 3405 1623 ll.

1879 1654 1964 1726 Ο,
2001 1673 2104 1711 ιοι
2144 1665 2204 1711 et
2233 1653 2442 1713 Suidas
2478 1673 2523 1713 8.
2568 1652 2894 1722 Τοξοποιεῖν.
2930 1654 3122 1714 Ceteri
3160 1652 3406 1731 μέτωπον

1879 1739 2022 1808 Διὸς.
2049 1741 2243 1821 ἱκταθῇ
2272 1742 2451 1800 schol.
2490 1746 2660 1800 Hom.
2700 1743 2924 1821 ἂκτανθῇ
2954 1749 3015 1800 L.
3042 1743 3097 1800 ἐν
3140 1746 3307 1822 ταύτῃ
3334 1745 3406 1803 Κ.

1880 1827 2035 1900 ἰάνθη
2058 1829 2279 1889 Suidas.

1971 1937 2065 1989 17,
2090 1919 2158 1975 31
2187 1915 2587 1999 ἔστράγγευσειν
2616 1921 2936 1996 Berglerus.
2961 1918 3303 1998 ἕστράγευσεν
3339 1925 3407 1980 R.

1881 2006 2070 2065 Ceteri
2109 2004 2468 2087 ἐστράτευσεν.
2507 2010 2635 2065 Bar.
2659 2008 2719 2065 in
2748 2007 2859 2065 fine
2896 2007 3136 2066 scholii:
3165 2008 3411 2084 σημαίνει

1884 2093 1942 2153 δὲ
1981 2100 2016 2168 ἡ
2059 2094 2196 2161 λέξις
2241 2094 2331 2155 καὶ
2359 2094 2421 2154 τὸ
2458 2093 2762 2155 ἐπικόπτειν
2793 2095 2882 2155 καὶ
2920 2099 3238 2178 στρατεύειν.
3280 2103 3410 2157 Put.

1884 2182 2138 2266 διέτριὸεν
2157 2228 2175 2257 ,
2210 2182 2589 2244 ἀνεὸάλετο.--
2609 2187 2682 2244 33
2724 2183 2813 2243 καὶ
2850 2182 3138 2267 χαριέντως
3165 2190 3235 2245 R.
3260 2186 3409 2245 Ede-

1882 2271 2060 2332 batur
2084 2271 2174 2332 καὶ
2197 2270 2426 2355 χάριτες.
2467 2275 2731 2334 Verbum
2758 2274 2832 2335 de
2870 2293 2980 2332 suo
3015 2274 3240 2334 addidit
3258 2276 3409 2334 Din-

1885 2363 2125 2420 dorfius.

1969 2469 2044 2509 20
2067 2454 2193 2508 Put.
2217 2452 2477 2530 ἀναγκαῖα
2497 2449 2587 2510 καὶ
2608 2449 2712 2533 πρὸ
2729 2451 2956 2511 πάντων.

1969 2538 2044 2596 25
2068 2543 2196 2598 Put.
2220 2538 2342 2619 περὶ
2366 2540 2563 2600 αἰδοίου
2581 2531 2642 2600 οὗ
2668 2538 3113 2619 καταλαμβάνεις.
3139 2579 3196 2592 ·-
3220 2550 3250 2610 4
3278 2533 3413 2602 εἶναι

1887 2645 2002 2684 om.
2030 2629 2091 2683 1..
2111 2628 2186 2683 Κ.
2206 2663 2269 2676 -
2288 2627 2323 2684 5
2345 2625 2518 2696 καθὼς
2541 2626 2606 2687 σὺ
2632 2632 2700 2687 R.
2724 2630 2852 2688 Bar.

1969 2733 2066 2788 27,
2115 2718 2149 2775 6
2182 2714 2480 2795 ηὑρημένον
2509 2717 2679 2775 etiam
2713 2716 2920 2776 Suidus
2944 2736 2991 2776 s.
3015 2715 3415 2799 ῘΕρριπτασμέ-

1886 2825 1995 2863 νον.
2040 2808 2104 2864 L.
2143 2802 2439 2885 ἠρρημένον
2457 2849 2473 2878 ,
2516 2805 2672 2884 quod
2722 2803 3033 2887 ἐρριμμένον
3079 2825 3201 2866 esse
3245 2826 3414 2886 posse

1887 2890 2358 2952 animadvertunt
2408 2894 2749 2953 Gaisfordus
2793 2893 2866 2953 ad
2914 2894 3148 2953 Suidam
3188 2907 3248 2954 et
3285 2900 3415 2954 Do·

1890 2976 2092 3037 braeus.
2132 2978 2417 3059 εὑρημένον
2462 2986 2591 3040 Bar.
2620 3016 2683 3028 -
2720 3002 2753 3055 7
2804 3006 2829 3033 α
2858 2986 3184 3062 στροφᾶσθαι
3236 2983 3414 3061 (quod

1889 3070 2231 3146 στρωφᾶσθαι
2276 3068 2472 3146 potius
2526 3068 2939 3145 scribendum)
2977 3074 3044 3128 L.
3082 3095 3107 3121 υ
3149 3072 3411 3145 Diadorf.

1887 3159 2170 3213 Kusterus
2197 3175 2270 3214 ex
2294 3156 2495 3215 eodem
2519 3157 2719 3215 codice
2741 3154 3114 3237 στροφεύεσθαι
3135 3171 3415 3219 enotave-

1890 3253 1999 3299 rat.
2014 3276 2079 3289 —
2094 3262 2132 3318 9
2155 3264 2346 3323 μεταφ.
2369 3251 2538 3301 ποιεῖν
2560 3248 2711 3317 Bar„
2735 3245 2837 3321 qui
2856 3246 3153 3322 sequentia
3177 3248 3413 3306 omittit.

1890 3329 2099 3388 Suidas
2130 3330 2273 3397 ὅπως
2293 3324 2351 3390 εὗ
2383 3329 2528 3411 ἔλθῃ.
2562 3330 2942 3391 Scribendum
2967 3333 3202 3393 videtur
3237 3333 3335 3402 Im<
3357 3328 3416 3394 εὖ

1890 3414 2113 3496 ἔλθῃ.-
2137 3438 2207 3476 ιο
2227 3418 2382 3500 ἄχρις
2406 3417 2468 3477 ἂν
2493 3422 2678 3500 εὑρεθῇ
2702 3418 2764 3478 τὸ
2793 3420 3014 3479 Suidas.
3338 3463 3342 3467 .

1908 3583 1943 3652 ἶ
1974 3507 2069 3580 33,
2105 3507 2173 3565 15
2198 3510 2328 3586 ἡμῖν
2359 3529 2419 3566 τε
2450 3505 2570 3573 τοὺς
2591 3508 3035 3587 Λακεδαιμονίους
3079 3511 3145 3570 R.
3185 3512 3419 3572 Excidit

1890 3615 1915 3651 ε
1939 3617 2043 3654 ναι.

1971 3683 2067 3754 36,
2093 3702 2162 3740 21
2191 3703 2276 3761 sq.
2301 3681 2811 3767 ᾤκουν-Ἐγχελεῖς
2827 3685 3022 3745 addita
3053 3707 3125 3746 ex
3151 3691 3222 3746 R.
3247 3692 3415 3751 Cous.

1888 3772 2105 3848 Unger.
2135 3772 2421 3831 Paradox.
2444 3772 2628 3834 Theb.
2653 3779 2699 3847 1,
2734 3794 2792 3852 p.
2814 3794 2889 3833 20
2910 3795 3111 3854 sqq.-—
3131 3795 3205 3834 αα
3224 3767 3299 3836 ὧν
3325 3778 3415 3837 καὶ

1889 3864 2037 3918 Ι..-
2054 3866 2128 3928 24
2162 3859 2322 3918 addit
2358 3864 2489 3919 Bar.
2521 3859 2636 3920 ὅθεν
2660 3860 2751 3921 καὶ
2784 3865 2832 3922 οἱ
2857 3863 3131 3942 λεγόμενοι
3151 3863 3416 3944 ἰγχέλεις,

1888 3947 2010 4026 περὶ
2032 3937 2106 4005 ὧν
2127 3969 2285 4028 φησιν
2307 3945 2619 4017 Ἑλλάνικος
2635 3950 2690 4008 ἐν
2717 3957 2824 4016 τοῖς
2851 3952 3172 4018 Βοιωτικοῐς.

1972 4035 2069 4108 43,
2096 4037 2170 4094 3ο
2190 4034 2553 4095 scribebatur
2573 4037 2867 4120 ψιμμυθίφ.

1972 4122 2067 4191 45,
2101 4124 2173 4181 32
2213 4122 2511 4204 Κιμὸερίνα
2551 4129 2621 4185 R.
2654 4123 2987 4206 Κιμὸερῖναῖ*
3009 4127 3316 4208 Ταραντῖνοι
3344 4136 3414 4189 R.

1888 4209 2080 4271 Ceteri
2107 4211 2428 4292 Ταραντινά.
2449 4249 2512 4262 -
2531 4213 2605 4272 33
2638 4233 2724 4292 sq.
2764 4216 2813 4272 οἱ
2847 4212 3031 4273 στατοὶ
3066 4217 3116 4274 οἱ
3162 4215 3304 4297 ὀρθοὶ
3333 4218 3413 4296 (οἱ

1887 4294 2069 4357 στατοὶ
2088 4316 2337 4376 superne
2359 4299 2717 4380 adscriptum
2737 4302 2797 4361 in
2822 4300 2913 4380 L.)
2929 4303 3147 4381 χιτῶνες
3163 4304 3418 4384 ὀρθοστά-

1887 4387 1991 4445 διοι
2011 4387 2295 4445 καλοῦνται
2323 4391 2389 4446 L.
2411 4392 2490 4447 Κ.
2508 4425 2571 4438 -
2591 4390 2668 4447 36
2688 4386 2868 4447 λαὸὦν
2891 4408 3007 4447 om.
3036 4394 3163 4448 Bar.

1971 4475 2066 4547 48,
2098 4475 2174 4551 39
2202 4472 2258 4534 δὲ
2300 4475 2498 4553 βοτάνη
2537 4482 2687 4536 R.—
2725 4485 2798 4545 42
2822 4480 3065 4557 φαίνεται
3094 4482 3224 4536 Bar.
3253 4513 3314 4526 -
3334 4485 3408 4550 44

1883 4561 1954 4622 τὰ
1975 4582 2089 4622 om.
2117 4568 2187 4622 R.

1968 4651 2065 4723 55,
2092 4659 2163 4724 47
2196 4651 2278 4709 sic
2303 4654 2374 4709 R.
2405 4653 2597 4711 Ceteri
2623 4653 2709 4712 Οὔ
2734 4649 2838 4733 γὰρ
2875 4650 3000 4733 (γὰρ
3039 4673 3155 4712 om.
3198 4654 3291 4733 L.)
3330 4655 3409 4734 μὰ

1885 4737 1990 4797 Δία
2011 4736 2147 4816 μετὰ
2179 4742 2261 4821 βρ.
2290 4742 2363 4801 R.
2396 4736 2733 4821 βραδύτητος.

1967 4827 2064 4901 56,
2095 4826 2164 4884 51
2192 4825 2421 4907 ἀκριὸῶς
2446 4846 2563 4889 om.
2590 4833 2656 4887 L.
2679 4833 2754 4887 Κ.
2777 4822 2813 4900 ἢ
2841 4834 2967 4889 Bar.
2994 4850 3102 4908 pro
3121 4821 3247 4891 οἷον.

1969 4917 2065 4988 58,
2098 4915 2171 4974 53
2197 4915 2426 4995 διῃρεῑτο
2446 4915 2582 4974 libri
2606 4929 2811 4995 praeter
2829 4922 2918 4979 R..
2943 4920 3045 4997 qui
3068 4919 3171 5001 γὰρ
3195 4941 3312 4982 om.
3328 4956 3407 4973 --

1896 5025 1921 5063 1
1955 5002 2010 5063 δὲ
2029 5024 2099 5063 ex
2121 5008 2189 5062 R.
2211 5004 2467 5063 accessit.
2484 5041 2549 5055 -
2569 5008 2601 5064 3
2621 5007 2698 5087 τῷ
2720 5005 2868 5065 ἄστει
2901 5010 3028 5066 Bar.
3050 5006 3173 5089 περὶ
3188 5007 3252 5068 τὸ
3276 5009 3408 5070 ἄστυ

3161 5126 3222 5174 3²
