3859 5725
310 262 1913 384 mmmmm&

2368 291 2370 293 '
2409 291 2545 318 (μμ-Α
2566 300 2587 318 ι·
2642 265 3432 379 QQQ*W⁵WG”

2410 324 2577 351 (V(,‘''
2641 326 2659 347 f
2719 326 2807 352 (Γί

3553 476 3567 502 0

1029 479 2698 734 ADNOTATIO

563 1058 1722 1205 SCHOLIASTAS
1830 1057 2937 1200 ARISTOPHAN
2946 1060 3148 1195 IS.

1419 1560 1908 1655 ACHARN
1912 1563 2070 1652 EN
2073 1564 2295 1654 SES.

362 1756 501 1808 Aue.
521 1751 569 1810 1.
594 1750 628 1807 3
654 1745 937 1829 ἐφίστηκεν
961 1749 1104 1823 Reg.
1133 1739 1394 1821 (membr.
1420 1707 1599 1811 5712,
1635 1753 1815 1814 quem

280 1835 672 1913 contulimus).
701 1870 787 1884 —
807 1834 842 1893 5
872 1833 1026 1902 ἐξαπ.
1061 1838 1205 1909 Reg.
1254 1828 1447 1888 Ceteri
1487 1840 1555 1885 ut
1582 1826 1814 1883 videtur
1892 1821 2232 1899 conjectura
2255 1823 2468 1884 ὀλοίατ’.
2504 1830 2688 1885 Dum.

280 1923 615 1993 ὶξάπτοντας.
641 1958 722 1973 -
749 1943 770 1979 1
789 1944 813 1980 1
847 1917 1291 1998 πολεμικωτάτοις
1312 1912 1689 1973 κατακέλευσιν
1717 1915 1812 1984 lt„

280 2025 640 2091 postremum
667 2011 840 2069 etiam
873 2015 1018 2086 Reg.
1047 2042 1127 2053 -
1162 2025 1231 2064 ια
1268 1999 1694 2079 ἀπολογήσασθαι
1738 2004 1810 2057 R.

278 2101 415 2164 ΑΜ.
456 2134 533 2145 -
565 2100 634 2158 15
662 2107 770 2164 τοῖς
790 2103 883 2156 τοῦ
924 2097 1063 2170 Τηλ.
1110 2099 1252 2172 Reg.
1281 2125 1353 2139 —
1399 2092 1468 2150 16
1514 2088 1814 2170 ἀχαρίστως

280 2194 356 2248 R.
382 2221 468 2240 -—
512 2209 579 2261 17
615 2185 738 2268 περὶ
782 2206 898 2244 om.
940 2190 1083 2260 Reg.
1127 2182 1373 2241 Brunck.
1399 2184 1491 2238 τοῦ
1525 2201 1602 2238 τε.
1633 2212 1713 2223 -
1738 2179 1811 2234 26

279 2271 785 2356 παρεσκευασμένα,
811 2291 883 2343 ²7
911 2268 1106 2328 τούτων
1125 2274 1265 2345 neg.
1293 2300 1372 2312 —
1403 2268 1478 2324 3ο
1505 2287 1650 2331 τινας
1670 2269 1810 2340 Reg.

281 2404 366 2417 ..-.
396 2364 469 2420 33
513 2358 1083 2442 προσαποστελλόντων,
1120 2361 1262 2434 Reg.
1317 2353 1439 2413 Ald.
1481 2393 1558 2406 --
1606 2353 1680 2409 36
1724 2349 1812 2409 τὸν

282 2447 578 2532 στρατηγὸν
603 2453 673 2507 R.
690 2479 773 2498 -—
792 2455 865 2515 4ο
885 2443 1137 2515 ἐπανήκει
1166 2456 1298 2521 post
1325 2437 1564 2500 ἀναλύων
1585 2439 1646 2497 in
1669 2443 1811 2516 Reg-

280 2571 368 2585 -
397 2548 432 2607 l.
461 2538 520 2595 οὗ
544 2532 798 2603 σώζονται
826 2545 961 2611 post
998 2529 1322 2610 Νουμηνίαις
1352 2526 1654 2605 transponi
1687 2544 1814 2583 ma·

284 2625 413 2684 vult
432 2624 752 2683 Elmsleins.

368 2715 513 2773 Ano.
542 2715 616 2770 11.
652 2728 723 2767 10
745 2707 906 2767 πάλιν
931 2725 1048 2766 om.
1072 2709 1141 2764 R.
1175 2738 1254 2750 -
1284 2706 1353 2761 16
1375 2705 1445 2770 ὣς
1466 2703 1658 2769 ἱκανῶς
1680 2700 1813 2760 Ald.

284 2801 555 2860 Correxit
579 2796 921 2859 Brunckius.

871 2989 1222 3053 SCHOLIA.

376 3126 428 3178 1,
457 3106 534 3164 28
566 3104 935 3182 θαυμαστικῶς
958 3098 1075 3159 ἀντὶ
1095 3105 1190 3173 R.,
1217 3097 1318 3176 qui
1339 3109 1522 3155 totum
1551 3094 1815 3154 scholion

287 3194 562 3273 proximo
579 3190 796 3251 scholio
821 3189 1161 3268 postponit,
1193 3198 1326 3263 post
1352 3183 1585 3266 φάσκων.
1624 3215 1700 3228 -
1740 3202 1817 3257 ‘²9

289 3303 460 3358 συμπ.
491 3299 604 3338 om.
639 3284 707 3338 R.
735 3309 811 3323 —
842 3278 915 3335 32
957 3277 1100 3334 ἐτι-εῖν
1129 3278 1165 3346 ἦ
1192 3295 1246 3330 κ.
1278 3278 1350 3332 R.
1379 3294 1452 3308 -
1492 3274 1592 3347 34,
1625 3271 1700 3330 35
1727 3268 1817 3328 τὸν

289 3370 376 3446 ly..
410 3365 572 3446 Θυμὸν
604 3365 734 3425 ΑΜ.
773 3365 847 3423 38
875 3362 1037 3421 addit
1068 3366 1138 3420 R.
1163 3358 1263 3418 ὅσα
1296 3382 1309 3416 t
1338 3357 1419 3418 Τδ
1453 3357 1633 3439 μόριον
1667 3361 1823 3416 τοῦτο

290 3454 534 3536 ἀόριστον
578 3448 635 3513 ὃν
679 3451 875 3522 πλῆθος
909 3452 1131 3529 ἀριθμοῦ
1158 3445 1421 3523 σημαίνει.
1449 3479 1532 3495 -
1562 3466 1585 3503 1
1615 3448 1684 3512 ὣς
1726 3443 1818 3505 καὶ

169 3585 179 3593 -
294 3561 414 3604 om.
440 3546 510 3600 R.

376 3631 431 3702 3,
460 3650 492 3702 7
524 3623 877 3710 ψαμμακόσιοι
907 3635 968 3682 et
997 3622 1150 3681 infra
1175 3621 1215 3679 l.
1246 3641 1284 3698 9
1318 3633 1379 3679 et
1412 3621 1486 3677 28
1519 3622 1817 3700 ψαμμακου

293 3717 436 3783 σίους
454 3715 642 3774 Suidae
666 3713 853 3773 codex
868 3711 1049 3771 Paris.
1070 3715 1138 3768 A.
1161 3708 1532 3769 scribebatur
1549 3712 1818 3789 ψαμμοκ-.

292 3847 374 3860 ...
403 3823 474 3862 12
507 3800 770 3880 Λημνίαις
796 3804 1104 3857 Kusterus.
1130 3796 1458 3875 Legebatur
1482 3796 1735 3874 Λίμναις,
1763 3810 1822 3855 et

292 3895 379 3954 sic
406 3891 595 3952 Suidae
622 3889 752 3948 cod.
793 3888 971 3946 Paris.
1014 3905 1125 3965 pro
1163 3885 1400 3961 vulgato
1425 3883 1685 3961 Λήμναις.
1721 3890 1823 3944 Est

295 3981 498 4058 fragm.
524 3981 657 4050 3²7·
676 4009 757 4021 —
778 3977 847 4033 13
861 3974 988 4032 πᾶσ’
1011 3970 1278 4052 ἕγάργαιρ’
1301 3972 1562 4049 Toupius
1584 3972 1821 4033 Emend.

294 4068 415 4127 vol.
445 4069 499 4139 3,
536 4086 599 4144 p.
642 4083 775 4123 200.
814 4061 1144 4141 Legebantur
1172 4068 1319 4117 πᾶσα
1345 4059 1605 4141 γάργαιρ’.
1634 4095 1714 4108 —
1750 4071 1819 4131 14

296 4167 434 4235 post
474 4158 605 4231 ἡμῖν
645 4150 977 4211 addendum
1009 4150 1149 4208 ἐστιν
1189 4144 1392 4225 ἀνδρῶν
1425 4166 1498 4204 ex
1535 4147 1821 4207 Macrobii

297 4248 531 4305 saturn:
558 4241 613 4312 5,
650 4257 743 4299 20.
774 4272 855 4284 —
889 4239 958 4297 15
987 4235 1022 4294 ἃ
1048 4234 1103 4295 δὲ
1144 4233 1368 4295 Βιιίἀιιε.
1410 4231 1502 4292 ἅδε
1531 4235 1664 4294 Ald.
1705 4240 1826 4295 Lo·

298 4351 435 4391 cum
477 4329 699 4407 aliquot
737 4325 933 4385 verbis
977 4336 1205 4384 auctum
1254 4322 1424 4380 affert
1450 4321 1657 4383 Athen.
1685 4324 1742 4396 6,
1764 4344 1821 4402 p.

301 4438 437 4495 229,
466 4421 529 4476 F.
554 4449 637 4462 -
662 4433 736 4472 αα
759 4413 865 4472 ἀπὸ
885 4419 974 4472 τοῦ
999 4412 1218 4472 Suidas.
1246 4409 1574 4488 Legebatur
1599 4410 1707 4469 ἀπό
1731 4434 1790 4471 τε
1806 4454 1825 4484 ,

298 4516 488 4572 recte,
514 4503 564 4561 si
594 4519 722 4560 cum
746 4505 1000 4559 Kustero
1031 4498 1313 4558 scribatur
1344 4496 1450 4556 ἀπό
1471 4520 1529 4557 τε
1560 4502 1653 4571 τῆς
1676 4498 1825 4579 ψάμ-

302 4614 407 4672 μου
429 4589 522 4651 καὶ
549 4593 657 4649 τῶν
699 4587 998 4669 γαργάρων.
1027 4591 1056 4645 ὁ
1084 4585 1283 4670 wip—m
1308 4590 1492 4645 Dum.
1522 4618 1604 4630 —
1627 4587 1702 4645 33
1733 4591 1825 4646 τοῦ

299 4704 338 4760 γ
359 4699 435 4738 ex
453 4678 631 4739 Suida
650 4676 873 4737 addidit
886 4676 1060 4735 Dind.
1085 4709 1159 4720 —
1185 4676 1257 4748 37
1281 4674 1363 4733 sic
1384 4681 1693 4737 Kusterus.
1714 4674 1829 4756 ἀρί-

302 4792 443 4835 στων
488 4767 688 4848 ἀνδρῶν
715 4767 844 4825 Ald.
878 4766 1025 4826 eod.
1067 4770 1245 4825 Laur.
1283 4765 1483 4845 ἀνδρῶν
1535 4765 1825 4848 κρατίστων

300 4858 573 4940 μάρμαιρε
595 4854 734 4933 (quo
761 4855 951 4914 deleto
985 4854 1441 4933 superscriptum
1469 4853 1742 4936 κάρκαιρε)
1766 4878 1824 4916 π.

384 4949 445 5022 6,
470 4944 660 5020 47-50
690 4942 996 5017 Ἀπλήστως
1018 4977 1101 4996 --
1134 4942 1327 5012 ἱππίας
1357 4945 1510 5006 infra
1538 4958 1670 5023 post
1688 4945 1828 5008 Θεό-

301 5056 512 5115 πομπος
537 5032 714 5093 habet
732 5038 803 5093 R.

1973 1734 2029 1809 8,
2071 1755 2142 1795 ιο
2174 1735 2381 1809 ὄλοίτην
2426 1738 2751 1800 Elmsleius.
2793 1738 3166 1800 Probabilior
3197 1739 3434 1799 Dobraei

2811 1904 2920 1978 ήνη
2961 1860 3175 1966 συναλῖί
3211 1904 3317 1965 ἀπὸ
3343 1910 3440 1966 τοῖ’

2232 1998 2266 2030 κ

1894 2038 2122 2120 κεχήνεα
2146 2043 2282 2102 ἅττι.
2308 2043 2370 2103 τὸ
2391 2042 2492 2126 γὰρ
2533 2067 2558 2104 ε
2585 2044 2676 2104 καὶ
2715 2068 2752 2104 α
2791 2048 2865 2112 εἰς
2900 2071 2956 2118 η.
2994 2046 3100 2106 ἀπὸ
3130 2056 3432 2128 μεταφορᾶς

1894 2134 2002 2190 τῶν
2032 2131 2249 2212 ὀρνίθων
2288 2135 2394 2191 τῶν
2418 2136 2639 2192 νεοττῶν
2677 2133 3115 2215 προσδεχομένων
3143 2132 3235 2193 καὶ
3263 2157 3440 2215 κεχη-

1894 2217 2076 2277 νότων.
2098 2254 2186 2270 —-
2220 2223 2295 2278 23
2321 2211 2426 2278 οἷον
2469 2214 2557 2279 οὖν
2591 2244 2675 2303 τρ.
2720 2245 2778 2300 μ.
2809 2213 2874 2295 ἦν
2896 2221 2959 2281 τὸ
2980 2222 3207 2282 ἀκοῦσαί
3246 2245 3300 2282 τι
3327 2226 3435 2282 τῶν

1893 2304 2162 2386 Αἰσχύλου
2186 2307 2410 2368 Suidas.
2438 2328 2483 2368 s.
2515 2307 2756 2387 Κεχήνη.
2780 2343 2859 2355 —-
2894 2330 2970 2387 ²9
2988 2311 3211 2390 ἐνιαυτῷ
3227 2311 3284 2368 λ’
3303 2311 3447 2369 Pat-

1893 2397 2124 2454 merius.
2149 2395 2476 2474 Legebantur
2503 2396 2755 2458 ἐνιαυτόν.

1982 2504 2074 2555 11,
2103 2483 2179 2541 35
2205 2485 2268 2541 ἐκ
2286 2486 2391 2541 τῶν
2420 2482 2715 2564 τριάκοντα.
2742 2489 2810 2545 V.
2842 2486 3115 2563 Xenoph.
3143 2488 3216 2545 Η.
3241 2490 3344 2545 Gr.
3370 2505 3428 2558 α,

1896 2576 1954 2648 3,
1984 2594 2040 2634 α.
2069 2571 2214 2633 Χιὼν
2237 2574 2442 2633 Suidas
2462 2594 2508 2632 s.
2533 2573 2752 2652 Θέογνις
2778 2588 2838 2633 et
2859 2576 3093 2657 Ψυχροῦ
3120 2575 3252 2655 βίου.
3282 2577 3446 2635 Scri*

1893 2661 2145 2722 bebatur
2169 2659 2334 2722 Χίων.
2358 2666 2429 2721 V.
2453 2682 2512 2722 v.
2542 2664 2830 2730 138-140.
2868 2668 3056 2722 Dum.

1982 2769 2073 2823 ια,
2100 2751 2175 2807 36
2200 2748 2457 2809 ἔνσειστον
2486 2740 2645 2809 οὖσαν
2689 2754 2758 2828 τῇ
2784 2772 2839 2832 φ.
2871 2774 2929 2829 μ.
2960 2747 3184 2818 ἐξέσεισε
3219 2755 3290 2809 R.
3321 2748 3440 2809 Eff-

1895 2863 2099 2901 σειστον
2142 2841 2394 2901 correxit
2439 2841 2612 2901 Dind.
2653 2862 2726 2901 ex
2755 2847 2925 2905 Laut.
2960 2841 3146 2920 Vulgo
3174 2840 3437 2902 ἄσειστον».

1896 2934 2078 2988 Laut.
2098 2927 2196 3001 τὴν
2224 2927 2400 3011 φύσιν.

1988 3019 2082 3089 13,
2112 3026 2182 3086 41
2212 3022 2387 3075 Laut.
2413 3014 2573 3083 Τινὲς
2599 3015 2780 3083 οὕτως.
2810 3020 2839 3077 ὁ
2869 3019 2952 3081 Μ.

1984 3105 2076 3178 15,
2110 3106 2184 3173 48
2214 3103 2366 3170 τάτες
2403 3109 2474 3163 R.
2515 3106 2668 3175 τῆδες
2692 3105 2836 3165 ΑΙά.
2881 3105 3088 3163 suidas
3130 3123 3175 3163 ε.
3214 3104 3389 3175 Τῆτες
3420 3125 3438 3159 ι

1895 3196 2048 3249 τοῦτο
2093 3189 2148 3251 δὲ
2172 3193 2222 3250 οἱ
2248 3193 2465 3273 Δωριεῖς
2519 3199 2668 3256 τᾶτες
2722 3190 2936 3267 λέγουσι
2982 3191 3072 3250 καὶ
3128 3187 3214 3248 διὰ
3267 3195 3359 3251 τοῦ
3407 3191 3446 3249 3.

1896 3278 2068 3349 τῆδες.

1985 3368 2075 3435 16,
2106 3364 2173 3423 51
2200 3368 2230 3424 ὃ
2258 3364 2313 3424 δὲ
2345 3366 2415 3426 X.
2450 3355 2594 3431 οὗτος
2618 3371 2684 3424 R.
2729 3363 2851 3423 ὅσον
2873 3363 2930 3423 δὲ
2951 3364 3014 3425 τὸ
3038 3362 3263 3446 amplum
3279 3364 3439 3436 Ald„

1897 3465 1958 3513 et
1979 3451 2225 3525 αὐλητής.
2248 3486 2330 3498 -
2351 3453 2427 3511 53
2455 3455 2526 3519 ὡς
2567 3454 2719 3526 δηλοῖ
2758 3454 2849 3510 καὶ
2890 3471 3009 3511 om.
3054 3457 3123 3511 R.
3151 3486 3234 3499 --
3264 3472 3292 3515 1
3318 3472 3435 3510 om.

1896 3547 1990 3614 R.,
2013 3541 2113 3618 qui
2140 3560 2174 3598 α
2207 3539 2470 3619 Ἀχαιοῖσι
2498 3562 2585 3618 με,
2611 3539 2848 3617 reliquis
2875 3540 3117 3599 omissis.

1986 3648 2078 3701 17,
2108 3649 2140 3701 7
2175 3627 2473 3706 σμήχεσθαι
2501 3634 2606 3707 (γρ.
2636 3626 2727 3686 καὶ
2757 3628 3009 3704 σμᾶσθαι)
3035 3633 3210 3687 Laut.
3232 3660 3313 3673 —-
3339 3631 3436 3685 τοῦ

1897 3739 1933 3775 τ
1958 3715 2161 3774 Suidas
2189 3736 2233 3774 8.
2254 3713 2495 3778 Ῥύπτει.
2519 3711 2706 3777 τούτου
2750 3713 2866 3773 Ald
2910 3746 2989 3758 —-
3016 3715 3053 3772 8
3081 3711 3281 3797 χρῦπος
3304 3714 3441 3774 Sui-

1901 3803 2022 3862 das.
2050 3800 2211 3884 ῥύπος
2235 3800 2337 3884 γὰρ
2363 3803 2491 3861 AM.

1988 3892 2080 3963 18,
2112 3910 2182 3955 12
2219 3888 2360 3949 κόνιν
2403 3896 2472 3950 R.
2506 3902 2565 3947 et
2605 3888 2825 3949 suidas.
2858 3887 3006 3968 κονίᾳ
3031 3894 3336 3949 Kusterus.
3359 3921 3444 3947 -ι

1907 3980 1977 4036 13
2002 3974 2273 4056 σμῶμενοι
2297 3982 2598 4035 Knstems.
2620 3974 2921 4053 ὀσμώμενοι
2947 3981 3018 4035 R.
3043 3975 3176 4034 Ald.
3199 3987 3259 4034 et
3276 3975 3438 4036 Suid.

1989 4086 2082 4142 19,
2112 4085 2302 4138 17-22
2326 4085 2442 4143 pro
2469 4064 2561 4123 his
2579 4068 2651 4125 R.
2686 4063 2789 4123 εἰσὶ
2812 4061 2868 4121 δὲ
2890 4060 3067 4145 κύριαι
3114 4067 3254 4142 γτοῦ
3278 4062 3440 4140 μηνὸς

1903 4153 2151 4228 Ἀθηνήσι
2170 4154 2317 4232 [sic],
2342 4149 2826 4235 πρώτη-τριακὰς
2853 4153 2908 4210 αἱ
2931 4150 3124 4233 κύριαι.
3153 4153 3209 4210 αἱ
3227 4148 3283 4210 δὲ
3309 4149 3440 4232 πρὸς

1902 4242 1967 4307 τὸ
1984 4249 2291 4320 κατεπεῖγον
2311 4242 2592 4300 καλοῦνται
2636 4237 2937 4316 σῦγκλητοι.
2956 4245 3045 4299 De
3081 4239 3193 4298 hoc
3212 4239 3435 4298 scholio

1904 4332 2120 4389 dictum
2147 4329 2222 4387 ab
2266 4329 2651 4389 Schoemanno
2672 4331 2761 4385 De
2783 4326 2977 4385 comit.
3003 4348 3060 4404 p.
3092 4346 3188 4404 29,
3219 4330 3314 4399 31,
3338 4328 3438 4398 32,

1905 4421 2000 4489 43.
2029 4418 2155 4476 Lin.
2199 4437 2266 4489 17
2305 4414 2483 4497 κύριαι
2519 4414 2713 4474 addidi
2750 4434 2824 4473 ex
2860 4415 3039 4474 Suida
3066 4435 3113 4474 s.
3136 4413 3439 4485 Ἐκκλησία

1903 4504 2078 4586 κυρία.
2101 4509 2281 4563 Dum.
2308 4537 2383 4547 -
2415 4505 2484 4560 18
2525 4505 2561 4573 ἦ
2600 4498 2786 4583 πρώτη
2806 4545 2823 4577 ,
2844 4500 2938 4560 καὶ
2962 4504 2998 4573 ἡ
3030 4499 3225 4574 δεκάτη
3244 4546 3261 4575 ,
3284 4499 3377 4560 καὶ
3400 4507 3436 4575 ἡ

1903 4593 2119 4675 τριακὰς
2144 4592 2314 4652 etiam
2344 4591 2567 4651 suidas.
2597 4598 2669 4648 At
2686 4591 2852 4648 aliter
2871 4590 3160 4668 Ulpianus
3175 4632 3194 4655 .
3218 4594 3440 4648 Demo-

1907 4682 2125 4741 sthenis
2147 4682 2465 4757 interpres,
2492 4681 2554 4737 in
2576 4679 3031 4750 Timocrateam3
3059 4679 3160 4755 qui
3188 4678 3434 4755 primam

1906 4768 2190 4842 ἐκκλησίαν
2234 4767 2417 4849 κυρίαν
2467 4765 2622 4845 apud
2668 4766 3050 4825 Athenienses
3082 4783 3200 4823 non
3243 4767 3436 4843 primo

1908 4859 2004 4916 die
2032 4856 2270 4934 mensis,
2305 4854 2406 4914 sed
2449 4854 2754 4914 undecimo
2788 4852 3048 4912 habitam
3087 4871 3213 4911 esse
3239 4852 3432 4910 tradit.

1905 4943 2099 5004 Verba
2117 4944 2239 5021 ejus
2265 4945 2387 5001 haec
2411 4955 2545 5002 sunt
2572 4966 2585 5000 ι
2614 4939 2808 5001 Ἰστίον
2848 4938 2951 5021 γὰρ
2967 4984 2983 5013 ,
3011 4937 3094 4998 ὅτι
3124 4938 3262 4999 κατὰ
3289 4942 3432 5015 μῆνα

1906 5039 2043 5112 τρεῖς
2067 5029 2346 5102 ἐκκλησίας
2369 5032 2664 5106 ὃποιοῧντο,
2699 5028 3060 5108 βουλευόμενοι
3085 5028 3208 5109 περὶ
3242 5028 3347 5086 τῶν
3374 5027 3436 5085 ἐν.

1982 1922 2074 1975 1ο,
2124 1907 2312 1975 17-23
2355 1924 2463 1983 pro
2490 1906 2580 1964 his
2606 1910 2678 1963 R.
