3859 5725
408 305 529 362 486

480 432 596 498 614
613 473 633 503 ,
660 449 695 485 2
723 429 968 507 glossam
991 444 1183 503 τιμίοις
1209 423 1383 483 habet
1410 428 1497 499 V.,
1518 443 1634 484 om.
1654 429 1727 483 G.

481 519 622 592 617,
653 518 685 575 3
715 513 907 597 εὕρεμα
932 519 1003 574 V.
1032 516 1233 586 θνητῶν
1268 518 1340 571 G.

481 605 629 680 618,
660 605 694 663 5
724 604 989 664 Ἐνταῦθα
1013 625 1071 680 μ.
1098 607 1169 661 V.
1203 601 1478 663 Scholion
1506 619 1623 658 om.
1644 605 1719 661 G.

478 695 632 768 620,
679 714 719 770 9
764 715 923 775 φασιν
967 691 1089 750 Ald.
1132 695 1336 749 Veram
1382 691 1689 749 lectionem
1733 690 1940 749 babuit

399 782 573 840 etiam
602 781 807 842 Suidas
834 801 877 839 s.
905 778 1205 860 Κομάρους.

477 870 630 937 626,
661 888 733 941 27
761 870 969 927 πίπτων
994 871 1066 925 R.

478 956 596 1032 629
626 954 1116 1033 Ἐπαγγειλάμινος
1144 950 1303 1031 ὅμοια
1330 958 1403 1011 V.

478 1045 592 1115 637
626 1041 927 1125 Χαριίντως
950 1032 1065 1101 εἶπε
1095 1062 1212 1100 0111.
1235 1047 1310 1101 V.

473 1133 622 1209 639,
674 1139 747 1201 42
800 1130 889 1191 διὰ
931 1153 1048 1191 0111.
1083 1135 1153 1190 Β.
1198 1167 1262 1181 -
1312 1138 1385 1199 44
1431 1130 1540 1197 υίὸς
1584 1129 1936 1192 Ἀλκιὸιᾶδου.

395 1224 620 1298 Inepte.
641 1219 969 1279 Alcibiades
981 1233 1184 1279 auctor
1195 1218 1301 1278 fuit
1318 1219 1697 1298 expeditionis
1711 1220 1937 1286 Siculae,

395 1309 579 1367 Nicias
594 1321 786 1368 autem
807 1310 957 1387 patri
980 1327 1193 1367 nomen
1210 1307 1386 1364 fuisse
1406 1319 1629 1366 constat
1648 1307 1938 1367 Nicerato.

394 1401 462 1453 In
487 1392 817 1455 Ἀλκιὸιάδου
852 1397 1223 1455 consentiunt
1249 1395 1445 1452 Suidae
1467 1394 1699 1452 codices
1721 1413 1766 1451 S.
1793 1394 1939 1453 Μελ-

392 1484 649 1558 λονικιᾶν,
681 1483 787 1543 ubi
822 1483 912 1543 ed.
954 1482 1183 1542 Mediol.
1220 1481 1549 1564 Νικηράτου.
1588 1485 1775 1540 Dmn.
1811 1482 1938 1539 ἀνε-

392 1569 587 1630 ὅάλετο
605 1572 798 1630 Suidae
820 1570 1004 1630 codex
1027 1577 1090 1629 Α.

473 1658 590 1724 640
609 1701 627 1732 ,
671 1659 745 1726 46
782 1655 1023 1717 νεοσσίαν
1051 1659 1119 1716 V.
1150 1657 1285 1721 Ald.
1320 1696 1386 1712 --
1424 1656 1500 1726 48
1528 1657 1591 1715 ἐκ
1615 1658 1846 1738 παραλλ.
1875 1655 1939 1716 τὸ

390 1744 520 1804 αὐτό
543 1745 719 1804 habet
742 1750 814 1805 R.

470 1833 621 1907 645,
653 1841 730 1911 49
766 1835 928 1914 prius
953 1832 1047 1893 καὶ
1083 1852 1200 1894 0111.
1234 1839 1308 1894 V.
1337 1869 1404 1883 -
1441 1832 1508 1891 51
1542 1832 1735 1916 κυρίως
1766 1839 1837 1893 Β.
1865 1839 1933 1892 V.

390 1942 500 2001 pro
525 1920 713 2002 Κριὸς.

480 2017 598 2085 648
617 2060 634 2089 ,
667 2019 701 2076 3
736 2015 944 2076 ἐπάνιθι
970 2019 1145 2076 etiam
1177 2018 1380 2077 Suidas
1408 2037 1455 2077 8.
1484 2017 1936 2101 Ἐπανάκρουσαι.

398 2103 520 2165 ΔῙά.
550 2102 859 2178 ἐπανάὸηθι.
896 2143 960 2155 -
985 2114 1019 2176 4
1043 2105 1134 2164 καὶ
1164 2106 1280 2184 μεθ’
1302 2109 1371 2163 V.
1405 2104 1497 2164 καὶ
1526 2125 1638 2165 0111.
1671 2111 1743 2166 Β.
1777 2113 1846 2166 G.
1879 2118 1939 2164 et

399 2191 620 2253 Suidas.
664 2192 773 2251 καὶ·
799 2191 1113 2274 μεθορμίσαι
1153 2193 1287 2253 Ald.
1333 2236 1393 2247 -
1439 2193 1473 2251 5
1515 2191 1734 2273 θραύσῃ.
1766 2199 1831 2251 R.
1866 2198 1936 2251 V.

398 2292 458 2348 ,et
490 2281 678 2340 Suidae
719 2282 854 2340 libri
893 2294 1102 2359 praeter
1133 2287 1213 2354 Δ,
1246 2281 1348 2360 qui
1381 2278 1471 2339 καὶ
1500 2280 1715 2361 θραύσῃ.
1749 2281 1942 2359 Pergit

397 2368 606 2427 suidas
634 2369 695 2428 τὸ
721 2368 777 2428 δὲ
804 2368 982 2432 πάλιν.
1019 2407 1083 2421 -
1129 2392 1163 2444 7
1206 2368 1339 2450 ᾅσας
1379 2369 1601 2429 suidas.
1639 2369 1820 2436 ἄνίσας
1863 2375 1936 2429 Β.

398 2453 592 2520 ἀνύσας
615 2459 683 2514 V.
713 2455 803 2515 ἐὰν
831 2447 967 2537 ᾖσας
995 2457 1119 2515 ΔΜ.

479 2543 593 2612 654
612 2585 628 2614 ,
665 2543 733 2601 15
758 2563 845 2623 sq.
872 2548 944 2603 R.
971 2543 1149 2603 habet
1173 2534 1280 2603 οἷον
1309 2542 1396 2602 ἐπὶ
1425 2542 1645 2611 ταύταις
1666 2552 1785 2613 ταῖς
1812 2566 1937 2604 συν·-

397 2628 601 2702 θήκαις.

477 2719 594 2778 662
613 2760 629 2788 ,
657 2719 732 2777 28
759 2716 1005 2801 Πρόκνης
1025 2717 1186 2802 φησὶν
1222 2717 1681 2802 ἕνακρυπτομίνης
1716 2725 1805 2796 Β.,
1834 2721 1938 2800 qui

394 2805 557 2871 αὗτοῦ
589 2804 646 2868 δὲ
672 2808 904 2868 omittit.

477 2904 614 2977 673,
629 2913 697 2975 41
723 2924 810 2981 sq.
828 2905 900 2970 ὣς
921 2905 976 2963 ἐν
993 2906 1042 2962 θ.
1071 2901 1446 2985 πρ.-,ἔχουσα.
1467 2902 1657 2973 ἄλλως.
1678 2901 1940 2987 ἀφελόντα

392 2989 457 3051 τὸ
473 3000 801 3074 προσωπεῖον
814 2998 884 3052 Β.
895 2991 1235 3074 ἀπολέψαντα
1250 2991 1363 3052 δέον
1376 3002 1577 3075 φαγεῖν.
1587 2992 1935 3074 ὣςε-ἔχουσα,

392 3078 586 3155 ἄλλως.
623 3080 881 3162 ἀφελόντα
907 3081 969 3142 τὸ
994 3089 1322 3162 προσωπεῖον
1350 3088 1424 3141 V.

469 3178 618 3252 676,
645 3177 713 3235 51
738 3176 936 3259 ὄρνιθος
960 3177 1194 3250 πάντων,
1227 3177 1302 3235 52
1331 3177 1430 3257 μὲν
1457 3179 1600 3247 δοκεῖ
1619 3184 1691 3240 V.

468 3264 620 3339 682,
648 3273 682 3335 4
707 3264 962 3334 πολλάκις
988 3263 1091 3347 γὰρ
1117 3270 1189 3324 V.
1218 3265 1344 3324 Ald.

467 3361 616 3436 683,
645 3360 682 3418 8
708 3359 790 3421 ὅτι
814 3360 875 3421 τὸ
901 3360 996 3442 ἔαρ
1020 3368 1094 3422 Β.
1125 3360 1208 3422 ὅτι
1236 3361 1353 3445 ἔαρι
1374 3369 1445 3423 V.
1475 3367 1747 3425 τελοῦνται
1770 3372 1845 3426 Β.

467 3446 614 3523 685,
660 3469 682 3506 1
698 3446 731 3506 5
774 3449 1089 3532 Παράὸασις
1130 3456 1203 3512 G.
1251 3458 1320 3509 R.
1364 3451 1424 3517 in
1464 3455 1721 3532 margine
1758 3455 1935 3515 habet

385 3535 737 3619 παραδόσεις.

465 3626 606 3699 687,
632 3646 699 3684 21
730 3647 820 3705 πρ.
849 3623 941 3683 καὶ
966 3624 1034 3684 τὰ
1057 3631 1129 3685 Β.

466 3718 577 3794 691
607 3715 697 3776 καὶ
722 3714 923 3795 γένεσιν
952 3720 1081 3777 θεῶν
1108 3719 1179 3793 Β.
1201 3719 1272 3777 V.

465 3813 584 3890 695
603 3856 621 3886 ,
649 3815 723 3872 36
757 3813 959 3888 αὐτοῖς,
1000 3814 1063 3873 id
1102 3827 1191 3872 est
1216 3813 1487 3886 Ἀττικοῖς.
1514 3819 1628 3874 Pro
1657 3818 1925 3896 ἀνεμιαῖον

383 3900 685 3979 legebatur
724 3900 988 3977 ἀνεμίδιον
1034 3902 1133 3961 11ἰο
1179 3916 1237 3961 et
1282 3904 1344 3963 iu
1388 3903 1583 3963 verbis
1632 3906 1890 3964 Platonis
1910 3950 1928 3976 ,

382 3990 780 4049 consentiente
804 3989 984 4049 Suida
1008 4010 1052 4050 s.
1079 3987 1316 4070 Ἄνεμος.
1343 3997 1553 4053 Veram
1582 3994 1924 4072 scripturam

381 4075 595 4138 habent
619 4078 984 4156 grammatici
1008 4078 1071 4137 in
1098 4080 1339 4141 Bekkeri
1364 4081 1582 4140 Anecd.
1610 4101 1668 4160 p.
1697 4081 1793 4156 81,
1822 4082 1922 4156 323

383 4172 518 4239 401,
547 4175 635 4237 14.
662 4171 850 4225 Dum.

460 4263 599 4339 697,
636 4272 702 4332 41
746 4266 1018 4346 πτερω-τοῦ
1059 4263 1360 4325 Dobraeus.
1394 4263 1557 4325 Libri
1589 4270 1784 4349 πτεροῦ
1803 4271 1916 4344 τοῦ.

377 4388 441 4402 -
465 4360 538 4418 42
565 4344 662 4428 μὶν
692 4349 782 4410 καὶ
810 4356 880 4410 Β.
900 4357 970 4411 V.
1001 4348 1057 4411 δὲ
1085 4352 1175 4412 καὶ
1194 4353 1325 4412 Ald.

460 4440 571 4511 703
600 4438 857 4499 Λείπεται
874 4438 942 4500 ἶν’
965 4430 1001 4522 ᾖ
1026 4437 1135 4510 υἱός
1159 4442 1224 4500 V.
1248 4440 1349 4501 υἱοὶ
1371 4437 1610 4513 δηλονότι
1631 4445 1701 4499 G.

1598 290 2053 354 ADNOTATIO
2095 291 2173 353 IN
2215 291 2487 354 Senot..

2031 425 2275 504 ἑταιρεῖν.
2294 461 2359 476 -
2378 433 2457 503 49
2478 422 2614 504 μετὰ
2637 445 2752 484 0111.
2777 431 2849 486 R.
2879 462 2942 476 -
2964 427 3037 486 50
3067 430 3155 487 ἀκ.
3179 430 3314 510 ἐρεῖν
3334 436 3410 492 Β.
3433 475 3458 505 ,
3483 430 3597 508 qui

2030 511 2098 570 51
2124 532 2240 571 om.
2270 513 2411 590 διεμ.
2445 510 2501 572 δὲ
2529 536 2581 571 σ.
2609 550 2674 565 -
2695 515 2769 573 52
2790 513 2945 573 idem
2975 513 3290 594 μετέδωκεν.

2109 621 2222 675 707
2262 606 2335 661 R.
2360 606 2433 662 V.
2469 601 2683 661 habent
2711 603 2956 680 glossam
2983 601 3072 662 τὸν
3100 604 3428 687 ἀλεκτρυόνα
3463 607 3601 685 (τὸν

2030 685 2289 770 ἀλέκτορα
2313 691 2418 768 o.)
2437 702 2506 748 -et
2529 695 2601 749 v.
2628 688 2907 757 δεδωκὼς
2923 695 3068 767 ἡμᾶς
3091 694 3244 769 (ἡμῖν
3266 693 3389 771 G.).

2111 796 2246 852 709,
2271 777 2304 833 3
2332 776 2393 836 τὸ
2411 775 2726 849 Ἡσιόδειον,
2752 787 2786 846 4
2813 779 3007 860 φράζεο
3029 779 3315 860 δ’-φωνῆς
3338 787 3405 840 V.
3440 784 3604 841 ἐπα-

2027 859 2238 927 κούσαις
2267 863 2414 937 ΑΙᾶ.,
2442 885 2557 923 0111.
2584 868 2655 922 R.

2112 972 2249 1026 711,
2279 972 2348 1009 10
2378 973 2463 1031 sq.
2493 972 2607 1012 om.
2637 957 2710 1013 R.

2113 1060 2249 1114 712,
2283 1043 2350 1099 13
2376 1063 2571 1121 προσπ.
2602 1039 2719 1098 ἀντὶ
2741 1043 2835 1098 τοῦ
2859 1040 2914 1098 ἐν
2942 1042 3019 1122 τῷ
3047 1047 3114 1100 R.

2110 1139 2255 1212 713,
2291 1149 2358 1209 14
2384 1138 2477 1198 Ἐν
2499 1142 2567 1217 τῇ
2596 1136 2818 1198 Ἑλλάδι
2846 1138 2970 1197 Ald.
2992 1142 3162 1221 καιρῷ
3191 1160 3307 1199 0111.
3336 1145 3410 1200 Β.
3448 1140 3598 1200 Ald.

2025 1266 2088 1277 -
2119 1229 2188 1285 16
2214 1226 2396 1286 πείκειν
2421 1226 2478 1286 δὲ
2508 1247 2620 1286 om.
2648 1232 2747 1301 V.,
2769 1247 2884 1295 una
2914 1247 3048 1287 cum
3075 1228 3323 1297 ποκάζειν
3349 1247 3475 1288 0111.
3517 1235 3598 1289 Β.

2027 1321 2243 1375 Totum
2268 1317 2536 1375 scholion
2564 1336 2680 1375 om.
2709 1321 2781 1377 G.

2107 1413 2254 1486 715,
2294 1415 2364 1472 18
2404 1435 2536 1490 σημ.
2566 1411 2624 1470 δὲ
2654 1410 2736 1470 ὅτι
2763 1431 2878 1471 om.
2913 1416 2987 1470 R.
3033 1410 3361 1490 σημειωτέον
3387 1412 3480 1472 ὅτι
3520 1418 3596 1472 V.

2026 1502 2080 1560 ἐν
2108 1502 2337 1579 συστολῇ
2367 1500 2424 1560 δὲ
2447 1492 2591 1561 εἶπεν
2619 1501 2680 1560 τὸ
2703 1525 2793 1584 πρ.
2823 1507 2893 1561 R.
2931 1501 3193 1562 Absurde
3211 1548 3228 1576 ,
3259 1505 3428 1582 qnasi
3469 1504 3593 1562 alia

2027 1588 2197 1668 hujus
2225 1588 2393 1648 verbi
2422 1609 2689 1649 mensura
2714 1609 2841 1649 esse
2868 1592 3069 1669 possit.
3110 1596 3289 1649 Dum.

2109 1697 2245 1751 717,
2278 1696 2349 1753 19
2375 1676 2476 1758 γὰρ
2504 1697 2618 1736 0111.
2649 1682 2720 1737 Β.

2108 1794 2244 1848 721,
2273 1774 2347 1831 23
2384 1772 2607 1846 Ἐπειδὴ
2629 1771 2927 1852 συμὸόλους
2952 1774 3161 1833 Snidas
3183 1792 3231 1832 s.
3265 1770 3588 1851 Ξύμὸολον.

2027 1858 2312 1938 ξυμὸόλους
2345 1867 2419 1921 V.
2466 1862 2791 1940 συμόοόλους
2852 1860 2978 1919 Ald.
3018 1899 3082 1911 -
3124 1868 3198 1928 24
3244 1859 3594 1929 ξυναντῶντα

2029 1950 2315 2030 ξυμὸόλους
2356 1954 2481 2012 Ald.
2527 1954 2913 2013 Masculinum
2951 1953 3172 2031 posuit,
3223 1973 3296 2011 ex
3331 1973 3453 2031 qno
3490 1953 3592 2013 καὶ

2029 2040 2288 2098 additum
2310 2084 2327 2113 ,
2353 2042 2581 2116 Suidas,
2617 2038 2737 2108 τοὺς
2776 2043 2965 2121 πρῶτα
3012 2042 3375 2107 συναντῶντας
3420 2040 3594 2100 καὶ-

2026 2127 2500 2208 προσημαίνοντας.
2541 2165 2605 2191 -,-
2656 2129 2729 2187 25
2773 2128 3075 2206 legebatur
3109 2127 3582 2210 προσημήναντος.

2026 2216 2475 2297 προσημαίνοντος
2498 2223 2562 2276 V.
2588 2219 2660 2276 28
2697 2217 3030 2285 καλλόποδας
3048 2260 3111 2270 -
3133 2216 3588 2285 καλλοιωνίστους

2028 2308 2095 2365 V.
2111 2304 2327 2365 Eadem
2349 2305 2650 2364 diversitas
2674 2306 2827 2384 apud
2845 2305 3083 2366 Suidam
3101 2324 3146 2363 s.
3163 2303 3328 2364 Ὄνον
3347 2304 3498 2384 ὄρνιν
3521 2318 3586 2364 et

2027 2391 2243 2453 Οἰωνοί.
2262 2431 2326 2444 -
2345 2414 2418 2468 29
2437 2391 2772 2470 συμὸολικῶς
2794 2397 2855 2451 V.
2877 2405 2934 2451 et
2955 2393 3090 2452 libri
3108 2392 3302 2454 Suidoe
3317 2413 3364 2451 S.
3384 2390 3583 2468 Ὄνον,

2028 2494 2235 2558 praeter
2268 2485 2443 2542 Paris.
2482 2489 2547 2542 A.
2575 2519 2637 2532 -
2668 2484 2744 2540 32
2771 2480 2966 2554 ἀνέστη
3008 2487 3082 2542 R.
3123 2501 3173 2540 a.
3211 2501 3297 2559 pr.
3341 2501 3417 2539 m.
3463 2499 3584 2560 pro

2027 2568 2400 2642 ἀναστήσεται.
2421 2570 2511 2629 καὶ
2533 2569 2726 2643 ἀνέστη
2745 2570 3019 2630 Dindorf.
3039 2570 3259 2629 addidit
3274 2590 3346 2628 ex
3370 2570 3581 2630 Suida.

2110 2674 2257 2741 724,
2302 2667 2379 2744 39
2415 2665 2507 2726 καὶ
2545 2680 2603 2726 et
2641 2669 2714 2736 43
2750 2665 3041 2749 συμμέτρῳ
3074 2687 3189 2725 0111.
3220 2672 3329 2741 Β.,
3362 2667 3463 2744 qui
3501 2675 3581 2736 44

2024 2754 2102 2833 τῷ
2144 2752 2399 2832 καύματι.
2439 2753 2584 2813 Ibid.
2628 2752 2684 2813 δὲ
2711 2757 2790 2838 τῷ
2824 2752 2942 2836 ἔαρι
2981 2761 3082 2829 V.,
3122 2757 3184 2814 in
3219 2776 3341 2835 qno
3384 2755 3581 2833 glossa

2026 2840 2226 2923 μακρὸν
2251 2840 2313 2902 τὸ
2356 2850 2569 2922 πνῖγος,
2618 2864 2791 2923 quam
2838 2862 2955 2903 om.
2998 2847 3071 2904 G.
3123 2844 3401 2905 Scholion
3455 2847 3577 2918 728

2025 2950 2141 2988 om.
2166 2935 2238 2990 R.

2106 3021 2216 3095 731
2258 3020 2467 3079 lemma
2494 3018 2697 3080 παίδων
2728 3018 2911 3079 παισίν
2937 3019 3192 3079 correxit
3217 3019 3487 3079 Dindors.

2108 3109 2221 3180 733
2245 3151 2262 3179 ,
2298 3129 2324 3166 1
2360 3108 2433 3168 Τ.
2474 3110 2528 3167 ἓν
2569 3107 2833 3190 παροιμίᾳ
2866 3113 2936 3167 V.
2964 3132 3013 3166 τ.
3045 3105 3135 3166 καὶ
3171 3108 3226 3165 ἕν
3255 3105 3476 3187 Σφηξίν.
3515 3109 3574 3167 ἐν

2023 3194 2287 3277 παροιμία
2326 3194 2382 3254 δὲ
2422 3195 2547 3255 Ald.
2574 3234 2637 3245 —
2668 3216 2701 3253 2
2744 3193 3083 3271 κεκτημένων
3114 3191 3332 3273 ὀρνίθων
3365 3196 3436 3252 V.
3477 3198 3574 3261 Ex

2024 3303 2141 3361 quo
2186 3285 2217 3342 3
2267 3283 2538 3343 Dindorl'.
2583 3281 2798 3343 ἔταττον
2836 3282 3087 3357 addidit,
3129 3292 3393 3339 correcta
3424 3282 3571 3341 scri-

2022 3384 2191 3449 ptura
2218 3371 2439 3430 codicis
2470 3370 2708 3431 ἔλαττον.
2738 3369 2899 3428 Idem
2931 3368 3063 3428 cod.
3090 3367 3242 3448 φασὶ.

2102 3463 2251 3540 734,
2287 3466 2326 3522 6
2361 3461 2581 3542 μέλλετε
2613 3464 2787 3524 etiam
2821 3461 3028 3523 Suidas
3055 3481 3101 3520 3.
3132 3459 3286 3521 Γάλα
3320 3458 3565 3541 ὀρνίθων.

2021 3549 2213 3631 φήσετε
2248 3552 2375 3611 Ald.

2103 3643 2238 3715 737,
2264 3660 2337 3715 27
2367 3644 2395 3700 ὁ
2423 3638 2856 3719 λόγος-ποιητοῦ
2889 3659 3006 3698 0111.
3025 3639 3233 3716 V.,qui
3256 3637 3403 3696 infra
3427 3650 3569 3715 post

2020 3728 2293 3811 ἀναφαίνω
2329 3730 2495 3808 ponit
2523 3732 2550 3786 ὁ
2583 3725 2735 3806 λόγος
2772 3725 2878 3785 ἀπὸ
2911 3730 3005 3785 τοῦ
3041 3730 3286 3798 ποιητοῦ.
3323 3722 3438 3783 ἀντὶ
3468 3730 3568 3785 τοῦ

2017 3821 2121 3877 τῶν
2159 3815 2442 3898 ἀνθρώπων
2489 3815 2650 3893 (haec
2687 3827 2940 3894 quatuor
2974 3813 3155 3873 verba
3187 3833 3305 3873 om.
3334 3810 3455 3889 G.).
3493 3811 3568 3870 τὰ

2016 3905 2119 3986 γὰρ
2157 3908 2384 3965 πλεῖστα
2427 3905 2530 3962 τῶν
2569 3901 2856 3982 ἀνθρώπων
2893 3900 3050 3972 ξουθὰ
3086 3901 3341 3983 φαίνεται.
3379 3943 3442 3955 -
3485 3904 3565 3959 28

2015 3991 2232 4074 ὀρνίθων
2258 3998 2330 4052 R.
2356 3991 2478 4051 Ald.
2503 4027 2566 4040 -
2591 3991 2665 4048 30
2686 3989 2748 4049 τὸ
2766 3993 2862 4062 τῆς
2885 3994 2956 4049 R.
2979 3996 3053 4049 V.
3080 4028 3147 4039 -
3170 3992 3240 4048 31
3269 4001 3404 4067 post
3425 3990 3568 4046 dva-

2015 4080 2185 4163 φαίνω
2215 4081 2373 4141 addit
2407 4084 2477 4138 R.
2514 4079 2815 4158 superiora
2851 4079 2948 4138 illa
2979 4077 3015 4151 ἢ
3038 4076 3121 4137 &t
3147 4074 3566 4159 ἑνκεκρυμμένοι

2016 4171 2070 4232 ἐν
2095 4178 2210 4237 ταῖς
2236 4168 2463 4251 λόχμαις
2486 4166 2700 4228 εἰώθασι
2727 4174 2932 4250 φωνεῖν.
2962 4167 3275 4246 Sequentia
3315 4164 3566 4241 ξουθῆς.-

2013 4257 2250 4341 φαίνεται
2277 4259 2373 4317 hic
2403 4259 2676 4317 omittunt
2707 4260 2776 4314 R.
2802 4260 2873 4317 V.

2096 4355 2244 4428 745,
2281 4356 2355 4414 35
2383 4368 2513 4435 post
2543 4350 2809 4436 διατριὸαί
2839 4352 2999 4413 addit
3028 4356 3097 4412 R.
3126 4354 3154 4410 ὃ
3175 4350 3330 4433 λόγος
3352 4355 3424 4422 ὥς
3447 4358 3560 4421 ἀπὸ

2010 4447 2103 4503 τοῦ
2126 4449 2360 4517 ποιητοῦ·
2390 4458 2448 4505 et
2475 4444 2544 4503 τὰ
2568 4440 2670 4524 γὰρ
2695 4443 2918 4501 πλεῖστα
2943 4444 3050 4501 τῶν
3078 4439 3370 4521 ἀνθρώπων
3397 4442 3559 4514 ξουθὰ

458 4544 573 4609 704
592 4577 609 4607 ,
639 4544 711 4607 44
743 4534 804 4595 τὸ
829 4554 945 4596 0111.
973 4542 1047 4597 R.
1068 4541 1140 4595 V.
1167 4575 1232 4588 —
1257 4547 1327 4611 47
1358 4525 1403 4595 ὦ
1424 4536 1697 4596 Λεύκιππε
1735 4540 1916 4599 Bent-
2010 4530 2269 4613 φαῖνεταῑ-
2300 4570 2364 4583 -
2389 4534 2462 4591 36
2500 4534 2566 4611 τῇ
2605 4528 2736 4611 Ῥέᾳ
2760 4550 2874 4589 0¹¹¹·
2901 4535 2972 4590 V-

375 4623 540 4683 leius.
585 4623 916 4701 Legebatur
957 4625 1030 4691 ὡς
1074 4620 1357 4699 Λεόκιππη
1405 4621 1661 4703 (λευκίπη
1696 4624 1831 4701 V.).
1873 4614 1919 4684 ὦ

376 4702 660 4785 Λευκίππη
691 4712 900 4773 Suidas
936 4731 983 4772 s.
1014 4709 1117 4772 Ἀεὶ
1143 4718 1268 4777 τοῖς.
1294 4716 1511 4775 Versus
1551 4708 1703 4770 haud
1740 4712 1917 4772 dubie

376 4801 774 4879 Hipponactis.

2091 4630 2237 4697 749,
2271 4623 2307 4692 ἡ
2348 4619 2606 4679 additum
2647 4639 2720 4677 ex
2753 4622 2825 4678 R.
2858 4622 3064 4676 Veram
3087 4617 3397 4678 lectionem
3426 4641 3559 4685 esse

2005 4706 2235 4790 ὡσπερεὶ
2267 4706 2487 4786 μέλιττα
2515 4707 2817 4766 annotavit
2848 4705 3201 4765 Dindorfius..

2090 4808 2237 4879 750,
2272 4807 2347 4884 39
2384 4824 2470 4883 sq.
2506 4800 2895 4886 τραγῳδοποιὸς
2927 4807 2999 4861 V.
3034 4802 3343 4881 μελοποιίας
3378 4806 3453 4867 Β.
3493 4806 3559 4871 δὸ

460 4896 593 4969 705.
645 4896 921 4957 Scholion
967 4898 1063 4957 hic
1109 4916 1227 4956 om.
1268 4901 1334 4958 V.
1376 4919 1392 4957 =
1442 4896 1620 4957 habet
1665 4896 1913 4976 glossam
2007 4914 2122 4954 om.
2147 4901 2218 4954 R.
2240 4896 2306 4951 V.
2334 4930 2397 4944 —
2419 4901 2488 4963 41
2518 4897 2610 4952 νῦν
2636 4912 2750 4951 0111.
2776 4895 2848 4949 V.
2872 4929 2934 4942 -
2958 4890 3033 4962 45
3059 4886 3118 4950 δέ
3148 4911 3264 4950 0111.
3290 4896 3355 4951 R.
3384 4926 3448 4945 -
3472 4902 3549 4970 47

375 4981 833 5063 ἀποταξαμίνοικ,
861 5006 980 5065 qua
1004 4998 1163 5046 caret
1192 4992 1266 5046 G.
1298 4987 1456 5045 Infra
1491 5000 1626 5064 post
1652 4986 1913 5046 scholion
2005 4981 2062 5044 δὲ
2086 4983 2174 5043 καὶ
2199 4985 2266 5063 τῇ
2294 4987 2362 5042 V.
2385 5018 2449 5033 --
2478 4991 2553 5060 49
2579 4979 2823 5063 εἰρήκασι
2841 4985 2933 5053 V.,
2963 4998 3083 5039 non
3107 4984 3174 5039 G.

377 5087 428 5132 v.
486 5085 602 5144 719
625 5076 688 5133 V.
737 5069 823 5130 διὰ
865 5069 964 5147 τὴν
1002 5072 1226 5147 νεότητα
1266 5073 1644 5153 ἠναγκάσαμεν
1685 5072 1916 5156 ἀκαίρως

2088 5069 2204 5143 755
2231 5074 2304 5132 R.
2337 5069 2509 5141 habet
2538 5069 2697 5161 νόμον
2728 5073 2818 5145 νῦν
2846 5062 2907 5128 τὸ
2937 5065 3071 5143 ἔθος.
