3859 5725
386 281 505 335 800

1558 258 2012 325 ADNOTATIo
2050 258 2135 320 IN
2175 259 2437 322 Senot..

384 406 535 466 πόλει
553 403 899 487 πραγμάων.
1007 400 1098 460 καὶ
1127 397 1332 480 ἰγένετο
1355 403 1392 473 ἡ
1415 395 1634 480 πρώτη,
1665 397 1913 476 ἑνδεκάτῃ
2003 400 2076 456 Β.
2101 428 2181 444 -
2206 396 2282 454 50
2307 393 2472 464 οὕτως
2504 396 2562 456 δὲ
2584 394 2675 457 καὶ
2697 396 2886 465 ἄλλους
2910 397 3043 459 Ald.
3072 429 3144 441 —
3170 399 3245 460 52
3272 402 3330 461 δᾶ
3356 404 3528 477 πολλή

383 498 475 553 τοῦ
499 490 678 570 μηνός.
706 496 742 563 ἡ
773 488 830 548 δὲ
857 486 1071 571 δευτέρα
1088 533 1106 562 ,
1133 486 1254 567 περὶ
1269 484 1367 558 τὴν
1395 484 1654 557 εἰκοσι-ἠν.
1677 489 1712 558 ἡ
1733 481 1788 543 δὲ
1808 482 1918 565 τρί-
2004 483 2117 542 ἔστι
2152 489 2324 544 Laut.
2343 511 2423 530 —-
2452 484 2528 543 53
2555 484 2643 544 ἐπὶ
2680 507 2724 545 π

2726 508 2836 568 ρογ.
2865 491 3037 547 Laur.
3064 521 3147 538 —
3174 508 3200 546 1
3229 488 3317 547 ἐπὶ
3359 492 3528 572 ῥητοῖς

383 603 452 651 τη
468 624 487 654 ,
513 578 636 661 περὶ
673 577 771 652 τὴν
807 575 1142 658 τριακοστήν.
1169 579 1258 636 Ex
1292 573 1407 634 hoc
1440 573 1617 653 igitur
1644 572 1779 631 1000
1802 572 1917 631 Ul·
2003 570 2056 629 λ.
2077 570 2286 653 πέρασι.
2316 571 2696 633 Scribendum
2724 587 2812 634 est
2825 572 3010 655 γέρασι
3038 597 3054 633 z
3083 576 3121 634 i.
3146 595 3196 635 e.
3224 597 3346 634 cum
3374 592 3530 636 cerens

386 668 547 746 piani
591 666 810 726 Petitus
849 669 941 723 De
994 664 1103 742 ieg.
1126 664 1301 722 Attio.
1329 682 1391 740 p.
1433 662 1543 739 196
1578 659 1919 719 scholiasteu
2006 657 2300 717 honoribus
2321 674 2385 718 et
2408 659 2654 734 juribus,
2683 663 2776 720 vei
2791 669 3196 740 proemgatioaets.
3234 665 3531 743 Thucydi-

386 765 653 813 nostrnm
667 749 1092 811 emendandum
1109 767 1230 807 esse
1250 758 1446 810 censet
1471 770 1484 804 :
1511 741 1605 805 cui
1619 745 1918 805 assentior.
2010 745 2111 803 des
2146 767 2198 820 1,
2240 749 2308 806 13
2330 769 2346 804 :
2369 748 2619 829 πρότερον
2645 747 2701 808 δὲ
2726 742 2862 823 ἦσαν
2889 749 2979 808 ἐπὶ
2997 752 3170 832 ῥητοῖς
3207 748 3394 833 γέρασι
3421 775 3533 811 πα-

389 845 570 901 Kusr.
618 872 698 887 —
743 860 814 916 ¹9
855 835 1211 915 συναγόμεναι
1254 854 1455 914 margo
1503 834 1630 894 cod.
1671 831 1920 894 Bruxess.
2008 832 2184 914 τρικαὶ
2205 836 2485 913 βασιλεῖαι.
2506 841 2576 895 V.
2595 857 2701 896 nos
2718 839 2890 897 etiam
2908 838 2980 896 ad
3003 838 3165 897 Suid.
3184 858 3240 896 ν.
3264 838 3533 914 Βασιλεὺς,

389 929 602 988 Suidae.
617 925 929 1004 ἔναγόμεναι
939 925 1067 984 Ald.
1083 924 1277 985 Suidae
1290 924 1476 982 codex
1493 922 1671 981 Paris.
1687 933 1747 980 et
1760 920 1921 980 Leid.

389 1014 737 1096 προσκλητοῖς
775 1010 1104 1091 Ξναγόμεναι.
1127 1041 1210 1057 -
1236 1030 1308 1070 21
1341 1029 1429 1089 sq.
1456 1007 1523 1068 τὰ
1547 1006 1924 1087 κατεπείγοντα

475 1208 572 1260 22,
605 1188 675 1263 37
707 1184 1012 1258 εἰσήλαυνον
1040 1189 1111 1245 Β.
1145 1185 1217 1252 εἷς
1249 1181 1346 1251 τὰς
1385 1184 1666 1255 ἐκκλησίας
1690 1184 1816 1243 Ald.
1841 1216 1925 1234 --

394 1277 471 1353 39
497 1274 659 1335 addit
683 1279 751 1334 R.
779 1279 932 1332 τοῦτο
957 1274 1303 1352 ἐμηχανῶντο
1323 1269 1415 1331 καὶ
1453 1271 1624 1330 πολλὰ
1661 1269 1815 1330 ἄλλα.
1848 1303 1922 1317 ·-

393 1370 492 1436 41,
519 1372 591 1429 4ο
617 1361 782 1420 uncis
801 1360 1019 1419 inclusa
1033 1359 1250 1418 omittit
1273 1358 1478 1417 Suidas
1495 1378 1541 1417 s.
1564 1354 1926 1436 Μεμιλτωμέ·

391 1469 479 1506 νον
527 1460 586 1507 et
630 1445 905 1527 Σχοινίον,
932 1445 1008 1505 ab
1038 1446 1362 1505 recentiore
1394 1446 1771 1523 grammatico
1817 1443 1923 1501 ad-

393 1535 529 1594 dita.
555 1541 791 1596 Kuster.
812 1533 1042 1614 κοκκίνῳ
1067 1534 1433 1615 κεχρισμένον.

477 1628 575 1698 26,
601 1626 638 1683 8
667 1622 1042 1705 κατερχόμενοι
1068 1624 1274 1683 suidas
1299 1643 1346 1681 s.
1370 1618 1566 1704 Ἄθροι.

478 1714 577 1789 30,
641 1733 707 1786 17
761 1709 1045 1793 πληθώρας
1084 1712 1317 1791 scripsit
1375 1710 1553 1770 Dind.
1602 1708 1930 1787 Legebantur

398 1798 715 1881 πληθωρίας.
741 1832 822 1844 -
846 1819 921 1857 22
950 1798 1165 1876 ἀλογίας
1191 1818 1263 1857 ex
1292 1796 1505 1856 scholis
1541 1795 1930 1875 philosopho-

398 1910 530 1952 rum
553 1889 822 1968 petitum.
850 1888 1132 1967 Porphyr.
1156 1894 1237 1948 De
1260 1886 1467 1946 ubstin.
1498 1906 1553 1964 1,
1582 1888 1658 1956 34
1684 1908 1699 1944 z
1728 1884 1929 1946 ἐκδακ-

398 1973 662 2057 χευομένη
683 1979 719 2049 ἡ
743 1971 889 2056 ψυχὴ
916 1973 1019 2032 ὑπὸ
1048 1975 1145 2045 τῆς
1170 1972 1383 2051 ἀλογίας
1415 1974 1688 2044 ἀναπηδᾶν
1715 1996 1774 2032 τε
1792 1980 1930 2034 ποιεῖ

399 2064 493 2125 καὶ
514 2062 702 2124 έκὸοᾶν
737 2060 829 2121 καὶ
888 2059 1217 2145 κεκραγέναι.
1254 2066 1430 2122 Tour.
1460 2062 1698 2122 Emend.
1726 2063 1843 2125 vel.
1873 2081 1930 2137 α,

446 2195 460 2212 .
498 2152 627 2225 175.

400 2172 442 2231 p
483 2242 578 2312 31,
605 2245 678 2306 24
701 2233 807 2306 ξῦω
826 2235 1036 2296 suidas
1072 2237 1136 2295 111
1166 2234 1492 2318 Ἆπορῶ.--
1514 2237 1590 2295 25
1616 2235 1827 2302 παιδιάς
1848 2258 1934 2295 τι-

399 2346 492 2392 νας
508 2325 736 2385 80111113.
762 2323 1090 2401 Legebatur
1111 2324 1323 2391 παιδιᾶς
1349 2344 1500 2389 τινος.
1531 2357 1606 2369 -
1636 2321 1690 2382 δὲ
1719 2343 1835 2383 0111.
1860 2327 1934 2383 Β.

400 2449 482 2464 .-.
506 2414 582 2470 26
607 2411 800 2470 τίλλων
825 2411 1018 2471 Suidae
1044 2409 1274 2468 codices
1304 2429 1320 2470 ε
1350 2410 1450 2468 sed
1478 2408 1642 2469 τίλλω
1663 2430 1709 2472 s·
1737 2412 1935 2491 Παρα-

400 2498 653 2559 τίλλεται.
698 2503 769 2559 Β.
798 2497 893 2564 τὰς
913 2498 974 2556 ἐκ
995 2498 1100 2555 τῶν
1123 2518 1279 2575 μυκτ.
1308 2494 1344 2569 ἢ
1371 2499 1476 2555 τῶν
1513 2519 1682 2576 μασχ.
1711 2496 1895 2579 τρίχας
1916 2541 1934 2575 ,

403 2583 440 2644 ἃ
476 2590 734 2645 ποιοῦσιν.
760 2618 841 2630 -
863 2603 934 2656 27
969 2583 1099 2643 Ald.
1143 2583 1231 2643 τὸν
1266 2581 1322 2643 δὲ
1361 2604 1448 2665 χρ.
1493 2617 1568 2629 -
1607 2586 1682 2642 28
1716 2584 1939 2666 ἀπορίας

403 2673 496 2742 καὶ
525 2674 826 2757 ἀμηχανίας
846 2675 1050 2734 Suidas
1070 2694 1116 2758 ε.
1144 2673 1368 2755 'Ampe-3.
1397 2679 1734 2753 Sequuntur
1756 2675 1854 2734 hic
1877 2677 1937 2733 in

402 2770 476 2824 R.
502 2765 804 2843 superiora
829 2763 867 2821 1.
899 2783 994 2837 21,
1027 2782 1127 2841 υ,
1177 2781 1267 2838 19,
1297 2781 1390 2819 20.
1419 2802 1500 2813 —
1524 2783 1601 2839 ²9
1627 2765 1938 2843 προσδοκω-

408 2849 568 2932 μένου
617 2848 846 2912 Suidas.
901 2847 1360 2933 προσδοκωμένου
1413 2849 1536 2910 Ald.
1590 2847 1938 2932 προκειμένου

405 2937 570 2999 Snid.
594 2958 641 2999 s.
671 2939 880 3017 Παρατ.
907 2971 990 2987 -
1019 2939 1093 2996 3ο
1122 2935 1437 2996 διατίθενται
1466 2937 1685 2997 suidas..
1710 2938 1940 2997 τίθενται

405 3024 529 3083 Ald.
556 3058 636 3071 —
662 3026 731 3083 31
760 3024 851 3083 καὶ
874 3023 961 3084 ἐπὶ
986 3025 1113 3083 ΑΙά.
1133 3022 1509 3106 ᾶπιγράφουσιν
1532 3026 1752 3084 suidas.

489 3113 584 3182 34,
624 3111 746 3170 haec
786 3125 918 3190 post
951 3110 1212 3171 scholion
1251 3132 1305 3171 v.
1343 3113 1418 3170 36
1460 3113 1627 3190 pouit
1669 3116 1759 3184 Β.,
1785 3116 1941 3172 τοῦτο

408 3200 696 3258 omittens.
712 3203 847 3257 Post
870 3199 1000 3259 ἴδιον
1024 3198 1186 3259 addit
1208 3201 1342 3259 Ald.
1384 3212 1443 3259 et
1471 3206 1640 3260 Laur.
1678 3199 1740 3260 τὸ
1767 3198 1941 3277 λέγειν

405 3284 602 3368 πρίασο
629 3283 770 3366 πρίω
794 3284 905 3365 (καὶ
957 3285 1092 3346 add.
1116 3289 1332 3364 Lama),
1361 3285 1550 3346 ἵστασο
1572 3285 1723 3346 ἵστω.
1748 3278 1814 3358 ἦν
1841 3286 1943 3368 γὰρ

408 3377 438 3433 ὁ
457 3371 798 3438 Δικαιόπολις
823 3373 1119 3454 Ἀχαρνεύς.

489 3461 588 3534 36,
616 3468 690 3528 40
711 3457 852 3539 πρίω
875 3464 945 3518 R.

490 3548 561 3619 37
589 3545 777 3605 codex
804 3547 1067 3628 ἀσφαλῶς.

491 3639 588 3705 44,
615 3633 684 3691 51
714 3632 928 3716 σφάζειν
951 3633 1083 3694 ΔΙά.
1111 3632 1289 3690 —52
1314 3632 1472 3692 αὐτοῦ
1511 3650 1625 3691 0111.
1649 3637 1719 3691 R.
1764 3664 1829 3679 —
1866 3631 1941 3690 53

408 3718 701 3799 Δημήτρας
721 3725 792 3779 R.
812 3760 891 3773 ..-
921 3741 944 3776 1
971 3714 1174 3785 Ἄλλως
1192 3739 1307 3779 0111.
1330 3724 1399 3777 R.
1421 3718 1457 3790 ἢ
1482 3723 1654 3778 Laur.
1672 3752 1746 3763 —
1768 3719 1949 3778 καθαί-

412 3830 562 3890 ροντο
584 3813 658 3870 R.
682 3814 841 3869 Fort.
880 3808 1231 3890 ἔκαθαίροντο.
1254 3842 1334 3853 -
1364 3812 1397 3868 3
1425 3810 1583 3888 εὖχας
1612 3809 1853 3868 accessit
1873 3829 1944 3867 ex

412 3896 609 3967 Lanu,
647 3898 751 3974 qui
777 3895 987 3954 deinde
1015 3894 1136 3954 τότε
1161 3894 1253 3954 καὶ
1286 3895 1413 3973 δημ.
1443 3893 1664 3955 κελεύει.
1691 3930 1774 3947 —-
1806 3898 1841 3955 6
1873 3916 1948 3955 ex

410 3984 618 4043 eodem
649 3990 822 4044 Laur.
857 3983 1071 4042 addita.
1384 4044 1406 4071 ,
1437 4049 1501 4082 ω

494 4084 593 4148 ¹⁵72
620 4093 679 4151 9³
717 4092 787 4131 ¹⁰
814 4070 1103 4153 Δημήτρας
1125 4068 1490 4150 Τριπόλῑμ
1514 4076 1587 4132 R·

496 4168 598 4235 49,
618 4179 694 4218 ⁴22
712 4158 897 4237 μάμας
911 4165 982 4218 Β.
1011 4196 1086 4211 --
1104 4159 1179 4215 23
1200 4159 1554 4227 τηθαλλαδόῦς
1573 4157 1668 4227 τὰς
1688 4161 1945 4220 Pierson.

413 4248 487 4308 ad
516 4249 716 4309 Moerin
742 4269 802 4327 p.
824 4249 956 4325 ²59·
981 4253 1053 4306 V.
1077 4248 1336 4306 Eustath.
1366 4268 1425 4326 p.
1447 4250 1584 4327 957,
1611 4252 1703 4310 33.
1730 4253 1950 4324 τηθελᾶς

412 4333 532 4404 τοὺς
557 4336 807 4397 Lobeck.
837 4336 911 4394 ad
938 4336 1246 4412 Phrynich.
1270 4355 1329 4415 p.
1362 4356 1497 4416 ²99·

498 4425 596 4495 52,
626 4425 703 4483 25
729 4427 990 4483 ποιεῖσθαι
1014 4424 1143 4484 And.

497 4511 598 4581 64,
626 4516 698 4585 37
741 4511 951 4571 Suidas
979 4532 1025 4572 s,
1065 4510 1294 4581 Τοξόται
1335 4512 1514 4572 habet
1559 4514 1862 4576 Σπευσίνιοι
1891 4528 1952 4574 et

416 4600 702 4665 Σπευσῑνος
729 4619 744 4658 ι
766 4598 840 4657 de
860 4618 976 4675 qua
994 4598 1330 4683 διττογραφία
1354 4607 1639 4662 Kusterus
1658 4604 1795 4662 citat
1815 4608 1847 4661 J
1853 4624 1951 4660 un·

414 4706 713 4766 germann.
759 4687 831 4745 ad
865 4687 1090 4749 Polluc.
1139 4689 1195 4759 8,
1227 4691 1365 4763 132,
1415 4703 1473 4749 et
1497 4711 1601 4749 sua
1641 4691 1950 4750 observata

416 4775 491 4832 ad
529 4774 764 4834 Suidam
806 4775 842 4832 l.
868 4796 918 4833 c.
944 4773 1251 4836 Σπουσίνιοι
1278 4789 1338 4835 et
1356 4777 1652 4839 Σπουσίνου
1674 4780 1912 4839 Photius
1929 4825 1948 4856 ,

416 4861 676 4922 Πευσίνου
708 4866 877 4921 Laur.

499 4949 594 5025 58,
626 4951 700 5021 43
728 4952 795 5027 τῇ
823 4968 940 5007 0111.
968 4954 1039 5009 R.

498 5037 596 5116 61,
622 5038 759 5114 49οἱ
779 5035 1022 5117 πρέσὸεις
1051 5035 1251 5106 εοῦτως
1273 5039 1398 5097 Ald.
1431 5042 1478 5099 oi
1501 5062 1559 5099 π.
1587 5044 1637 5120 β.
1662 5064 1675 5101 z
1698 5033 1842 5110 οὗτος
1873 5046 1947 5104 Π.

2011 919 2115 979 ubi
2142 922 2301 980 locus
2331 922 2428 981 hic
2452 924 2773 984 schoiiastae
2812 925 3138 986 adducitur.
3165 932 3349 986 Kusr.
3385 928 3534 987 Din-

2013 1007 2230 1068 dorfius
2266 1011 2490 1088 recepit
2514 1009 2718 1094 γέρασι.
2748 1045 2832 1063 --
2859 1014 2892 1071 3
2931 1012 3028 1091 μὲν
3070 1011 3172 1093 γὰρ
3201 1019 3376 1073 Laut.
3402 1046 3474 1060 —
3501 1015 3537 1073 5

2013 1094 2241 1179 εἰσφέρει
2263 1103 2435 1158 Laur.
2461 1131 2537 1145 —
2564 1120 2596 1172 7
2620 1099 2711 1162 τὸν
2738 1117 2856 1159 0111.
2883 1105 3078 1176 Laut„
3108 1102 3144 1159 8
3167 1100 3324 1161 idem
3346 1106 3442 1174 τῆς
3458 1124 3540 1183 τρ.

2094 1195 2191 1268 63,
2222 1217 2245 1253 1
2262 1205 2286 1253 1
2319 1194 2420 1278 (qm
2444 1201 2613 1256 Laur.

2094 1282 2194 1352 66,
2226 1284 2431 1356 16-18,
2453 1281 2558 1342 Διὰ
2590 1313 2667 1329 --
2699 1282 2912 1365 κέρδους
2942 1296 3072 1363 post
3102 1285 3365 1343 schoiion
3386 1306 3444 1343 v.
3468 1287 3545 1358 78

2014 1365 2191 1427 habet
2213 1374 2284 1427 R.
2308 1389 2438 1428 cum
2462 1370 2728 1430 lemmate
2761 1370 3024 1453 ἐπέμψαθ’
3064 1377 3221 1450 ἡμᾶς.
3252 1406 3326 1419 -
3358 1393 3435 1431 20
3455 1372 3545 1433 τὸν

2014 1451 2202 1534 χρόνον
2224 1454 2507 1536 τριὸόντων
2537 1462 2609 1516 R.

2096 1552 2195 1625 67,
2220 1551 2294 1610 25
2318 1550 2405 1610 ἕπὶ
2433 1551 2724 1611 Γλαυκίνου
2741 1557 2835 1625 Β.,
2853 1553 2989 1614 Ald.
3008 1552 3295 1631 έπιγκίνου.
3319 1558 3409 1614 De
3430 1574 3551 1632 quo

2016 1636 2137 1696 dixi
2172 1639 2233 1696 in
2273 1639 2434 1717 praef.
2469 1639 2543 1698 ad
2583 1641 2784 1718 Eurip.
2817 1641 3030 1700 Alcest.
3065 1662 3122 1720 p.
3163 1642 3219 1701 8.
3239 1646 3438 1701 ’1)11111.
3470 1676 3554 1687 —

2020 1728 2097 1784 26
2125 1728 2241 1803 μεθ’
2273 1759 2356 1783 -.—
2380 1726 2638 1800 κατελύθη
2663 1746 2780 1786 0111.
2817 1731 2887 1787 Β.
2917 1734 3066 1787 Τ11111
3105 1743 3427 1807 sequuntur
3453 1731 3553 1790 illa

2025 1814 2205 1871 18-21
2239 1811 2344 1894 πρὸ
2365 1812 2569 1886 δώδεκα
2593 1845 2671 1861 --
2700 1814 2886 1892 μισθὸν
2910 1814 3223 1895 λαμὸάνειν.

2100 1910 2199 1983 68,
2232 1912 2307 1969 28
2334 1910 2560 1981 πλησίον
2583 1909 2779 1978 Λυδίας
2802 1929 2917 1969 0111.
2936 1917 3002 1969 R.

2101 2008 2201 2086 69,
2232 2008 2303 2076 34
2334 2005 2391 2065 δὲ
2412 2005 2473 2066 τὸ
2497 2013 2566 2067 Β.

2103 2119 2200 2175 72,
2232 2102 2305 2170 45
2338 2109 2565 2184 φορεῖτοι
2604 2103 2663 2183 ψ.
2709 2105 2783 2161 R.
2812 2139 2894 2154 --
2935 2101 3011 2172 46
3051 2098 3087 2174 ἣ
3129 2105 3454 2188 φορυτῶνται
3491 2104 3559 2163 ὸς

2020 2186 2314 2269 φρυγάνων
2338 2194 2408 2248 R.

2104 2283 2201 2357 75,
2232 2285 2306 2343 50
2326 2282 2600 2367 τέτριπται
2626 2283 2978 2346 Dindorfius.
3006 2286 3338 2366 Legebatur
3360 2285 3558 2370 τέτρα-

2022 2392 2171 2430 mat.

2106 2459 2204 2528 81,
2238 2478 2306 2517 12
2338 2458 2680 2542 ἐκτρέπεσθαι
2700 2459 2825 2520 Ald.
2849 2492 2929 2507 —
2959 2461 3027 2521 13
3056 2459 3147 2522 καὶ
3172 2461 3315 2542 Ὀμ.
3341 2483 3458 2521 0111.
3483 2466 3558 2522 R.

2107 2555 2205 2630 84,
2234 2577 2309 2634 29
2333 2553 2705 2638 Ἀρταφέρνους
2724 2557 2928 2617 Suidas
2946 2579 2990 2617 s.
3011 2557 3356 2640 Πανσελήνῳ.
3383 2564 3563 2638 Lege-

2025 2641 2198 2756 ¹3¹⁰?
2220 2644 2586 2736 ᾈντιφίρνους.
2616 2650 2688 2706 V.
2709 2646 2784 2705 ad
2809 2646 2990 2706 schol.
3006 2648 3199 2726 Equit.
3222 2648 3358 2722 781.
3382 2681 3464 2693 -
3483 2650 3554 2707 31

2027 2752 2115 2788 ουν
2137 2751 2251 2789 0111.
2277 2735 2348 2790 R.

2109 2827 2208 2900 86,
2233 2828 2309 2886 36
2332 2825 2475 2888 τουτὶ
2494 2825 2548 2886 τί
2573 2828 2714 2888 tow
2731 2871 2749 2902 ,
2787 2828 2857 2896 ὣς
2887 2824 2949 2887 ἂν
2977 2828 3186 2910 ἑκάστῳ
3211 2827 3273 2888 τὸ
3297 2828 3562 2913 κρίὸανον.

2027 2916 2442 2994 Corrigendum
2469 2914 2618 2974 τουτὶ
2640 2914 2694 2975 τί
2715 2917 2885 2988 ἐστιν,
2903 2918 2977 2986 ὣς
3001 2916 3192 2987 ἀνεκὰς
3212 2918 3274 2978 τὸ
3296 2918 3563 3000 κρίὸανον.

2026 3002 2298 3060 Fon-mula
2334 3015 2421 3060 est
2458 3003 2750 3077 mirantis,
2791 3003 2936 3063 τουτὶ
2976 3004 3030 3062 τί
3059 2995 3153 3076 ἦνς
3188 3006 3309 3064 sive
3335 3006 3479 3065 τουτὶ
3507 3006 3570 3066 τί

2029 3090 2202 3162 ἱστιν,
2237 3090 2508 3167 frequens
2541 3090 2600 3147 in
2633 3091 2938 3163 comoedi„
2984 3111 3119 3170 quae
3150 3112 3353 3151 vocem
3389 3096 3566 3153 etiam

2030 3175 2217 3244 ἀνεκὰς
2247 3177 2505 3249 admisit,
2552 3178 2966 3255 significantem
3008 3178 3264 3239 ἀνωτάτω
3292 3181 3381 3240 vel
3425 3180 3568 3240 πάνυ

2030 3262 2179 3338 ἑκὰς,
2208 3277 2274 3323 ut
2303 3266 2567 3325 redditur
2595 3266 2869 3325 Erotiano
2906 3266 2966 3324 in
3011 3273 3153 3326 Lex.
3182 3268 3360 3346 Hipp.
3406 3282 3467 3328 et
3503 3270 3571 3329 111

2031 3351 2251 3410 scholio
2287 3353 2347 3409 in
2382 3352 2671 3431 Aristoph.
2699 3359 2876 3430 Vesp.
2920 3373 2975 3412 v.
3019 3357 3107 3425 18,
3140 3355 3298 3431 quod
3340 3354 3575 3433 plenius

2031 3439 2170 3514 legit
2196 3439 2404 3497 Suidas
2439 3440 2499 3496 in
2541 3458 2593 3497 v.
2621 3437 2863 3514 Ἀνεκὰς,
2893 3438 3198 3518 Eupolidis
3225 3440 3464 3500 laudans
3508 3455 3577 3501 et

2033 3525 2251 3584 Cratini
2278 3545 2526 3584 versum.
2563 3532 2944 3585 Vncxzmn.
2983 3528 3224 3588 Dian-ib.
3265 3531 3328 3587 in
3367 3531 3576 3610 Eurip.

2033 3633 2092 3690 p.
2120 3615 2255 3673 285.
2281 3615 2526 3691 Recepit
2551 3615 2912 3673 Dindorfius.
2950 3646 3032 3660 -
3074 3618 3150 3685 46
3188 3615 3314 3677 ἰδών
3355 3638 3471 3679 0111.
3498 3624 3578 3679 R.

2032 3698 2526 3781 προσυπαουσ-τέον
2548 3700 2673 3759 ΑΜ.

2116 3815 2214 3872 91,
2246 3795 2278 3851 3
2303 3789 2363 3850 τὸ
2384 3792 2574 3875 μέτρον
2601 3812 2716 3853 0111.
2746 3799 2815 3853 R.

2115 3908 2212 3965 92,
2243 3908 2281 3965 9
2314 3887 2477 3946 addit
2514 3887 2636 3946 Ald.
2673 3878 2749 3954 οἷς
2781 3890 2853 3956 ὥς
2884 3888 3167 3972 συνάρχοις
3231 3894 3465 3972 χρῆται,
3496 3896 3576 3963 ὣς

2037 3973 2401 4058 Ἀριστοτέλης
2434 3976 2736 4035 Πολιτικῶν
2776 3976 2827 4055 γ’
2849 3975 2987 4035 κατὰ
3016 3976 3156 4047 λέξιν
3198 3977 3335 4040 οὕτω
3380 3979 3542 4061 φησίν
3561 4002 3579 4018 ·

2037 4090 2062 4116 κ
2082 4061 2274 4122 ἄτοπον
2307 4064 2354 4121 δ’
2380 4061 2505 4128 ἴσως
2538 4060 2601 4120 ἂν
2635 4052 2770 4121 εἶναι
2806 4061 2994 4132 δόξειεν
3012 4109 3029 4138 ,
3052 4068 3099 4125 εἰ
3127 4064 3332 4145 βέλτιον
3366 4068 3469 4126 ἴδοι
3493 4091 3582 4137 τις

2038 4151 2176 4210 δυοῖν
2199 4148 2409 4228 ὄμμασι
2435 4152 2527 4207 καὶ
2550 4147 2695 4208 δυσὶν
2734 4151 2918 4217 ἀκοαῖς
2945 4151 3137 4233 κρίνων
3154 4199 3171 4228 ,
3204 4154 3296 4213 καὶ
3320 4155 3578 4237 πράττων

2038 4236 2153 4296 δυσὶ
2180 4236 2306 4296 ποσὶ
2332 4235 2424 4295 καὶ
2450 4236 2631 4319 χερσὶν
2649 4281 2666 4311 ,
2694 4235 2730 4310 ἢ
2752 4238 2941 4299 πολλοὶ
2963 4242 3205 4316 πολλοῖς,
3235 4241 3348 4301 ἐπεὶ
3368 4243 3459 4301 καὶ
3479 4249 3579 4303 νῦν

2037 4323 2334 4402 ὀφθαλμοὺς
2369 4322 2594 4390 πολλοὺς
2642 4326 2691 4383 οἶ
2722 4323 2978 4407 μόναρχοι
3009 4333 3246 4389 ποιοῦσιν
3281 4331 3451 4388 αὑτῶν
3479 4330 3580 4389 καὶ

2031 4400 2149 4470 ’ὦτα
2166 4409 2258 4470 καὶ
2272 4418 2454 4493 χεῖρας
2471 4411 2561 4471 καὶ
2583 4411 2761 4479 πόδας.
2785 4410 2903 4479 τοὺς
2916 4412 3018 4496 γὰρ
3036 4417 3105 4496 τῇ
3124 4417 3266 4497 ἀρχῇ
3285 4416 3373 4475 καὶ
3398 4420 3582 4488 αὑτοῖς

2040 4499 2217 4579 φίλους
2233 4505 2504 4558 ποιοῦνται
2527 4498 2830 4582 συνάρχους.
2851 4529 2876 4554 »

2119 4597 2218 4673 93,
2253 4616 2316 4653 11
2355 4594 2585 4678 πρέσὸυς
2610 4601 2683 4655 R.

2119 4685 2217 4761 95,
2261 4703 2329 4760 17
2358 4682 2414 4743 δὲ
2435 4683 2556 4755 ἤτοι
2578 4704 2694 4745 om.
2730 4689 2799 4744 R.
2835 4719 2913 4731 —
2944 4690 3017 4746 23
3044 4686 3256 4772 τρόποις
3285 4688 3412 4746 Ald.

2118 4793 2216 4849 97,
2238 4782 2305 4842 41
2326 4775 2396 4838 ὥς
2421 4770 2656 4855 δέρματα
2674 4770 3001 4854 ἔξηρτημένα
3019 4781 3090 4859 Β.
3110 4816 3191 4829 -
3216 4776 3290 4845 46
3313 4773 3477 4857 τρίμα
3499 4779 3581 4835 R.

2126 4880 2253 4931 100,
2283 4870 2353 4933 47
2375 4862 2446 4925 ὡς
2471 4862 2538 4940 τῇ
2571 4880 2685 4918 0111.
2711 4864 2783 4919 R.
3573 4896 3580 4903 ·
3701 4904 3708 4912 -

2127 4964 2255 5031 104,
2287 4956 2360 5014 52
2387 4958 2535 5016 ἰοναῦ
2566 4961 2659 5030 Β.,
2690 4957 2791 5036 qui
2818 4957 2938 5015 haec
2970 4970 3102 5035 post
3130 4958 3310 5018 schol.
3346 4977 3402 5017 v.
3439 4960 3579 5018 106.

2042 5079 2113 5093 —
2142 5046 2217 5105 53
2249 5041 2367 5103 ἀντὶ
2410 5049 2503 5104 τοῦ
2540 5044 2750 5118 Ἀθῆναι
2794 5045 2919 5104 Ald.
2949 5078 3026 5090 —
3074 5066 3097 5103 1
3145 5045 3279 5112 ἴονος
3314 5051 3385 5105 R.
3420 5090 3490 5102 ...
3542 5068 3578 5106 2
