3859 5725
1801 233 2058 297 PLU'H.

424 368 561 441 373,
596 369 669 427 33
690 364 725 427 ἃ
758 365 834 427 ὄλ.
857 370 1001 442 Reg,
1032 369 1207 427 Dorv.
1228 387 1320 423 και
1348 360 1425 425 ἕλ’.
1453 369 1613 423 lunt.

2306 296 2310 302 .
3366 252 3400 304 5
3410 252 3443 304 G
3457 251 3479 304 l

1956 362 2119 425 πέλου
2138 366 2206 425 Θ.
2233 367 2413 426 Addit
2427 370 2552 429 Ald.
2576 370 2885 451 περικλυτὸς
2904 371 2960 430 δὲ
2977 372 3242 455 ζωγράφος
3256 378 3285 433 δ
3305 374 3492 433 Ἀπελ-

418 458 541 529 376
566 456 675 517 Ναὶ
704 455 766 513 οὖ
794 454 929 515 θέλω
961 467 1021 512 et
1050 452 1667 533 σύναπτε-κατηγορεῖς
1695 450 1875 511 habet
1956 454 2070 521 λῆς.
2097 474 2173 488 ··-
2205 456 2277 513 35
2309 456 2472 524 οὐδεὶς
2521 457 2760 540 φαίνεται
2793 467 2859 519 V.
2889 506 2965 518 -.
2997 463 3069 518 36
3107 460 3394 543 Ἡρακλέος
3418 464 3487 524 Θ.

340 549 434 619 9.,
458 566 531 604 ex
553 566 673 624 quo
705 547 780 621 39
805 543 868 604 τό
898 566 1003 620 μου
1026 542 1309 607 additum.
1771 604 1779 611 ,

420 638 534 708 377
560 654 675 693 om.
707 636 780 695 Θ.
805 640 874 692 In
896 638 965 691 R.
989 630 1081 692 'est
1110 631 1282 693 λείπει
1309 629 1670 711 ἀναλώματος.

422 725 567 800 379,
589 732 661 795 47
689 718 1332 804 φράξας-πεφραγμένος
1368 733 1426 778 et
1465 720 1521 780 δὲ
1563 720 1757 779 addita
1801 739 1873 777 ex

339 819 411 873 V.
452 811 602 890 βυθὸς
651 817 721 871 G.
752 809 905 890 βυσὸς
935 815 1005 869 V.
1036 849 1115 859 —-
1143 810 1214 867 50
1243 806 1617 890 κοινωφέλιμοι
1663 812 1757 866 τοῦ
1800 808 1871 867 Θ.

341 901 495 977 Ald.,
514 899 614 976 qui
641 899 919 961 omittunt
945 903 1036 955 τοῦ
1060 895 1654 978 εὑρημένου-κέρδεσι.
1683 894 1874 972 Pergit

340 993 439 1061 V„
466 984 604 1053 τινὲς
624 989 693 1051 ὥς
711 984 958 1066 Ὅμηρος
977 983 1275 1057 ἐπιπλήσας
1301 981 1876 1065 νήματος-βεέυσμέ-

341 1097 550 1139 νον.--
586 1095 610 1131 1
662 1070 930 1140 καταστὰς
975 1074 1155 1131 Paris.
1190 1106 1261 1119 ·-·
1293 1094 1324 1131 2
1365 1070 1475 1153 ἔχω
1521 1079 1703 1132 Dorv.
1749 1072 1873 1151 δωρ.

340 1166 493 1241 ἡμῶν
522 1168 665 1243 Reg.
693 1201 771 1214 -·
794 1173 824 1232 4
852 1162 1245 1237 ἐπιθυμητικῶς
1275 1169 1344 1221 G.
1386 1159 1761 1241 ἐπιθυμητικὸς
1798 1158 1870 1220 V.

424 1252 559 1323 381,
586 1250 639 1314 5,
677 1250 828 1309 Illud
854 1248 1127 1318 ἐξοδιάζειν
1167 1248 1590 1325 recentioribus
1639 1248 1874 1326 quidem

339 1339 555 1398 Graecis
615 1356 899 1416 perquam
943 1338 1242 1410 usitatum,
1270 1341 1419 1397 sicut
1456 1359 1530 1396 ex
1574 1338 1874 1415 Ducangio

337 1427 400 1485 in
422 1447 485 1485 v.
517 1425 741 1494 Ἔξοδος
783 1439 1145 1504 εοιηρεηιιπι
1200 1426 1509 1497 babemus3
1554 1426 1653 1485 sed
1704 1428 1875 1503 longe

340 1530 531 1575 tamen
552 1518 856 1585 vetustius,
888 1535 1061 1593 quam
1086 1516 1198 1573 viri
1243 1516 1397 1574 docti
1426 1514 1538 1573 sibi
1568 1530 1872 1593 persuase-

338 1619 495 1670 runt,
518 1618 581 1664 et
604 1622 811 1682 magno
851 1603 1154 1662 intervallo
1197 1616 1416 1663 aetatem
1457 1620 1681 1675 eornm,
1729 1620 1876 1679 quos

339 1693 518 1751 citant
570 1705 765 1763 testes,
792 1690 1146 1767 scriptorum
1193 1710 1492 1770 superans,
1526 1683 1701 1770 itque
1731 1688 1876 1751 adeo

341 1781 519 1839 veteri
551 1781 792 1840 Graeciae
833 1799 951 1837 non
1011 1796 1252 1856 prorsus
1292 1780 1678 1857 ignotumzut
1722 1777 1872 1835 enim

340 1879 558 1928 taceam
598 1890 711 1927 Lxx
755 1871 1121 1944 interpretem,
1179 1887 1499 1929 marmorea
1551 1863 1875 1926 testamenti

341 1954 534 2014 tabula
560 1967 1003 2015 monumentum
1033 1954 1327 2030 egregium
1352 1956 1409 2014 in
1442 1960 1671 2013 Gruter.
1694 1957 1872 2011 Inscr.

339 2046 475 2102 Ant.
506 2064 563 2121 p.
601 2064 772 2101 ccxvi
799 2061 947 2120 saepe
971 2041 1300 2119 suppeditat
1327 2039 1576 2112 ἐξοδιάξει
1598 2055 1656 2100 et
1683 2040 1876 2110 ἕξοδια-

336 2130 471 2199 ζέτω
492 2155 513 2170 ·
564 2133 885 2211 itidemque
933 2136 1201 2193 columna
1248 2133 1462 2208 Sicula,
1508 2152 1680 2211 quam
1734 2133 1874 2191 mihi

336 2221 689 2281 D’Orviuius
730 2242 765 2280 a
792 2243 853 2280 se
886 2223 1236 2300 descriptam
1272 2222 1565 2280 ostendit:
1590 2222 1665 2285 εἰς
1692 2219 1748 2277 δὲ
1778 2219 1874 2280 τὰν

337 2306 671 2367 κατασκευὰν
687 2319 781 2376 τᾶς
805 2308 1003 2377 στάλας
1023 2308 1283 2379 ἐξοδιάξαι
1305 2309 1368 2369 τὸ
1385 2308 1669 2390 τριάκοντα
1699 2306 1872 2389 μέρος·

338 2396 494 2455 unde
502 2395 638 2472 jure
658 2397 896 2474 colligas
913 2397 1170 2456 Doribus
1195 2399 1252 2456 in
1272 2397 1477 2476 primis
1495 2397 1610 2455 hoc
1633 2395 1873 2455 verbum

339 2485 518 2543 fuisse
567 2484 871 2559 familiare,
936 2487 1240 2562 minusque
1307 2485 1555 2560 mireris,
1602 2484 1872 2561 quoniam

335 2572 537 2633 eadem
560 2586 683 2631 erat
703 2573 1085 2632 Macedonum
1115 2574 1417 2645 dialectus,
1434 2572 1507 2631 ad
1523 2572 1871 2630 Alexandri-

332 2678 442 2719 nos
487 2663 838 2738 pervenisse.
900 2664 1050 2721 Hinc
1106 2660 1440 2738 ἐξοδιασμὸς,
1491 2667 1761 2737 erogatio,
1811 2660 1872 2719 in

334 2747 524 2807 Glosa
554 2746 802 2822 Ἔξοδον,
826 2768 1000 2826 aquo
1024 2748 1315 2808 vocabulo
1350 2750 1459 2807 ista
1488 2748 1867 2826 proficiscun-

334 2846 449 2909 tur,
498 2854 915 2917 nonnunquam
961 2839 1044 2900 ita
1090 2838 1238 2898 sumi
1274 2849 1557 2898 monstrat
1597 2838 1870 2914 Hesychii

332 2924 429 3000 gl„
451 2924 753 3000 Ἀνάλωμα,
782 2924 988 2994 ἔξοδος·
1016 2939 1075 2984 et
1108 2940 1410 2985 enarrator
1442 2926 1737 2985 Theocriti
1783 2928 1871 2998 15,

334 3011 446 3068 35:
476 3031 676 3072 verum
706 3013 947 3090 insignis
964 3024 1055 3072 est
1077 3012 1286 3074 tabulae
1307 3032 1662 3085 marmoreae,
1699 3033 1869 3090 quam

331 3113 467 3159 ante
488 3101 804 3180 designavi,
839 3105 1003 3161 locus
1025 3123 1083 3181 p.
1114 3124 1341 3166 ccxvm
1363 3124 1378 3157 ε
1401 3101 1645 3184 γραφέτω
1676 3102 1734 3161 δὲ
1782 3103 1871 3162 καὶ

331 3186 429 3245 τὰν
456 3184 636 3248 ἔσοδον
669 3190 761 3250 καὶ
790 3188 965 3258 ἔξοδον
991 3190 1091 3250 τὰν
1116 3189 1401 3269 γινομέναν
1445 3190 1529 3250 ἐπ’
1564 3193 1745 3249 αὐτοῦ.
1782 3197 1869 3251 Ex

333 3276 425 3334 his
442 3276 745 3337 aberrasse
770 3279 1074 3338 Suicerum
1097 3278 1301 3356 liquet,
1324 3280 1429 3355 qui
1450 3278 1728 3348 ἐξοδιάζιιν
1756 3299 1870 3357 pu-

333 3365 541 3422 taverit
565 3385 688 3424 esse
730 3359 991 3444 proprie,
1026 3370 1296 3426 Sumtum
1324 3366 1394 3424 ad
1419 3367 1720 3444 exsequias
1761 3369 1870 3425 im—

332 3451 598 3529 pendere.
620 3458 710 3513 De
737 3452 1064 3534 λογαριάζιιν
1101 3474 1158 3512 v·
1194 3454 1556 3531 Ducangium
1594 3467 1651 3512 et
1685 3459 1871 3513 Vetus

330 3542 734 3601 Rationarium
767 3565 781 3599 ε
812 3542 995 3600 rarius
1024 3543 1178 3620 apud
1201 3543 1439 3602 Suidam
1467 3543 1871 3622 ἀπολογαριάζω

328 3629 402 3687 ad
418 3630 831 3707 exponendum
846 3628 1143 3709 ἄπολογίζω
1160 3629 1505 3702 adhibitum,
1525 3642 1583 3687 et
1601 3650 1633 3687 a
1654 3633 1870 3709 cangio

330 3719 802 3793 praetermissum.
825 3722 1052 3777 Hans-r.
1077 3718 1243 3777 Conf.
1263 3717 1600 3776 Valckenar.
1627 3717 1699 3775 ad
1720 3718 1867 3778 Ado·

330 3802 474 3862 niaz.
502 3823 557 3881 p.
589 3805 725 3880 339,
743 3807 802 3862 C.
828 3808 1014 3863 Dum.

412 3891 549 3965 383,
578 3913 616 3967 9
654 3890 710 3951 δέ
739 3892 854 3950 ἐστι
889 3898 958 3951 V.
996 3892 1187 3959 κλάδος
1228 3891 1411 3960 ἐλαίας
1460 3891 1645 3950 solum
1694 3892 1869 3950 habet

326 3981 508 4037 Dorv.
524 4001 549 4029 α
565 3983 679 4036 Pro
702 3978 831 4060 ἐρίῳ
851 3976 1219 4057 πεπληγμένος
1229 3982 1571 4057 Harpocrat.
1582 3991 1646 4042 et
1659 3979 1868 4039 Suidas

329 4079 652 4143 posuerunt
679 4065 948 4145 στέμματι
981 4065 1324 4144 ἐστεμμένος·
1358 4067 1525 4142 plura
1557 4064 1719 4128 dabit
1748 4071 1865 4125 Jos.

326 4156 526 4211 Wasse
550 4153 621 4211 ad
653 4153 884 4214 Sallust.
923 4173 982 4231 p.
1032 4155 1167 4212 360.
1203 4178 1227 4206 n
1252 4156 1476 4214 Hausr.
1496 4182 1559 4196 -
1590 4173 1659 4212 to
1688 4152 1868 4219 ἐλαίας

327 4248 571 4319 κατεῖχον
602 4241 793 4300 κλάδον
818 4241 947 4299 Ald.
1504 4295 1513 4304 ,

411 4327 547 4400 385,
582 4337 652 4397 14
693 4326 959 4408 ζωγράφος
996 4318 1061 4399 ἦν
1095 4326 1271 4389 Paris.
1310 4330 1453 4402 Beg.
1477 4354 1539 4367 -
1564 4329 1632 4385 15
1671 4323 1865 4406 ἔγραφε

322 4413 382 4475 δὲ
405 4422 585 4478 Dorv.
611 4415 839 4499 ἔγραψεν
867 4408 958 4476 οὖν
993 4419 1172 4477 Paris.
1222 4423 1387 4495 λος,
1412 4420 1512 4500 qui
1551 4429 1707 4478 recte
1750 4417 1864 4475 Εὐ-

1959 541 2054 599 hic
2080 554 2138 600 et
2165 544 2332 603 infra.
2378 545 2733 627 «Ἡρακλέους
2762 548 2994 630 θυγάτηρ
3035 563 3121 609 est
3165 552 3287 610 sinc
3311 551 3490 610 dubio

1960 632 2227 705 Macaria,
2258 654 2385 711 quae
2405 655 2515 713 pro
2543 636 2725 694 salute
2755 637 2995 696 fratrum
3020 639 3493 697 Atheniensium·-

1960 737 2075 793 que
2094 732 2338 779 mortem
2362 722 2742 782 voluntariam
2767 725 2968 784 subire
2984 746 3101 784 non
3124 726 3489 785 detrectavit.

1962 810 2202 865 Pausan.
2222 812 2272 882 Ι,
2297 811 2392 881 32,
2422 811 2475 870 5.
2497 810 2788 872 Zenobius
2807 827 3000 873 autem
3027 836 3081 888 2,
3109 816 3206 887 61,
3230 828 3288 872 et
3313 816 3489 873 schol.

1961 895 2260 974 Aristoph.
2292 898 2363 954 ad
2402 904 2506 976 Eq.
2540 921 2593 956 v.
2633 904 2781 969 1148
2815 903 2958 981 ipsis
2985 904 3105 961 fere
3133 901 3333 962 verbis
3365 924 3493 961 con·

1961 982 2203 1041 veniunt
2227 1002 2360 1041 cum
2387 985 2749 1062 Apollodoro
2781 1007 2834 1059 α,
2874 990 2929 1062 8,
2975 1010 3022 1046 1.
3056 990 3164 1047 Cui
3199 1011 3316 1048 non
3361 991 3494 1050 lecti

1964 1082 2095 1126 sunt
2112 1072 2413 1149 Euripidis
2436 1075 2793 1133 Heraclidae?
2816 1080 3039 1134 Heus-r.
3059 1086 3241 1145 n—4o
3269 1076 3492 1158 ἔγραψεν

1961 1153 2081 1238 Ἤρ.
2111 1164 2182 1218 V.
2211 1189 2274 1200 —
2304 1168 2371 1227 41
2403 1159 2528 1219 ὅταν
2561 1163 2692 1244 Εὐρ.
2724 1165 2794 1224 Θ.
2827 1164 2958 1223 Ald.
2984 1197 3063 1210 --
3094 1173 3165 1233 44
3191 1166 3333 1246 αὐτῷ
3356 1167 3495 1225 Θ.-

1966 1252 2036 1317 47
2072 1244 2275 1304 παίδων
2304 1247 2439 1307 libri
2467 1263 2673 1326 praeter
2698 1254 2770 1311 R.
2796 1280 2858 1292 —
2883 1254 2954 1319 48
2990 1254 3492 1333 παρακολουθουσῶν

1961 1331 2114 1411 λόγον
2146 1338 2360 1416 ὑπεῖχον
2390 1340 2465 1417 τῷ
2495 1336 2788 1416 ἐγκλήματι
2829 1338 2963 1399 Ald.
3003 1338 3496 1421 παρακολουθήσαις

1962 1424 2039 1502 τῷ
2070 1423 2368 1503 ἐγκλήματι
2396 1427 2465 1485 Θ.
2496 1429 2772 1505 Sequitur
2807 1429 2863 1485 in
2895 1427 2982 1486 ed.
3020 1432 3180 1486 Junt.
3208 1427 3289 1506 [et
3329 1428 3496 1507 Reg.]

1965 1511 2228 1570 scholion
2260 1513 2650 1572 futilissimum
2692 1515 2833 1587 hoc,
2860 1519 2888 1574 ὅ
2916 1515 3198 1597 Πάμφιλος
3239 1508 3385 1582 οὗτος
3421 1507 3494 1581 εἷς

1962 1588 2026 1672 ἦν
2056 1602 2160 1657 τῶν
2192 1599 2573 1682 Ἡρακλειδῶν,
2605 1602 2712 1668 υἱὸς
2742 1602 2835 1680 μὲν
2871 1605 3141 1683 Αἰγιμιοῦ,
3180 1601 3398 1687 ἀδελφὸς
3439 1604 3495 1663 δὲ

1964 1684 2182 1764 Δυμάου
2215 1687 2306 1746 καὶ
2346 1686 2547 1767 Δώρου,
2578 1691 2665 1771 ἀφ’
2690 1680 2762 1747 ὧν
2811 1690 2967 1772 φυλαὶ
3011 1693 3065 1749 ἐν
3115 1691 3492 1770 Λακεδαίμονι,

1966 1772 2266 1853 Παμφιλεῖς
2280 1818 2298 1847 ,
2314 1773 2405 1833 καὶ
2433 1777 2681 1850 Δυμενεῑς
2698 1821 2714 1849 ,
2741 1774 2831 1835 καὶ
2851 1782 3047 1859 Δωρεῖς
3063 1823 3080 1852 ,
3105 1779 3192 1859 ἀφ’
3214 1771 3276 1850 ἧς
3303 1782 3351 1838 οἱ
3380 1780 3497 1837 Δω-

1967 1868 2122 1941 ριεῑς,
2151 1856 2342 1928 οἵτινες
2378 1863 2639 1931 οἰκοῦντες
2683 1864 2933 1946 πρότερον
2975 1865 3070 1936 τὴν
3116 1865 3307 1925 Πίνδον
3368 1867 3494 1944 μίαν

1964 1940 2123 2008 οὖσαν
2159 1953 2250 2022 τῆς
2285 1950 2646 2033 τετραπόλεως
2679 1959 2773 2025 τῆς
2799 1955 2883 2013 ἐπ’
2908 1953 3131 2036 Εὗὸοίᾳ,
3157 1958 3493 2038 ἀφικνοῦνται

1964 2039 2035 2105 εἰς
2062 2037 2155 2111 τὴν
2186 2038 2380 2118 μεταξὺ
2415 2040 2580 2114 Οἴτης
2619 2041 2754 2116 (ἥτις
2780 2047 2922 2122 ch.
2959 2051 2990 2102 J
2998 2057 3141 2117 unt.,
3178 2046 3335 2123 quod
3365 2066 3496 2103 cor-

1963 2142 2187 2188 rectum
2215 2132 2277 2188 in
2303 2131 2393 2188 ed.
2420 2133 2612 2210 Basil.)
2640 2132 2729 2191 καὶ
2761 2135 3046 2212 Παρνασοῦ
3070 2133 3277 2215 Δωρίδα
3303 2131 3496 2202 ἑξάπο-

1962 2216 2045 2274 λιν
2074 2207 2257 2276 οὖσαν.
2283 2216 2396 2277 ἔστι
2419 2216 2473 2277 δὲ
2499 2218 2757 2301 Ἐρινεὸν,
2780 2219 3025 2295 Κύτινον,
3056 2221 3234 2297 Βοιὸν,
3253 2219 3494 2296 Λίλαιον,

1966 2303 2238 2386 Κάρφαια,
2266 2304 2501 2386 Δρυόπη.
2537 2308 2598 2365 ἐκ
2631 2304 2688 2365 δὲ
2719 2306 2918 2365 τούτων
2946 2304 3036 2366 σὺν
3071 2315 3176 2373 τοῖς
3203 2305 3492 2390 Ἡρακλεί-

1964 2392 2076 2457 δαις
2101 2394 2464 2475 ἀναχωροῦσιν
2490 2398 2625 2469 ὁμοῦ
2655 2385 2826 2473 (οἶμαι
2854 2393 3021 2474 Reg.)
3052 2398 3113 2455 ἐκ
3139 2397 3232 2466 τῆς
3257 2396 3496 2467 Ἀττικῆς

1963 2481 2033 2545 εἷς
2057 2480 2432 2559 Λακεδαίμονα
2459 2482 2824 2563 (κατέρχονται
2848 2483 3010 2542 addit
3042 2486 3223 2562 Reg.),
3253 2486 3324 2550 ὥς
3357 2486 3447 2563 (ὡς
3465 2489 3495 2543 ὃ

1961 2570 2122 2648 Reg.)
2154 2568 2417 2650 Πίνδαρός
2460 2594 2589 2650 φησι
2632 2570 2877 2630 «θέλοντι
2910 2568 2967 2629 δὲ
3005 2570 3360 2653 Παμφίλου.»
3406 2579 3494 2633 De

1961 2678 2078 2735 quo
2133 2658 2253 2715 haec
2293 2660 2594 2718 annotavit
2645 2663 3218 2738 Hemst.:‹11neptus
3265 2660 3494 2739 aliquis,

1961 2746 2060 2822 qui
2086 2746 2353 2807 eximiam
2387 2749 2600 2806 vetusti
2637 2748 2989 2806 enarratoris
3026 2747 3492 2809 observationem

1963 2833 2033 2892 ad
2060 2836 2290 2895 Pindari
2315 2836 2481 2913 Pyth.
2519 2857 2571 2908 1,
2601 2857 2619 2893 1
2636 2855 2727 2909 21,
2752 2833 3054 2896 Θέλοντιδὲ
3078 2834 3375 2917 Παμφύλου
3402 2838 3495 2897 καὶ

1964 2920 2070 2997 μὰν
2099 2923 2453 3005 Ἡρακλειδᾶν
2480 2921 2683 3000 ἔκγονοι
2710 2937 2837 2995 etc„
2868 2925 3086 2983 Comici
3117 2924 3326 2995 verbis,
3358 2927 3494 3003 qui·-

1958 3008 2202 3069 buscum
2223 3013 2390 3090 plane
2406 3012 2546 3070 nihil
2569 3011 2783 3070 habent
2802 3031 3125 3083 commune,
3147 3012 3495 3071 illustrandis

1961 3098 2289 3158 conducere
2335 3100 2508 3158 stulte
2562 3099 2672 3157 sibi
2723 3101 3038 3176 persuasit:
3067 3097 3373 3179 Πάμφιλον,
3431 3114 3494 3159 ut

1960 3187 2217 3245 exactius
2243 3188 2646 3266 Aristophanis
2675 3189 2763 3246 vel
2794 3188 3004 3265 pictori
3031 3185 3118 3244 vel
3161 3201 3348 3267 poetae
3374 3202 3492 3246 tra-

1958 3274 2089 3352 gico
2118 3275 2522 3353 responderet,
2549 3276 2798 3353 scripsit,
2835 3295 3005 3352 quem
3028 3294 3227 3332 omnes
3256 3274 3494 3356 Πάμφυ-

1957 3364 2046 3420 λον
2068 3364 2363 3441 appellant
2381 3384 2510 3422 cum
2541 3365 2717 3422 fratre
2735 3368 2949 3438 Dyma,
2978 3365 3237 3438 Dymane
3259 3363 3348 3422 vel
3377 3366 3494 3439 Dy—

1961 3464 2167 3521 mame,
2197 3451 2433 3529 AEgimii
2473 3452 2674 3510 filium.
2707 3455 2861 3530 Ergo
2909 3450 3098 3509 minus
3133 3465 3488 3528 accuratum,

1959 3538 2114 3615 quod
2150 3538 2223 3596 de
2265 3559 2371 3597 suo
2413 3540 2655 3617 largitus
2687 3553 2789 3613 est,
2833 3529 2905 3604 εἷς
2940 3541 3045 3596 τῶν
3078 3535 3439 3620 Ἡρακλειδῶν
3474 3567 3486 3579 ·

1959 3645 2287 3705 quanquam
2319 3628 2546 3706 utrique
2574 3647 2705 3685 cum
2739 3625 3049 3686 Heraclidis
3080 3626 3152 3684 ad
3188 3647 3488 3705 occupan-

1958 3711 2086 3774 dam
2140 3718 2602 3794 Peloponnesum
2654 3715 2898 3793 prosecti
2954 3716 3273 3773 tradantur.
3324 3722 3491 3777 Nunc

1957 3817 2269 3882 utrumque
2305 3805 2651 3862 scholiasten
2682 3804 2882 3882 paucis
2908 3803 3172 3862 conferre
3193 3801 3372 3876 lubet,
3401 3819 3485 3878 ut,

1957 3891 2098 3968 quid
2123 3904 2321 3950 noster
2345 3892 2442 3949 ille
2467 3892 2731 3949 acutulus
2760 3891 2818 3948 in
2846 3892 3027 3949 altero
3057 3893 3488 3969 corrumpendo

1956 3978 2067 4037 sibi
2101 3979 2427 4051 indulserit,
2462 3991 2735 4056 patescat.
2775 3979 2912 4037 Tale
2948 3990 3035 4037 est
3067 3978 3137 4036 ad
3172 3978 3485 4038 Pindarum

1955 4067 2342 4125 adnotationis
2384 4067 2615 4125 initium
2650 4088 2664 4124 ε
2707 4065 2997 4147 Πάμφυλος
3038 4065 3132 4125 καὶ
3175 4065 3355 4144 Δύμας
3393 4067 3485 4126 καὶ

1955 4153 2134 4232 Δῶρος
2157 4153 2259 4211 υἱοὶ
2298 4154 2571 4232 Αἰγιμιοῦ·
2602 4151 2692 4233 ἀφ’
2711 4140 2784 4209 ὧν
2811 4151 3096 4233 Παμφυλὶς
3123 4150 3214 4209 καὶ
3250 4153 3483 4230 Δυμανὶς

1953 4241 2109 4320 φυλαὶ
2161 4243 2215 4300 ἐν
2259 4241 2648 4320 Λακεδαίμονι·
2693 4240 2788 4298 isti
2839 4245 3020 4312 Doro,
3059 4259 3134 4297 ne
3170 4238 3323 4298 tribu
3356 4260 3391 4299 a
3418 4259 3482 4301 se

1953 4341 2080 4387 orta
2095 4331 2268 4389 miser
2285 4342 2524 4402 careret,
2545 4330 2844 4408 prospexit
2862 4341 3078 4402 noster,
3100 4339 3483 4407 posterosque

1953 4417 2155 4476 tribuit
2178 4421 2388 4500 Δωριῖς.
2419 4423 2542 4496 Ego
2565 4423 2788 4477 Dorum
2810 4416 3066 4476 Hellenis
3089 4415 3289 4486 tilium,
3311 4416 3479 4475 item*

328 4503 542 4585 ρυσθέα,
566 4525 686 4566 non
711 4505 918 4571 εὐθέως.
947 4536 1009 4552 -
1045 4508 1114 4564 16
1145 4504 1327 4571 αὐτοὺς
1362 4511 1681 4580 emporia
1703 4532 1765 4545 -
1792 4505 1860 4564 18
1950 4527 2062 4586 que
2090 4507 2264 4566 alium
2284 4507 2539 4585 Neptuni
2564 4506 2824 4584 cognitos
2852 4502 3064 4574 habe03
3092 4504 3319 4581 AEgimii
3343 4505 3478 4562 nul·—

324 4591 719 4673 περιειλημένος
741 4597 881 4671 Reg.
902 4591 1333 4674 περιαλυμμένος
1356 4598 1543 4656 nutv.
1572 4613 1861 4668 κατιστεμ-
1951 4596 2087 4664 lum,
2120 4597 2345 4678 quippe
2385 4595 2505 4673 qui,
2531 4606 2677 4656 teste
2698 4593 2994 4671 Stephano
3023 4592 3082 4649 in
3117 4593 3320 4668 Δυμᾶν,
3349 4590 3476 4670 ἴσχε

326 4685 481 4764 μένος
512 4690 869 4749 Plutarchus.
909 4731 989 4744 -.
1016 4699 1091 4758 al,
1138 4688 1241 4770 γὰρ
1274 4709 1407 4750 ·om.
1454 4695 1524 4750 V.
1546 4721 1631 4744 ⁹-
1651 4690 1725 4750 25
1769 4707 1889 4768 sq.¹²
1928 4684 2039 4756 ,δύο
2057 4687 2249 4751 παῖδας
2264 4683 2563 4765 Πάμφυλον
2587 4681 2678 4741 καὶ
2706 4687 2947 4758 Δυμᾶνα,
2978 4678 3176 4739 καὶτὸν
3201 4683 3293 4737 τοῦ
3317 4675 3477 4760 Ἦρα-

326 4773 447 4855 Ἡρ.
475 4775 564 4836 τὸν
590 4777 667 4836 ἐκ.
690 4797 808 4839 om.
839 4779 1021 4840 etiam
1047 4779 1119 4838 Θ.
1151 4809 1230 4836 -ο
1273 4781 1351 4838 26
1377 4776 1605 4860 ἔμφῦτον
1636 4781 1857 4838 Hemst.
1948 4772 2340 4842 κλέουςἿἍλον
2360 4770 2645 4842 ἐποιήσατο
2665 4769 2856 4852 τρίτον,
2878 4767 3029 4850 χάριν
3058 4765 3336 4832 ἀποδιδοὺς
3363 4769 3472 4825 ἀνθ’

328 4893 401 4908 -—
425 4882 496 4936 27
537 4884 620 4941 sq.
645 4864 914 4947 ζωγράφος
930 4888 944 4902 ·
987 4862 1123 4925 κατὰ
1154 4863 1210 4924 δέ
1249 4885 1393 4929 τινας
1415 4888 1493 4946 τρ.
1514 4870 1585 4926 V.
1628 4866 1703 4928 Π.
1724 4887 1859 4944 τροι-
1945 4854 2017 4922 &v
2043 4861 2312 4943 Ἡρακλῆς
2331 4858 2707 4920 ἐκπεπτωκότα
2734 4856 3054 4936 κατήγαγεν.
3074 4855 3356 4931 Quocirca
3382 4875 3472 4918 res

325 4948 495 5026 γικός·
524 4949 666 5010 κατὰ
695 4952 753 5011 δέ
776 4977 923 5022 τινας
949 4953 1222 5036 ζωγράφος
1244 4955 1314 5016 Θ.
1338 4954 1475 5014 Ald.
1511 4989 1589 5010 -0
1616 4973 1695 5028 29
1724 4951 1853 5012 Ἄλ-

326 5037 447 5104 λως.
477 5037 764 5119 Πάμφιλον
795 5039 890 5119 μὲν
919 5042 1112 5101 addita
1156 5064 1228 5101 ex
1255 5048 1323 5099 V.
1354 5070 1425 5088 ·-·
1447 5045 1521 5102 33
1550 5061 1706 5116 Qucum
1747 5043 1856 5113 ἀμ-

568 5150 741 5198 δσιιοι..
776 5155 1037 5199 Animoru-

1945 4953 2070 5029 ipsa
2104 4951 2408 5028 diligenter
2447 4949 2810 5008 considerata
2851 4945 3049 5022 refingi
3083 4943 3273 5022 jubet,
3301 4943 3471 5022 Πάμ-

1945 5041 2100 5119 φυλος
2131 5038 2220 5098 καὶ
2247 5039 2435 5115 Δύμας
2462 5042 2703 5118 Δωριεῖς,
2742 5032 2842 5093 υἱοὶ
2897 5034 3163 5112 Αἰγιμιοῦ.
3198 5032 3471 5109 Sequitur

3212 5140 3268 5186 36
