<?xml version="1.0" encoding="UTF-8"?>
<!DOCTYPE html PUBLIC "-//W3C//DTD XHTML 1.0 Transitional//EN"
    "http://www.w3.org/TR/xhtml1/DTD/xhtml1-transitional.dtd">
<html xmlns="http://www.w3.org/1999/xhtml" xml:lang="en" lang="en">
 <head>
  <title>
</title>
<meta http-equiv="Content-Type" content="text/html;charset=utf-8" />
  <meta name='ocr-system' content='tesseract 3.04.00' />
  <meta name='ocr-capabilities' content='ocr_page ocr_carea ocr_par ocr_line ocrx_word'/>
</head>
<body>
  <div class='ocr_page' id='page_1' title='image "./scholiagraecain02dbgoog_0218.png"; bbox 0 0 3859 5725; ppageno 0'>
   <div class='ocr_carea' id='block_1_1' title="bbox 319 265 429 315">
    <p class='ocr_par' dir='ltr' id='par_1_1' title="bbox 319 265 429 315">
     <span class='ocr_line' id='line_1_1' title="bbox 319 265 429 315; baseline 0 0"><span class='ocrx_word' id='word_1_1' title='bbox 319 265 429 315; x_wconf 80' lang='lat'>176</span> 
     </span>
    </p>
   </div>
   <div class='ocr_carea' id='block_1_2' title="bbox 1480 238 2363 303">
    <p class='ocr_par' dir='ltr' id='par_1_2' title="bbox 1480 238 2363 303">
     <span class='ocr_line' id='line_1_2' title="bbox 1480 238 2363 303; baseline -0.008 0"><span class='ocrx_word' id='word_1_2' title='bbox 1480 239 1863 303; x_wconf 80' lang='lat' dir='ltr'>SCHOLIA</span> <span class='ocrx_word' id='word_1_3' title='bbox 1915 239 2001 297; x_wconf 84' lang='lat' dir='ltr'>IN</span> <span class='ocrx_word' id='word_1_4' title='bbox 2045 238 2363 298; x_wconf 86' lang='lat' dir='ltr'>PACEM.</span> 
     </span>
    </p>
   </div>
   <div class='ocr_carea' id='block_1_3' title="bbox 314 366 3530 464">
    <p class='ocr_par' dir='ltr' id='par_1_3' title="bbox 314 366 3530 464">
     <span class='ocr_line' id='line_1_3' title="bbox 314 366 3530 464; baseline -0.004 -18"><span class='ocrx_word' id='word_1_5' title='bbox 314 385 501 446; x_wconf 76' lang='grc' dir='ltr'>πολλοὶ</span> <span class='ocrx_word' id='word_1_6' title='bbox 525 382 629 464; x_wconf 81' lang='grc' dir='ltr'>γὰρ</span> <span class='ocrx_word' id='word_1_7' title='bbox 660 383 832 441; x_wconf 78' lang='grc' dir='ltr'>αὖτῶν</span> <span class='ocrx_word' id='word_1_8' title='bbox 874 377 964 438; x_wconf 78' lang='grc' dir='ltr'>τὸν</span> <span class='ocrx_word' id='word_1_9' title='bbox 1001 377 1193 458; x_wconf 83' lang='grc' dir='ltr'>τρόπον</span> <span class='ocrx_word' id='word_1_10' title='bbox 1233 380 1411 434; x_wconf 78' lang='grc' dir='ltr'>τοῦτον</span> <span class='ocrx_word' id='word_1_11' title='bbox 1451 372 1662 433; x_wconf 81' lang='grc' dir='ltr'>εἰώθασι</span> <span class='ocrx_word' id='word_1_12' title='bbox 1689 375 1877 448; x_wconf 76' lang='grc' dir='ltr'>ποιεῖν,</span> <span class='ocrx_word' id='word_1_13' title='bbox 1962 368 2029 427; x_wconf 71' lang='grc' dir='ltr'>τὰ</span> <span class='ocrx_word' id='word_1_14' title='bbox 2057 372 2239 450; x_wconf 85' lang='grc' dir='ltr'>πρῶτα</span> <span class='ocrx_word' id='word_1_15' title='bbox 2267 366 2526 451; x_wconf 78' lang='grc' dir='ltr'>διασύρων</span> <span class='ocrx_word' id='word_1_16' title='bbox 2551 370 2690 429; x_wconf 86' lang='grc' dir='ltr'>δοκεῖ</span> <span class='ocrx_word' id='word_1_17' title='bbox 2717 368 2804 430; x_wconf 75' lang='grc' dir='ltr'>τὸν</span> <span class='ocrx_word' id='word_1_18' title='bbox 2836 371 3299 454; x_wconf 69' lang='grc' dir='ltr'>Βελλεροφόντην.)</span> <span class='ocrx_word' id='word_1_19' title='bbox 3323 375 3452 458; x_wconf 81' lang='grc' dir='ltr'>πρὸς</span> <span class='ocrx_word' id='word_1_20' title='bbox 3474 377 3530 436; x_wconf 80' lang='grc' dir='ltr'>δὲ</span> 
     </span>
    </p>
   </div>
   <div class='ocr_carea' id='block_1_4' title="bbox 316 467 1183 537">
    <p class='ocr_par' dir='ltr' id='par_1_4' title="bbox 316 467 1183 537">
     <span class='ocr_line' id='line_1_4' title="bbox 316 467 1183 537; baseline -0.014 -3"><span class='ocrx_word' id='word_1_21' title='bbox 316 473 652 534; x_wconf 73' lang='grc' dir='ltr'>ἀποσείεσθαι</span> <span class='ocrx_word' id='word_1_22' title='bbox 676 469 794 537; x_wconf 77' lang='grc' dir='ltr'>τοὺς</span> <span class='ocrx_word' id='word_1_23' title='bbox 813 467 1084 534; x_wconf 71' lang='grc' dir='ltr'>ἐπιὸάτας.</span> <span class='ocrx_word' id='word_1_24' title='bbox 1121 477 1183 522; x_wconf 86' lang='lat' dir='ltr'>V.</span> 
     </span>
    </p>
   </div>
   <div class='ocr_carea' id='block_1_5' title="bbox 243 556 1914 5104">
    <p class='ocr_par' dir='ltr' id='par_1_5' title="bbox 313 556 1881 741">
     <span class='ocr_line' id='line_1_5' title="bbox 397 556 1880 651; baseline -0.014 -18"><span class='ocrx_word' id='word_1_25' title='bbox 397 574 530 651; x_wconf 77' lang='lat'><strong>(15⁴).</strong></span> <span class='ocrx_word' id='word_1_26' title='bbox 562 569 677 629; x_wconf 86' lang='grc' dir='ltr'>ἀλλ’</span> <span class='ocrx_word' id='word_1_27' title='bbox 702 568 799 646; x_wconf 83' lang='grc' dir='ltr'>ἄγε</span> <span class='ocrx_word' id='word_1_28' title='bbox 829 565 1052 643; x_wconf 84' lang='grc' dir='ltr'>Πήγασε</span> <span class='ocrx_word' id='word_1_29' title='bbox 1080 583 1094 623; x_wconf 74' lang='lat'>1</span> <span class='ocrx_word' id='word_1_30' title='bbox 1122 560 1276 622; x_wconf 76' lang='grc' dir='ltr'>Μετὰ</span> <span class='ocrx_word' id='word_1_31' title='bbox 1298 559 1358 619; x_wconf 83' lang='grc' dir='ltr'>τὸ</span> <span class='ocrx_word' id='word_1_32' title='bbox 1384 556 1880 638; x_wconf 87' lang='grc' dir='ltr'>παρακελεύσασθαι</span> 
     </span>
     <span class='ocr_line' id='line_1_6' title="bbox 313 646 1881 741; baseline -0.013 -22"><span class='ocrx_word' id='word_1_33' title='bbox 313 664 389 741; x_wconf 77' lang='grc' dir='ltr'>τῷ</span> <span class='ocrx_word' id='word_1_34' title='bbox 412 660 556 739; x_wconf 82' lang='grc' dir='ltr'>ὄχλῳ</span> <span class='ocrx_word' id='word_1_35' title='bbox 576 657 668 716; x_wconf 77' lang='grc' dir='ltr'>καὶ</span> <span class='ocrx_word' id='word_1_36' title='bbox 691 656 808 735; x_wconf 29' lang='grc' dir='ltr'>,τοῖς</span> <span class='ocrx_word' id='word_1_37' title='bbox 836 656 1024 711; x_wconf 75' lang='grc' dir='ltr'>ἑαυτοῦ</span> <span class='ocrx_word' id='word_1_38' title='bbox 1048 648 1276 715; x_wconf 78' lang='grc' dir='ltr'>παιδίοις</span> <span class='ocrx_word' id='word_1_39' title='bbox 1294 646 1435 707; x_wconf 84' lang='grc' dir='ltr'>κατὰ</span> <span class='ocrx_word' id='word_1_40' title='bbox 1467 646 1629 724; x_wconf 83' lang='grc' dir='ltr'>μηδὲν</span> <span class='ocrx_word' id='word_1_41' title='bbox 1654 646 1881 725; x_wconf 80' lang='grc' dir='ltr'>ἐρεθίσαι</span> 
     </span>
    </p>

    <p class='ocr_par' dir='ltr' id='par_1_6' title="bbox 261 729 1887 1177">
     <span class='ocr_line' id='line_1_7' title="bbox 261 729 1882 825; baseline -0.013 -17"><span class='ocrx_word' id='word_1_42' title='bbox 261 768 288 807; x_wconf 72' lang='grc' dir='ltr'>ε</span> <span class='ocrx_word' id='word_1_43' title='bbox 318 748 406 807; x_wconf 84' lang='grc' dir='ltr'>τὸν</span> <span class='ocrx_word' id='word_1_44' title='bbox 435 746 711 825; x_wconf 83' lang='grc' dir='ltr'>κάνθαρον,</span> <span class='ocrx_word' id='word_1_45' title='bbox 735 741 853 801; x_wconf 85' lang='grc' dir='ltr'>τότε</span> <span class='ocrx_word' id='word_1_46' title='bbox 880 736 1298 820; x_wconf 81' lang='grc' dir='ltr'>παρακελεύεται</span> <span class='ocrx_word' id='word_1_47' title='bbox 1329 738 1489 814; x_wconf 78' lang='grc' dir='ltr'>αὐτῷ.</span> <span class='ocrx_word' id='word_1_48' title='bbox 1531 769 1608 779; x_wconf 92' lang='grc'>-</span> <span class='ocrx_word' id='word_1_49' title='bbox 1639 731 1731 791; x_wconf 76' lang='grc' dir='ltr'>καὶ</span> <span class='ocrx_word' id='word_1_50' title='bbox 1757 729 1882 789; x_wconf 87' lang='grc' dir='ltr'>τάδε</span> 
     </span>
     <span class='ocr_line' id='line_1_8' title="bbox 315 814 1881 912; baseline -0.015 -16"><span class='ocrx_word' id='word_1_51' title='bbox 315 840 375 896; x_wconf 73' lang='grc' dir='ltr'>ἐκ</span> <span class='ocrx_word' id='word_1_52' title='bbox 402 840 494 893; x_wconf 75' lang='grc' dir='ltr'>τοῦ</span> <span class='ocrx_word' id='word_1_53' title='bbox 524 828 939 912; x_wconf 71' lang='grc' dir='ltr'>Βελλεροφόντου</span> <span class='ocrx_word' id='word_1_54' title='bbox 959 854 983 879; x_wconf 74' lang='grc' dir='ltr'>α</span> <span class='ocrx_word' id='word_1_55' title='bbox 1013 826 1085 884; x_wconf 80' lang='grc' dir='ltr'>ἴθι</span> <span class='ocrx_word' id='word_1_56' title='bbox 1112 822 1482 904; x_wconf 83' lang='grc' dir='ltr'>χρυσοχάλιν’,</span> <span class='ocrx_word' id='word_1_57' title='bbox 1509 819 1667 901; x_wconf 82' lang='grc' dir='ltr'>αἴρων</span> <span class='ocrx_word' id='word_1_58' title='bbox 1691 814 1881 897; x_wconf 84' lang='grc' dir='ltr'>πτέρυ-</span> 
     </span>
     <span class='ocr_line' id='line_1_9' title="bbox 315 906 1883 1002; baseline -0.014 -20"><span class='ocrx_word' id='word_1_59' title='bbox 315 946 427 1002; x_wconf 87' lang='grc' dir='ltr'>γας.</span> <span class='ocrx_word' id='word_1_60' title='bbox 472 948 497 972; x_wconf 70' lang='grc' dir='ltr'>υ</span> <span class='ocrx_word' id='word_1_61' title='bbox 527 919 615 979; x_wconf 77' lang='grc' dir='ltr'>τὸν</span> <span class='ocrx_word' id='word_1_62' title='bbox 651 918 907 997; x_wconf 83' lang='grc' dir='ltr'>κάνθαρον</span> <span class='ocrx_word' id='word_1_63' title='bbox 947 916 1023 995; x_wconf 81' lang='grc' dir='ltr'>τῷ</span> <span class='ocrx_word' id='word_1_64' title='bbox 1059 912 1300 991; x_wconf 78' lang='grc' dir='ltr'>Πηγάσῳ</span> <span class='ocrx_word' id='word_1_65' title='bbox 1339 908 1653 977; x_wconf 84' lang='grc' dir='ltr'>ἀπεικάζων.</span> <span class='ocrx_word' id='word_1_66' title='bbox 1724 906 1883 974; x_wconf 85' lang='grc' dir='ltr'>διπλῆ</span> 
     </span>
     <span class='ocr_line' id='line_1_10' title="bbox 317 990 1884 1085; baseline -0.013 -15"><span class='ocrx_word' id='word_1_67' title='bbox 317 1011 409 1070; x_wconf 74' lang='grc' dir='ltr'>καὶ</span> <span class='ocrx_word' id='word_1_68' title='bbox 436 1010 654 1074; x_wconf 83' lang='grc' dir='ltr'>εἴσθεσις</span> <span class='ocrx_word' id='word_1_69' title='bbox 682 1008 753 1073; x_wconf 83' lang='grc' dir='ltr'>εἷς</span> <span class='ocrx_word' id='word_1_70' title='bbox 778 1002 1016 1085; x_wconf 81' lang='grc' dir='ltr'>περίοδον</span> <span class='ocrx_word' id='word_1_71' title='bbox 1043 996 1426 1068; x_wconf 84' lang='grc' dir='ltr'>ἀναπαιστικὴν</span> <span class='ocrx_word' id='word_1_72' title='bbox 1462 1003 1552 1055; x_wconf 78' lang='grc' dir='ltr'>τοῦ</span> <span class='ocrx_word' id='word_1_73' title='bbox 1588 990 1884 1075; x_wconf 71' lang='grc' dir='ltr'>πρεσὸύτου</span> 
     </span>
     <span class='ocr_line' id='line_1_11' title="bbox 316 1079 1887 1177; baseline -0.015 -18"><span class='ocrx_word' id='word_1_74' title='bbox 316 1091 1014 1177; x_wconf 84' lang='grc' dir='ltr'>ὄκτωκαιτριακοντάμετρος</span> <span class='ocrx_word' id='word_1_75' title='bbox 1035 1090 1096 1147; x_wconf 87' lang='grc' dir='ltr'>ιθ’</span> <span class='ocrx_word' id='word_1_76' title='bbox 1123 1085 1326 1146; x_wconf 81' lang='grc' dir='ltr'>κώλων.</span> <span class='ocrx_word' id='word_1_77' title='bbox 1350 1098 1411 1143; x_wconf 81' lang='lat' dir='ltr'>V.</span> <span class='ocrx_word' id='word_1_78' title='bbox 1441 1084 1682 1164; x_wconf 85' lang='grc' dir='ltr'>[εἴσθεσις</span> <span class='ocrx_word' id='word_1_79' title='bbox 1711 1079 1767 1139; x_wconf 81' lang='grc' dir='ltr'>δὲ</span> <span class='ocrx_word' id='word_1_80' title='bbox 1793 1084 1887 1150; x_wconf 73' lang='grc' dir='ltr'>τῆς</span> 
     </span>
    </p>

    <p class='ocr_par' dir='ltr' id='par_1_7' title="bbox 243 1166 1888 1532">
     <span class='ocr_line' id='line_1_12' title="bbox 243 1166 1883 1261; baseline -0.014 -13"><span class='ocrx_word' id='word_1_81' title='bbox 243 1201 291 1240; x_wconf 88' lang='grc'>10</span> <span class='ocrx_word' id='word_1_82' title='bbox 317 1188 506 1258; x_wconf 90' lang='grc' dir='ltr'>διπλῆς</span> <span class='ocrx_word' id='word_1_83' title='bbox 547 1187 607 1243; x_wconf 81' lang='grc' dir='ltr'>ἐκ</span> <span class='ocrx_word' id='word_1_84' title='bbox 638 1180 832 1261; x_wconf 86' lang='grc' dir='ltr'>στίχων</span> <span class='ocrx_word' id='word_1_85' title='bbox 864 1179 1257 1237; x_wconf 86' lang='grc' dir='ltr'>ἀναπαιστικῶν</span> <span class='ocrx_word' id='word_1_86' title='bbox 1305 1172 1559 1252; x_wconf 79' lang='grc' dir='ltr'>διμέτρων</span> <span class='ocrx_word' id='word_1_87' title='bbox 1608 1166 1883 1239; x_wconf 79' lang='grc' dir='ltr'>ἀκαταλή-</span> 
     </span>
     <span class='ocr_line' id='line_1_13' title="bbox 318 1254 1885 1346; baseline -0.014 -12"><span class='ocrx_word' id='word_1_88' title='bbox 318 1298 476 1346; x_wconf 90' lang='grc' dir='ltr'>κτων,</span> <span class='ocrx_word' id='word_1_89' title='bbox 499 1270 639 1342; x_wconf 86' lang='grc' dir='ltr'>πλὴν</span> <span class='ocrx_word' id='word_1_90' title='bbox 662 1275 754 1328; x_wconf 79' lang='grc' dir='ltr'>τοῦ</span> <span class='ocrx_word' id='word_1_91' title='bbox 774 1264 1093 1326; x_wconf 84' lang='grc' dir='ltr'>τελευταίου.</span> <span class='ocrx_word' id='word_1_92' title='bbox 1115 1269 1269 1322; x_wconf 73' lang='grc' dir='ltr'>τοῦτο</span> <span class='ocrx_word' id='word_1_93' title='bbox 1285 1260 1387 1340; x_wconf 75' lang='grc' dir='ltr'>γὰρ</span> <span class='ocrx_word' id='word_1_94' title='bbox 1411 1255 1778 1339; x_wconf 81' lang='grc' dir='ltr'>ἑφθημιμερές.</span> <span class='ocrx_word' id='word_1_95' title='bbox 1803 1254 1885 1335; x_wconf 74' lang='grc' dir='ltr'>ὑφ’</span> 
     </span>
     <span class='ocr_line' id='line_1_14' title="bbox 319 1340 1888 1430; baseline -0.014 -9"><span class='ocrx_word' id='word_1_96' title='bbox 319 1361 347 1421; x_wconf 87' lang='grc' dir='ltr'>ὃ</span> <span class='ocrx_word' id='word_1_97' title='bbox 377 1364 432 1419; x_wconf 78' lang='grc' dir='ltr'>αἱ</span> <span class='ocrx_word' id='word_1_98' title='bbox 461 1358 694 1430; x_wconf 80' lang='grc' dir='ltr'>συνήθεις</span> <span class='ocrx_word' id='word_1_99' title='bbox 718 1355 808 1415; x_wconf 89' lang='grc' dir='ltr'>δύο</span> <span class='ocrx_word' id='word_1_100' title='bbox 840 1353 1039 1412; x_wconf 80' lang='grc' dir='ltr'>διπλαῖ.</span> <span class='ocrx_word' id='word_1_101' title='bbox 1071 1353 1124 1409; x_wconf 76' lang='grc' dir='ltr'>ἐν</span> <span class='ocrx_word' id='word_1_102' title='bbox 1152 1348 1353 1409; x_wconf 79' lang='grc' dir='ltr'>ἐκθέσει</span> <span class='ocrx_word' id='word_1_103' title='bbox 1376 1345 1431 1406; x_wconf 85' lang='grc' dir='ltr'>δὲ</span> <span class='ocrx_word' id='word_1_104' title='bbox 1456 1344 1674 1424; x_wconf 79' lang='grc' dir='ltr'>ἰαμὸεῑα</span> <span class='ocrx_word' id='word_1_105' title='bbox 1703 1346 1760 1413; x_wconf 84' lang='grc' dir='ltr'>ζ’.</span> <span class='ocrx_word' id='word_1_106' title='bbox 1801 1340 1888 1400; x_wconf 81' lang='grc' dir='ltr'>ἐπὶ</span> 
     </span>
     <span class='ocr_line' id='line_1_15' title="bbox 318 1443 835 1532; baseline -0.015 -23"><span class='ocrx_word' id='word_1_107' title='bbox 318 1452 393 1532; x_wconf 78' lang='grc' dir='ltr'>τῷ</span> <span class='ocrx_word' id='word_1_108' title='bbox 419 1449 558 1506; x_wconf 79' lang='grc' dir='ltr'>τέλει</span> <span class='ocrx_word' id='word_1_109' title='bbox 576 1443 835 1526; x_wconf 87' lang='grc' dir='ltr'>κορωνίς.]</span> 
     </span>
    </p>

    <p class='ocr_par' dir='ltr' id='par_1_8' title="bbox 402 1519 1887 1616">
     <span class='ocr_line' id='line_1_16' title="bbox 402 1519 1887 1616; baseline -0.018 -18"><span class='ocrx_word' id='word_1_110' title='bbox 402 1557 496 1598; x_wconf 71' lang='lat'><strong>1⁶⁶.</strong></span> <span class='ocrx_word' id='word_1_111' title='bbox 538 1531 744 1616; x_wconf 79' lang='grc' dir='ltr'>ψαλίων</span> <span class='ocrx_word' id='word_1_112' title='bbox 763 1552 778 1592; x_wconf 74' lang='lat' dir='ltr'><em>z</em></span> <span class='ocrx_word' id='word_1_113' title='bbox 798 1532 922 1591; x_wconf 85' lang='grc' dir='ltr'>Τῶν</span> <span class='ocrx_word' id='word_1_114' title='bbox 935 1527 1184 1609; x_wconf 89' lang='grc' dir='ltr'>χαλινῶν.</span> <span class='ocrx_word' id='word_1_115' title='bbox 1198 1559 1276 1571; x_wconf 89' lang='grc'>-</span> <span class='ocrx_word' id='word_1_116' title='bbox 1289 1521 1538 1601; x_wconf 83' lang='grc' dir='ltr'>στομίων,</span> <span class='ocrx_word' id='word_1_117' title='bbox 1556 1519 1808 1600; x_wconf 83' lang='grc' dir='ltr'>χαλινῶν.</span> <span class='ocrx_word' id='word_1_118' title='bbox 1828 1526 1887 1573; x_wconf 85' lang='lat' dir='ltr'>R.</span> 
     </span>
    </p>

    <p class='ocr_par' dir='ltr' id='par_1_9' title="bbox 249 1609 1889 1869">
     <span class='ocr_line' id='line_1_17' title="bbox 249 1609 1889 1712; baseline -0.016 -15"><span class='ocrx_word' id='word_1_119' title='bbox 249 1658 295 1698; x_wconf 76' lang='grc' dir='ltr'>ιε</span> <span class='ocrx_word' id='word_1_120' title='bbox 405 1653 500 1694; x_wconf 79' lang='grc' dir='ltr'>ιεε.</span> <span class='ocrx_word' id='word_1_121' title='bbox 547 1632 801 1712; x_wconf 79' lang='grc' dir='ltr'>(φαιδροῖς</span> <span class='ocrx_word' id='word_1_122' title='bbox 830 1625 959 1686; x_wconf 76' lang='grc' dir='ltr'>ὠσὶν</span> <span class='ocrx_word' id='word_1_123' title='bbox 985 1644 1000 1685; x_wconf 87' lang='lat'><strong>:</strong></span> <span class='ocrx_word' id='word_1_124' title='bbox 1031 1620 1265 1705; x_wconf 73' lang='grc' dir='ltr'>Πραίσι,</span> <span class='ocrx_word' id='word_1_125' title='bbox 1296 1617 1371 1699; x_wconf 80' lang='grc' dir='ltr'>μὴ</span> <span class='ocrx_word' id='word_1_126' title='bbox 1404 1619 1587 1701; x_wconf 83' lang='grc' dir='ltr'>ὀρθοῖς.</span> <span class='ocrx_word' id='word_1_127' title='bbox 1612 1619 1766 1674; x_wconf 74' lang='grc' dir='ltr'>τοῦτο</span> <span class='ocrx_word' id='word_1_128' title='bbox 1791 1609 1889 1691; x_wconf 72' lang='grc' dir='ltr'>γὰρ</span> 
     </span>
     <span class='ocr_line' id='line_1_18' title="bbox 322 1701 1888 1801; baseline -0.016 -19"><span class='ocrx_word' id='word_1_129' title='bbox 322 1722 619 1801; x_wconf 83' lang='grc' dir='ltr'>πάσχουσιν</span> <span class='ocrx_word' id='word_1_130' title='bbox 643 1720 692 1777; x_wconf 77' lang='grc' dir='ltr'>οἱ</span> <span class='ocrx_word' id='word_1_131' title='bbox 717 1713 899 1788; x_wconf 80' lang='grc' dir='ltr'>ἵπποι,</span> <span class='ocrx_word' id='word_1_132' title='bbox 922 1710 1102 1794; x_wconf 79' lang='grc' dir='ltr'>ὥσπερ</span> <span class='ocrx_word' id='word_1_133' title='bbox 1130 1703 1534 1791; x_wconf 71' lang='grc' dir='ltr'>παροξυνόμενοι</span> <span class='ocrx_word' id='word_1_134' title='bbox 1559 1705 1630 1768; x_wconf 81' lang='grc' dir='ltr'>εἰς</span> <span class='ocrx_word' id='word_1_135' title='bbox 1663 1701 1888 1780; x_wconf 81' lang='grc' dir='ltr'>ἄκρατον</span> 
     </span>
     <span class='ocr_line' id='line_1_19' title="bbox 325 1811 534 1869; baseline -0.014 0"><span class='ocrx_word' id='word_1_136' title='bbox 325 1811 355 1869; x_wconf 90' lang='grc' dir='ltr'>δ</span> <span class='ocrx_word' id='word_1_137' title='bbox 487 1831 534 1866; x_wconf 94' lang='grc' dir='ltr'>ν.</span> 
     </span>
    </p>

    <p class='ocr_par' dir='ltr' id='par_1_10' title="bbox 357 1808 1062 1975">
     <span class='ocr_line' id='line_1_20' title="bbox 357 1808 1062 1975; baseline -0.02 -19"><span class='ocrx_word' id='word_1_138' title='bbox 357 1808 501 1955; x_wconf 43' lang='lat' dir='ltr'>pitz.</span> <span class='ocrx_word' id='word_1_139' title='bbox 537 1808 739 1975; x_wconf 77' lang='grc' dir='ltr'>)ρύμας,</span> <span class='ocrx_word' id='word_1_140' title='bbox 765 1886 972 1955; x_wconf 86' lang='grc' dir='ltr'>τόπους.</span> <span class='ocrx_word' id='word_1_141' title='bbox 1002 1896 1062 1944; x_wconf 82' lang='lat' dir='ltr'>R.</span> 
     </span>
    </p>

    <p class='ocr_par' dir='ltr' id='par_1_11' title="bbox 408 1969 1893 2060">
     <span class='ocr_line' id='line_1_21' title="bbox 408 1969 1893 2060; baseline -0.017 -7"><span class='ocrx_word' id='word_1_142' title='bbox 408 2012 501 2052; x_wconf 75' lang='lat'>162.</span> <span class='ocrx_word' id='word_1_143' title='bbox 544 1988 746 2060; x_wconf 82' lang='grc' dir='ltr'>κάκκης</span> <span class='ocrx_word' id='word_1_144' title='bbox 770 2005 785 2046; x_wconf 90' lang='lat'>:</span> <span class='ocrx_word' id='word_1_145' title='bbox 806 1983 944 2045; x_wconf 75' lang='grc' dir='ltr'>Ἀντὶ</span> <span class='ocrx_word' id='word_1_146' title='bbox 965 1986 1056 2041; x_wconf 74' lang='grc' dir='ltr'>τοῦ</span> <span class='ocrx_word' id='word_1_147' title='bbox 1080 1978 1284 2046; x_wconf 86' lang='grc' dir='ltr'>κακίας.</span> <span class='ocrx_word' id='word_1_148' title='bbox 1305 1976 1416 2058; x_wconf 83' lang='grc' dir='ltr'>ἔχει</span> <span class='ocrx_word' id='word_1_149' title='bbox 1432 1972 1596 2034; x_wconf 71' lang='grc' dir='ltr'>καὶτὸ</span> <span class='ocrx_word' id='word_1_150' title='bbox 1613 1969 1893 2052; x_wconf 84' lang='grc' dir='ltr'>κακέμφα-</span> 
     </span>
    </p>

    <p class='ocr_par' dir='ltr' id='par_1_12' title="bbox 246 2056 1892 2242">
     <span class='ocr_line' id='line_1_22' title="bbox 246 2056 1892 2160; baseline -0.014 -22"><span class='ocrx_word' id='word_1_151' title='bbox 246 2098 300 2137; x_wconf 76' lang='lat'>20</span> <span class='ocrx_word' id='word_1_152' title='bbox 327 2105 434 2142; x_wconf 91' lang='grc' dir='ltr'>τον.</span> <span class='ocrx_word' id='word_1_153' title='bbox 450 2073 849 2160; x_wconf 80' lang='grc' dir='ltr'>παρατηρητέον</span> <span class='ocrx_word' id='word_1_154' title='bbox 865 2069 920 2130; x_wconf 77' lang='grc' dir='ltr'>δὲ</span> <span class='ocrx_word' id='word_1_155' title='bbox 939 2068 1020 2129; x_wconf 79' lang='grc' dir='ltr'>ὅτι</span> <span class='ocrx_word' id='word_1_156' title='bbox 1040 2067 1132 2127; x_wconf 80' lang='grc' dir='ltr'>καὶ</span> <span class='ocrx_word' id='word_1_157' title='bbox 1152 2071 1201 2126; x_wconf 77' lang='grc' dir='ltr'>οἱ</span> <span class='ocrx_word' id='word_1_158' title='bbox 1224 2069 1438 2147; x_wconf 87' lang='grc' dir='ltr'>ἀρχαῖοι</span> <span class='ocrx_word' id='word_1_159' title='bbox 1451 2062 1547 2133; x_wconf 75' lang='grc' dir='ltr'>τὴν</span> <span class='ocrx_word' id='word_1_160' title='bbox 1568 2056 1892 2140; x_wconf 82' lang='grc' dir='ltr'>ἀκαθαρσίαν</span> 
     </span>
     <span class='ocr_line' id='line_1_23' title="bbox 327 2145 1889 2242; baseline -0.017 -13"><span class='ocrx_word' id='word_1_161' title='bbox 327 2167 529 2240; x_wconf 86' lang='grc' dir='ltr'>κάκκην</span> <span class='ocrx_word' id='word_1_162' title='bbox 558 2164 754 2242; x_wconf 81' lang='grc' dir='ltr'>ἔλεγον,</span> <span class='ocrx_word' id='word_1_163' title='bbox 779 2158 870 2220; x_wconf 79' lang='grc' dir='ltr'>καὶ</span> <span class='ocrx_word' id='word_1_164' title='bbox 897 2157 1128 2236; x_wconf 88' lang='grc' dir='ltr'>μάλιστα</span> <span class='ocrx_word' id='word_1_165' title='bbox 1162 2153 1223 2213; x_wconf 82' lang='grc' dir='ltr'>τὸ</span> <span class='ocrx_word' id='word_1_166' title='bbox 1250 2152 1509 2230; x_wconf 79' lang='grc' dir='ltr'>δύσοσμον</span> <span class='ocrx_word' id='word_1_167' title='bbox 1543 2145 1889 2222; x_wconf 84' lang='grc' dir='ltr'>ἀποπάτημα.</span> 
     </span>
    </p>

    <p class='ocr_par' dir='ltr' id='par_1_13' title="bbox 410 2239 1772 2320">
     <span class='ocr_line' id='line_1_24' title="bbox 410 2239 1772 2320; baseline -0.018 -4"><span class='ocrx_word' id='word_1_168' title='bbox 410 2274 505 2316; x_wconf 74' lang='lat'>16³.</span> <span class='ocrx_word' id='word_1_169' title='bbox 549 2250 665 2311; x_wconf 77' lang='grc' dir='ltr'>ἀντὶ</span> <span class='ocrx_word' id='word_1_170' title='bbox 686 2254 777 2309; x_wconf 77' lang='grc' dir='ltr'>τοῦ</span> <span class='ocrx_word' id='word_1_171' title='bbox 804 2248 1003 2318; x_wconf 80' lang='grc' dir='ltr'>θνητῶν</span> <span class='ocrx_word' id='word_1_172' title='bbox 1023 2242 1113 2302; x_wconf 79' lang='grc' dir='ltr'>καὶ</span> <span class='ocrx_word' id='word_1_173' title='bbox 1133 2240 1373 2320; x_wconf 79' lang='grc' dir='ltr'>ἐπιγείων</span> <span class='ocrx_word' id='word_1_174' title='bbox 1396 2239 1625 2298; x_wconf 89' lang='grc' dir='ltr'>πάντων.</span> <span class='ocrx_word' id='word_1_175' title='bbox 1651 2244 1772 2292; x_wconf 69' lang='grc' dir='ltr'>ΒΝ.</span> 
     </span>
    </p>

    <p class='ocr_par' dir='ltr' id='par_1_14' title="bbox 331 2325 1893 2519">
     <span class='ocr_line' id='line_1_25' title="bbox 410 2325 1888 2430; baseline -0.016 -18"><span class='ocrx_word' id='word_1_176' title='bbox 410 2373 503 2412; x_wconf 71' lang='lat'>165.</span> <span class='ocrx_word' id='word_1_177' title='bbox 544 2346 693 2430; x_wconf 82' lang='grc' dir='ltr'>παρὰ</span> <span class='ocrx_word' id='word_1_178' title='bbox 731 2346 846 2412; x_wconf 88' lang='grc' dir='ltr'>ταῖς</span> <span class='ocrx_word' id='word_1_179' title='bbox 879 2341 1136 2423; x_wconf 80' lang='grc' dir='ltr'>πόρναις;</span> <span class='ocrx_word' id='word_1_180' title='bbox 1176 2341 1428 2420; x_wconf 88' lang='grc' dir='ltr'>Πορνεῖον</span> <span class='ocrx_word' id='word_1_181' title='bbox 1463 2333 1565 2413; x_wconf 84' lang='grc' dir='ltr'>γὰρ</span> <span class='ocrx_word' id='word_1_182' title='bbox 1597 2325 1660 2404; x_wconf 74' lang='grc' dir='ltr'>ἦν</span> <span class='ocrx_word' id='word_1_183' title='bbox 1703 2334 1888 2388; x_wconf 80' lang='grc' dir='ltr'>ἐκεῖσε.</span> 
     </span>
     <span class='ocr_line' id='line_1_26' title="bbox 331 2419 1893 2519; baseline -0.016 -21"><span class='ocrx_word' id='word_1_184' title='bbox 331 2437 578 2519; x_wconf 79' lang='grc' dir='ltr'>ἐμπόριον</span> <span class='ocrx_word' id='word_1_185' title='bbox 604 2434 706 2516; x_wconf 90' lang='grc' dir='ltr'>γάρ</span> <span class='ocrx_word' id='word_1_186' title='bbox 730 2437 886 2502; x_wconf 80' lang='grc' dir='ltr'>ἐστιν,</span> <span class='ocrx_word' id='word_1_187' title='bbox 910 2429 1002 2488; x_wconf 76' lang='grc' dir='ltr'>καὶ</span> <span class='ocrx_word' id='word_1_188' title='bbox 1026 2426 1111 2487; x_wconf 77' lang='grc' dir='ltr'>διὰ</span> <span class='ocrx_word' id='word_1_189' title='bbox 1140 2426 1201 2485; x_wconf 80' lang='grc' dir='ltr'>τὸ</span> <span class='ocrx_word' id='word_1_190' title='bbox 1232 2421 1526 2505; x_wconf 81' lang='grc' dir='ltr'>κατωφερὲς</span> <span class='ocrx_word' id='word_1_191' title='bbox 1564 2423 1668 2478; x_wconf 89' lang='grc' dir='ltr'>τῶν</span> <span class='ocrx_word' id='word_1_192' title='bbox 1690 2419 1893 2476; x_wconf 86' lang='grc' dir='ltr'>ναυτῶν</span> 
     </span>
    </p>

    <p class='ocr_par' dir='ltr' id='par_1_15' title="bbox 250 2516 1045 2604">
     <span class='ocr_line' id='line_1_27' title="bbox 250 2516 1045 2604; baseline -0.023 -16"><span class='ocrx_word' id='word_1_193' title='bbox 250 2539 303 2577; x_wconf 73' lang='lat'>25</span> <span class='ocrx_word' id='word_1_194' title='bbox 332 2529 499 2585; x_wconf 79' lang='grc' dir='ltr'>ἐκεῖσε</span> <span class='ocrx_word' id='word_1_195' title='bbox 523 2523 733 2604; x_wconf 81' lang='grc' dir='ltr'>ἔτρεχον</span> <span class='ocrx_word' id='word_1_196' title='bbox 762 2523 817 2578; x_wconf 77' lang='grc' dir='ltr'>αἱ</span> <span class='ocrx_word' id='word_1_197' title='bbox 839 2516 1045 2597; x_wconf 83' lang='grc' dir='ltr'>πόρναι.</span> 
     </span>
    </p>

    <p class='ocr_par' dir='ltr' id='par_1_16' title="bbox 329 2599 1896 2957">
     <span class='ocr_line' id='line_1_28' title="bbox 414 2599 1895 2697; baseline -0.018 -15"><span class='ocrx_word' id='word_1_198' title='bbox 414 2642 504 2682; x_wconf 77' lang='lat'>166.</span> <span class='ocrx_word' id='word_1_199' title='bbox 548 2622 605 2679; x_wconf 81' lang='grc' dir='ltr'>οὗ</span> <span class='ocrx_word' id='word_1_200' title='bbox 629 2613 926 2697; x_wconf 82' lang='grc' dir='ltr'>κατορύξεις</span> <span class='ocrx_word' id='word_1_201' title='bbox 948 2631 961 2671; x_wconf 88' lang='lat'><strong>:</strong></span> <span class='ocrx_word' id='word_1_202' title='bbox 989 2608 1124 2670; x_wconf 75' lang='grc' dir='ltr'>Ἀντὶ</span> <span class='ocrx_word' id='word_1_203' title='bbox 1146 2612 1237 2667; x_wconf 79' lang='grc' dir='ltr'>τοῦ</span> <span class='ocrx_word' id='word_1_204' title='bbox 1259 2608 1318 2664; x_wconf 81' lang='grc' dir='ltr'>οὗ</span> <span class='ocrx_word' id='word_1_205' title='bbox 1339 2602 1627 2684; x_wconf 80' lang='grc' dir='ltr'>συγχώσεις</span> <span class='ocrx_word' id='word_1_206' title='bbox 1648 2599 1738 2660; x_wconf 75' lang='grc' dir='ltr'>καὶ</span> <span class='ocrx_word' id='word_1_207' title='bbox 1761 2602 1895 2658; x_wconf 88' lang='grc' dir='ltr'>ἀπο-</span> 
     </span>
     <span class='ocr_line' id='line_1_29' title="bbox 329 2687 1896 2791; baseline -0.015 -22"><span class='ocrx_word' id='word_1_208' title='bbox 329 2709 541 2791; x_wconf 79' lang='grc' dir='ltr'>κρύψεις</span> <span class='ocrx_word' id='word_1_209' title='bbox 559 2704 675 2777; x_wconf 79' lang='grc' dir='ltr'>(τὴν</span> <span class='ocrx_word' id='word_1_210' title='bbox 695 2707 884 2763; x_wconf 77' lang='grc' dir='ltr'>σαυτοῦ</span> <span class='ocrx_word' id='word_1_211' title='bbox 901 2697 1138 2780; x_wconf 87' lang='grc' dir='ltr'>κόπρον).</span> <span class='ocrx_word' id='word_1_212' title='bbox 1154 2730 1234 2740; x_wconf 95' lang='grc'>-</span> <span class='ocrx_word' id='word_1_213' title='bbox 1252 2693 1582 2775; x_wconf 82' lang='grc' dir='ltr'>ἐπιφορήσεις</span> <span class='ocrx_word' id='word_1_214' title='bbox 1598 2688 1670 2762; x_wconf 79' lang='grc' dir='ltr'>δὲ,</span> <span class='ocrx_word' id='word_1_215' title='bbox 1694 2687 1896 2757; x_wconf 78' lang='grc' dir='ltr'>ἐπάξεις</span> 
     </span>
     <span class='ocr_line' id='line_1_30' title="bbox 330 2776 1896 2860; baseline -0.015 -3"><span class='ocrx_word' id='word_1_216' title='bbox 330 2797 421 2857; x_wconf 76' lang='grc' dir='ltr'>καὶ</span> <span class='ocrx_word' id='word_1_217' title='bbox 449 2794 734 2860; x_wconf 75' lang='grc' dir='ltr'>ἐπιὸαλεῖς.</span> <span class='ocrx_word' id='word_1_218' title='bbox 771 2788 942 2849; x_wconf 89' lang='grc' dir='ltr'>λείπει</span> <span class='ocrx_word' id='word_1_219' title='bbox 979 2784 1140 2845; x_wconf 86' lang='grc' dir='ltr'>κόνιν.</span> <span class='ocrx_word' id='word_1_220' title='bbox 1185 2793 1243 2841; x_wconf 78' lang='lat' dir='ltr'>R.</span> <span class='ocrx_word' id='word_1_221' title='bbox 1277 2782 1518 2846; x_wconf 82' lang='grc' dir='ltr'>Ἀττικῶς</span> <span class='ocrx_word' id='word_1_222' title='bbox 1557 2781 1609 2838; x_wconf 79' lang='grc' dir='ltr'>ἐν</span> <span class='ocrx_word' id='word_1_223' title='bbox 1656 2776 1896 2858; x_wconf 78' lang='grc' dir='ltr'>σχήματι</span> 
     </span>
     <span class='ocr_line' id='line_1_31' title="bbox 330 2867 1013 2957; baseline -0.02 -11"><span class='ocrx_word' id='word_1_224' title='bbox 330 2867 490 2946; x_wconf 64' lang='grc' dir='ltr'>εἶπεν.</span> <span class='ocrx_word' id='word_1_225' title='bbox 517 2884 553 2957; x_wconf 83' lang='grc' dir='ltr'>ἢ</span> <span class='ocrx_word' id='word_1_226' title='bbox 575 2882 744 2942; x_wconf 86' lang='grc' dir='ltr'>λείπει</span> <span class='ocrx_word' id='word_1_227' title='bbox 771 2877 928 2938; x_wconf 88' lang='grc' dir='ltr'>κόνιν.</span> <span class='ocrx_word' id='word_1_228' title='bbox 951 2887 1013 2933; x_wconf 79' lang='lat' dir='ltr'>V.</span> 
     </span>
    </p>

    <p class='ocr_par' dir='ltr' id='par_1_17' title="bbox 253 2962 1900 3414">
     <span class='ocr_line' id='line_1_32' title="bbox 253 2962 1896 3062; baseline -0.012 -21"><span class='ocrx_word' id='word_1_229' title='bbox 253 3000 307 3041; x_wconf 76' lang='grc'>30</span> <span class='ocrx_word' id='word_1_230' title='bbox 417 3005 509 3044; x_wconf 70' lang='grc'>168.</span> <span class='ocrx_word' id='word_1_231' title='bbox 552 2979 804 3062; x_wconf 76' lang='grc' dir='ltr'>ἕρπυλλον</span> <span class='ocrx_word' id='word_1_232' title='bbox 841 2995 854 3034; x_wconf 85' lang='lat'><strong>:</strong></span> <span class='ocrx_word' id='word_1_233' title='bbox 883 2963 1035 3039; x_wconf 73' lang='grc' dir='ltr'>Εἶδος</span> <span class='ocrx_word' id='word_1_234' title='bbox 1060 2969 1241 3036; x_wconf 81' lang='grc' dir='ltr'>ἄνθους</span> <span class='ocrx_word' id='word_1_235' title='bbox 1268 2966 1537 3050; x_wconf 79' lang='grc' dir='ltr'>σαμψύχῳ</span> <span class='ocrx_word' id='word_1_236' title='bbox 1563 2964 1761 3044; x_wconf 82' lang='grc' dir='ltr'>ὅμοιον.</span> <span class='ocrx_word' id='word_1_237' title='bbox 1797 2962 1896 3041; x_wconf 81' lang='grc' dir='ltr'>μά·</span> 
     </span>
     <span class='ocr_line' id='line_1_33' title="bbox 333 3050 1898 3146; baseline -0.015 -14"><span class='ocrx_word' id='word_1_238' title='bbox 333 3074 489 3131; x_wconf 89' lang='grc' dir='ltr'>λιστα</span> <span class='ocrx_word' id='word_1_239' title='bbox 526 3067 582 3128; x_wconf 75' lang='grc' dir='ltr'>δὲ</span> <span class='ocrx_word' id='word_1_240' title='bbox 614 3062 762 3146; x_wconf 81' lang='grc' dir='ltr'>παρὰ</span> <span class='ocrx_word' id='word_1_241' title='bbox 800 3065 906 3128; x_wconf 85' lang='grc' dir='ltr'>τοῖς</span> <span class='ocrx_word' id='word_1_242' title='bbox 937 3058 1089 3118; x_wconf 77' lang='grc' dir='ltr'>ὕδασι</span> <span class='ocrx_word' id='word_1_243' title='bbox 1143 3056 1342 3117; x_wconf 86' lang='grc' dir='ltr'>θάλλει.</span> <span class='ocrx_word' id='word_1_244' title='bbox 1379 3090 1460 3101; x_wconf 95' lang='grc'>-</span> <span class='ocrx_word' id='word_1_245' title='bbox 1510 3052 1773 3132; x_wconf 82' lang='grc' dir='ltr'>μέμνηται</span> <span class='ocrx_word' id='word_1_246' title='bbox 1808 3050 1898 3111; x_wconf 78' lang='grc' dir='ltr'>καὶ</span> 
     </span>
     <span class='ocr_line' id='line_1_34' title="bbox 335 3136 1899 3241; baseline -0.012 -26"><span class='ocrx_word' id='word_1_247' title='bbox 335 3158 688 3241; x_wconf 80' lang='grc' dir='ltr'>Θεόφραστος.</span> <span class='ocrx_word' id='word_1_248' title='bbox 713 3160 836 3211; x_wconf 70' lang='grc' dir='ltr'>ΒΝ.</span> <span class='ocrx_word' id='word_1_249' title='bbox 947 3145 1164 3211; x_wconf 81' lang='grc' dir='ltr'>Ἄλλως.</span> <span class='ocrx_word' id='word_1_250' title='bbox 1204 3142 1396 3224; x_wconf 86' lang='grc' dir='ltr'>βοτάνη</span> <span class='ocrx_word' id='word_1_251' title='bbox 1421 3140 1665 3218; x_wconf 81' lang='grc' dir='ltr'>εὔοσμος,</span> <span class='ocrx_word' id='word_1_252' title='bbox 1687 3139 1752 3211; x_wconf 82' lang='grc' dir='ltr'>ἣν</span> <span class='ocrx_word' id='word_1_253' title='bbox 1781 3136 1899 3198; x_wconf 76' lang='grc' dir='ltr'>εἰώ-</span> 
     </span>
     <span class='ocr_line' id='line_1_35' title="bbox 337 3218 1900 3325; baseline -0.014 -18"><span class='ocrx_word' id='word_1_254' title='bbox 337 3253 460 3308; x_wconf 89' lang='grc' dir='ltr'>θασι</span> <span class='ocrx_word' id='word_1_255' title='bbox 489 3241 637 3325; x_wconf 75' lang='grc' dir='ltr'>παρὰ</span> <span class='ocrx_word' id='word_1_256' title='bbox 668 3238 785 3306; x_wconf 72' lang='grc' dir='ltr'>τοὺς</span> <span class='ocrx_word' id='word_1_257' title='bbox 823 3235 1016 3318; x_wconf 82' lang='grc' dir='ltr'>τάφους</span> <span class='ocrx_word' id='word_1_258' title='bbox 1057 3229 1309 3315; x_wconf 88' lang='grc' dir='ltr'>φυτεύειν.</span> <span class='ocrx_word' id='word_1_259' title='bbox 1416 3229 1636 3297; x_wconf 80' lang='grc' dir='ltr'>Ἄλλως.</span> <span class='ocrx_word' id='word_1_260' title='bbox 1680 3218 1811 3295; x_wconf 75' lang='grc' dir='ltr'>εἶδός</span> <span class='ocrx_word' id='word_1_261' title='bbox 1849 3250 1900 3286; x_wconf 88' lang='grc' dir='ltr'>τι</span> 
     </span>
     <span class='ocr_line' id='line_1_36' title="bbox 336 3317 1899 3414; baseline -0.013 -20"><span class='ocrx_word' id='word_1_262' title='bbox 336 3331 642 3414; x_wconf 82' lang='grc' dir='ltr'>πολύρριζον</span> <span class='ocrx_word' id='word_1_263' title='bbox 661 3324 931 3410; x_wconf 88' lang='grc' dir='ltr'>φυταρίου.</span> <span class='ocrx_word' id='word_1_264' title='bbox 953 3321 1105 3382; x_wconf 76' lang='grc' dir='ltr'>τοῦτό</span> <span class='ocrx_word' id='word_1_265' title='bbox 1119 3343 1248 3402; x_wconf 89' lang='grc' dir='ltr'>φασι</span> <span class='ocrx_word' id='word_1_266' title='bbox 1269 3319 1360 3379; x_wconf 75' lang='grc' dir='ltr'>καὶ</span> <span class='ocrx_word' id='word_1_267' title='bbox 1378 3318 1623 3397; x_wconf 86' lang='grc' dir='ltr'>λέγεσθαι</span> <span class='ocrx_word' id='word_1_268' title='bbox 1646 3317 1899 3395; x_wconf 74' lang='grc' dir='ltr'>ἕρπυλλον</span> 
     </span>
    </p>

    <p class='ocr_par' dir='ltr' id='par_1_18' title="bbox 257 3405 1906 3757">
     <span class='ocr_line' id='line_1_37' title="bbox 257 3405 1901 3503; baseline -0.013 -20"><span class='ocrx_word' id='word_1_269' title='bbox 257 3440 311 3481; x_wconf 68' lang='grc'>35</span> <span class='ocrx_word' id='word_1_270' title='bbox 337 3419 486 3503; x_wconf 74' lang='grc' dir='ltr'>παρὰ</span> <span class='ocrx_word' id='word_1_271' title='bbox 506 3418 567 3478; x_wconf 81' lang='grc' dir='ltr'>τὸ</span> <span class='ocrx_word' id='word_1_272' title='bbox 595 3415 767 3498; x_wconf 81' lang='grc' dir='ltr'>ἕρπειν</span> <span class='ocrx_word' id='word_1_273' title='bbox 794 3416 909 3479; x_wconf 85' lang='grc' dir='ltr'>ταῖς</span> <span class='ocrx_word' id='word_1_274' title='bbox 938 3409 1114 3491; x_wconf 77' lang='grc' dir='ltr'>ῥίζαις.</span> <span class='ocrx_word' id='word_1_275' title='bbox 1138 3413 1288 3467; x_wconf 79' lang='grc' dir='ltr'>τοῦτο</span> <span class='ocrx_word' id='word_1_276' title='bbox 1321 3407 1376 3466; x_wconf 84' lang='grc' dir='ltr'>δὲ</span> <span class='ocrx_word' id='word_1_277' title='bbox 1408 3405 1754 3484; x_wconf 78' lang='grc' dir='ltr'>συμὸουλεύει</span> <span class='ocrx_word' id='word_1_278' title='bbox 1782 3406 1901 3462; x_wconf 89' lang='grc' dir='ltr'>ἐπι-</span> 
     </span>
     <span class='ocr_line' id='line_1_38' title="bbox 339 3493 1903 3592; baseline -0.013 -23"><span class='ocrx_word' id='word_1_279' title='bbox 339 3514 593 3592; x_wconf 74' lang='grc' dir='ltr'>φυτεῦσαι</span> <span class='ocrx_word' id='word_1_280' title='bbox 614 3508 689 3585; x_wconf 80' lang='grc' dir='ltr'>τῷ</span> <span class='ocrx_word' id='word_1_281' title='bbox 710 3499 1089 3576; x_wconf 84' lang='grc' dir='ltr'>ἀποπατήματι</span> <span class='ocrx_word' id='word_1_282' title='bbox 1116 3500 1186 3563; x_wconf 84' lang='grc' dir='ltr'>ὡς</span> <span class='ocrx_word' id='word_1_283' title='bbox 1208 3494 1489 3573; x_wconf 84' lang='grc' dir='ltr'>δυνάμενον</span> <span class='ocrx_word' id='word_1_284' title='bbox 1513 3493 1599 3553; x_wconf 75' lang='grc' dir='ltr'>διὰ</span> <span class='ocrx_word' id='word_1_285' title='bbox 1622 3496 1726 3551; x_wconf 87' lang='grc' dir='ltr'>τῶν</span> <span class='ocrx_word' id='word_1_286' title='bbox 1752 3494 1903 3572; x_wconf 77' lang='grc' dir='ltr'>ῥιζῶν</span> 
     </span>
     <span class='ocr_line' id='line_1_39' title="bbox 342 3577 1906 3676; baseline -0.012 -21"><span class='ocrx_word' id='word_1_287' title='bbox 342 3592 697 3676; x_wconf 80' lang='grc' dir='ltr'>περικαλύψαι</span> <span class='ocrx_word' id='word_1_288' title='bbox 725 3587 852 3647; x_wconf 78' lang='grc' dir='ltr'>αὐτὸ</span> <span class='ocrx_word' id='word_1_289' title='bbox 876 3585 968 3647; x_wconf 77' lang='grc' dir='ltr'>καὶ</span> <span class='ocrx_word' id='word_1_290' title='bbox 999 3583 1251 3665; x_wconf 72' lang='grc' dir='ltr'>ἀφανίσαι</span> <span class='ocrx_word' id='word_1_291' title='bbox 1273 3582 1368 3655; x_wconf 83' lang='grc' dir='ltr'>τὴν</span> <span class='ocrx_word' id='word_1_292' title='bbox 1399 3580 1655 3641; x_wconf 88' lang='grc' dir='ltr'>δυσωδίαν</span> <span class='ocrx_word' id='word_1_293' title='bbox 1683 3577 1786 3638; x_wconf 80' lang='grc' dir='ltr'>ὖπὸ</span> <span class='ocrx_word' id='word_1_294' title='bbox 1811 3582 1906 3650; x_wconf 88' lang='grc' dir='ltr'>τῆς</span> 
     </span>
     <span class='ocr_line' id='line_1_40' title="bbox 341 3670 1268 3757; baseline -0.018 -13"><span class='ocrx_word' id='word_1_295' title='bbox 341 3681 575 3748; x_wconf 79' lang='grc' dir='ltr'>εὐωδίας.</span> <span class='ocrx_word' id='word_1_296' title='bbox 601 3677 713 3738; x_wconf 72' lang='grc' dir='ltr'>ἐστὶ</span> <span class='ocrx_word' id='word_1_297' title='bbox 740 3675 840 3757; x_wconf 80' lang='grc' dir='ltr'>γὰρ</span> <span class='ocrx_word' id='word_1_298' title='bbox 865 3672 956 3733; x_wconf 73' lang='grc' dir='ltr'>καὶ</span> <span class='ocrx_word' id='word_1_299' title='bbox 980 3670 1182 3739; x_wconf 83' lang='grc' dir='ltr'>εὖωδές.</span> <span class='ocrx_word' id='word_1_300' title='bbox 1208 3682 1268 3727; x_wconf 85' lang='lat' dir='ltr'>V.</span> 
     </span>
    </p>

    <p class='ocr_par' dir='ltr' id='par_1_19' title="bbox 423 3762 1909 3853">
     <span class='ocr_line' id='line_1_41' title="bbox 423 3762 1909 3853; baseline -0.011 -15"><span class='ocrx_word' id='word_1_301' title='bbox 423 3797 518 3837; x_wconf 74' lang='grc'>100.</span> <span class='ocrx_word' id='word_1_302' title='bbox 561 3774 653 3833; x_wconf 77' lang='grc' dir='ltr'>καὶ</span> <span class='ocrx_word' id='word_1_303' title='bbox 693 3770 854 3853; x_wconf 89' lang='grc' dir='ltr'>μύρον</span> <span class='ocrx_word' id='word_1_304' title='bbox 884 3772 1083 3849; x_wconf 82' lang='grc' dir='ltr'>ἐπιχεῖς</span> <span class='ocrx_word' id='word_1_305' title='bbox 1109 3787 1123 3827; x_wconf 74' lang='lat'>2</span> <span class='ocrx_word' id='word_1_306' title='bbox 1161 3764 1272 3828; x_wconf 80' lang='grc' dir='ltr'>Καὶ</span> <span class='ocrx_word' id='word_1_307' title='bbox 1304 3763 1604 3830; x_wconf 77' lang='grc' dir='ltr'>ἐπιὸάλλεις</span> <span class='ocrx_word' id='word_1_308' title='bbox 1645 3762 1809 3844; x_wconf 89' lang='grc' dir='ltr'>μύρον</span> <span class='ocrx_word' id='word_1_309' title='bbox 1837 3768 1909 3832; x_wconf 81' lang='grc' dir='ltr'>εἰς</span> 
     </span>
    </p>

    <p class='ocr_par' dir='ltr' id='par_1_20' title="bbox 262 3850 1909 4121">
     <span class='ocr_line' id='line_1_42' title="bbox 262 3850 1908 3937; baseline -0.01 -11"><span class='ocrx_word' id='word_1_310' title='bbox 262 3888 318 3929; x_wconf 69' lang='grc'>40</span> <span class='ocrx_word' id='word_1_311' title='bbox 345 3863 579 3937; x_wconf 82' lang='grc' dir='ltr'>αὔξησιν.</span> <span class='ocrx_word' id='word_1_312' title='bbox 606 3859 691 3921; x_wconf 77' lang='grc' dir='ltr'>διὰ</span> <span class='ocrx_word' id='word_1_313' title='bbox 717 3859 777 3918; x_wconf 87' lang='grc' dir='ltr'>τὸ</span> <span class='ocrx_word' id='word_1_314' title='bbox 798 3857 984 3923; x_wconf 82' lang='grc' dir='ltr'>τελέως</span> <span class='ocrx_word' id='word_1_315' title='bbox 1006 3857 1353 3936; x_wconf 86' lang='grc' dir='ltr'>ἀφανισθῆναι</span> <span class='ocrx_word' id='word_1_316' title='bbox 1373 3850 1468 3923; x_wconf 81' lang='grc' dir='ltr'>τὴν</span> <span class='ocrx_word' id='word_1_317' title='bbox 1493 3850 1683 3928; x_wconf 80' lang='grc' dir='ltr'>ὀσμήν.</span> <span class='ocrx_word' id='word_1_318' title='bbox 1708 3891 1779 3900; x_wconf 89' lang='grc'>-</span> <span class='ocrx_word' id='word_1_319' title='bbox 1800 3874 1908 3910; x_wconf 86' lang='grc' dir='ltr'>πα·-</span> 
     </span>
     <span class='ocr_line' id='line_1_43' title="bbox 346 3937 1909 4035; baseline -0.012 -21"><span class='ocrx_word' id='word_1_320' title='bbox 346 3952 556 4035; x_wconf 87' lang='grc' dir='ltr'>ρείληφε</span> <span class='ocrx_word' id='word_1_321' title='bbox 577 3955 756 4020; x_wconf 75' lang='grc' dir='ltr'>τοῦτο,</span> <span class='ocrx_word' id='word_1_322' title='bbox 786 3945 965 4027; x_wconf 87' lang='grc' dir='ltr'>διόπερ</span> <span class='ocrx_word' id='word_1_323' title='bbox 993 3943 1098 4002; x_wconf 71' lang='grc' dir='ltr'>οὐδ’</span> <span class='ocrx_word' id='word_1_324' title='bbox 1129 3937 1324 4009; x_wconf 82' lang='grc' dir='ltr'>ἀτελῶς</span> <span class='ocrx_word' id='word_1_325' title='bbox 1356 3938 1586 4021; x_wconf 79' lang='grc' dir='ltr'>ἠρκέσθη</span> <span class='ocrx_word' id='word_1_326' title='bbox 1614 3938 1787 4020; x_wconf 80' lang='grc' dir='ltr'>ὀλίγον</span> <span class='ocrx_word' id='word_1_327' title='bbox 1815 3944 1909 4012; x_wconf 86' lang='grc' dir='ltr'>τῆς</span> 
     </span>
     <span class='ocr_line' id='line_1_44' title="bbox 344 4031 1602 4121; baseline -0.012 -20"><span class='ocrx_word' id='word_1_328' title='bbox 344 4045 440 4121; x_wconf 84' lang='grc' dir='ltr'>γῆς</span> <span class='ocrx_word' id='word_1_329' title='bbox 462 4038 750 4108; x_wconf 76' lang='grc' dir='ltr'>ἐπιόαλεῖν,</span> <span class='ocrx_word' id='word_1_330' title='bbox 775 4035 893 4093; x_wconf 89' lang='grc' dir='ltr'>ἀλλ’</span> <span class='ocrx_word' id='word_1_331' title='bbox 917 4031 1178 4111; x_wconf 80' lang='grc' dir='ltr'>ἐπήγαγεν</span> <span class='ocrx_word' id='word_1_332' title='bbox 1208 4033 1268 4089; x_wconf 88' lang='grc' dir='ltr'>ἐκ</span> <span class='ocrx_word' id='word_1_333' title='bbox 1290 4031 1517 4088; x_wconf 85' lang='grc' dir='ltr'>πολλῶν.</span> <span class='ocrx_word' id='word_1_334' title='bbox 1540 4040 1602 4087; x_wconf 82' lang='lat' dir='ltr'>V.</span> 
     </span>
    </p>

    <p class='ocr_par' dir='ltr' id='par_1_21' title="bbox 344 4122 1909 4304">
     <span class='ocr_line' id='line_1_45' title="bbox 428 4122 1909 4206; baseline -0.009 -10"><span class='ocrx_word' id='word_1_335' title='bbox 428 4156 523 4197; x_wconf 85' lang='grc'>171.</span> <span class='ocrx_word' id='word_1_336' title='bbox 565 4139 602 4206; x_wconf 79' lang='grc' dir='ltr'><strong>ἢ</strong></span> <span class='ocrx_word' id='word_1_337' title='bbox 628 4131 777 4199; x_wconf 88' lang='grc' dir='ltr'>πόλις</span> <span class='ocrx_word' id='word_1_338' title='bbox 798 4134 833 4201; x_wconf 83' lang='grc' dir='ltr'>ἠ</span> <span class='ocrx_word' id='word_1_339' title='bbox 857 4127 1001 4191; x_wconf 84' lang='grc' dir='ltr'>Χίων</span> <span class='ocrx_word' id='word_1_340' title='bbox 1030 4149 1044 4188; x_wconf 91' lang='lat'><strong>:</strong></span> <span class='ocrx_word' id='word_1_341' title='bbox 1069 4124 1215 4204; x_wconf 78' lang='grc' dir='ltr'>Ἅμα</span> <span class='ocrx_word' id='word_1_342' title='bbox 1240 4123 1335 4203; x_wconf 80' lang='grc' dir='ltr'>μὲν</span> <span class='ocrx_word' id='word_1_343' title='bbox 1362 4128 1433 4192; x_wconf 84' lang='grc' dir='ltr'>ὡς</span> <span class='ocrx_word' id='word_1_344' title='bbox 1454 4123 1601 4185; x_wconf 87' lang='grc' dir='ltr'>Χίων</span> <span class='ocrx_word' id='word_1_345' title='bbox 1628 4122 1713 4183; x_wconf 74' lang='grc' dir='ltr'>διὰ</span> <span class='ocrx_word' id='word_1_346' title='bbox 1736 4125 1909 4202; x_wconf 86' lang='grc' dir='ltr'>μαλα-</span> 
     </span>
     <span class='ocr_line' id='line_1_46' title="bbox 344 4211 1909 4304; baseline -0.011 -19"><span class='ocrx_word' id='word_1_347' title='bbox 344 4224 466 4285; x_wconf 88' lang='grc' dir='ltr'>κίαν</span> <span class='ocrx_word' id='word_1_348' title='bbox 494 4219 778 4304; x_wconf 79' lang='grc' dir='ltr'>εὐρυτέρων</span> <span class='ocrx_word' id='word_1_349' title='bbox 805 4217 965 4278; x_wconf 83' lang='grc' dir='ltr'>ὄντων</span> <span class='ocrx_word' id='word_1_350' title='bbox 988 4214 1080 4275; x_wconf 75' lang='grc' dir='ltr'>καὶ</span> <span class='ocrx_word' id='word_1_351' title='bbox 1108 4214 1330 4290; x_wconf 77' lang='grc' dir='ltr'>ἑτοίμων</span> <span class='ocrx_word' id='word_1_352' title='bbox 1355 4211 1483 4292; x_wconf 82' lang='grc' dir='ltr'>πρὸς</span> <span class='ocrx_word' id='word_1_353' title='bbox 1511 4211 1568 4270; x_wconf 82' lang='grc' dir='ltr'>τὸ</span> <span class='ocrx_word' id='word_1_354' title='bbox 1596 4215 1909 4284; x_wconf 83' lang='grc' dir='ltr'>ἀποπατεῖν,</span> 
     </span>
    </p>

    <p class='ocr_par' dir='ltr' id='par_1_22' title="bbox 268 4299 1914 4727">
     <span class='ocr_line' id='line_1_47' title="bbox 268 4299 1905 4389; baseline -0.005 -23"><span class='ocrx_word' id='word_1_355' title='bbox 268 4326 319 4366; x_wconf 70' lang='grc'>46</span> <span class='ocrx_word' id='word_1_356' title='bbox 348 4311 462 4389; x_wconf 76' lang='grc' dir='ltr'>ἅμα</span> <span class='ocrx_word' id='word_1_357' title='bbox 488 4310 544 4370; x_wconf 77' lang='grc' dir='ltr'>δὲ</span> <span class='ocrx_word' id='word_1_358' title='bbox 570 4313 641 4377; x_wconf 83' lang='grc' dir='ltr'>ὡς</span> <span class='ocrx_word' id='word_1_359' title='bbox 675 4310 736 4366; x_wconf 75' lang='grc' dir='ltr'>ἐκ</span> <span class='ocrx_word' id='word_1_360' title='bbox 760 4305 937 4376; x_wconf 89' lang='grc' dir='ltr'>πάσης</span> <span class='ocrx_word' id='word_1_361' title='bbox 963 4302 1270 4385; x_wconf 86' lang='grc' dir='ltr'>προφάσεως</span> <span class='ocrx_word' id='word_1_362' title='bbox 1298 4303 1402 4359; x_wconf 87' lang='grc' dir='ltr'>τῶν</span> <span class='ocrx_word' id='word_1_363' title='bbox 1432 4299 1716 4372; x_wconf 85' lang='grc' dir='ltr'>Ἀθηναίων</span> <span class='ocrx_word' id='word_1_364' title='bbox 1753 4322 1905 4358; x_wconf 88' lang='grc' dir='ltr'>συκο-</span> 
     </span>
     <span class='ocr_line' id='line_1_48' title="bbox 347 4386 1909 4483; baseline -0.009 -24"><span class='ocrx_word' id='word_1_365' title='bbox 347 4397 675 4483; x_wconf 86' lang='grc' dir='ltr'>φαντούντων</span> <span class='ocrx_word' id='word_1_366' title='bbox 703 4395 795 4457; x_wconf 73' lang='grc' dir='ltr'>καὶ</span> <span class='ocrx_word' id='word_1_367' title='bbox 822 4391 1145 4471; x_wconf 81' lang='grc' dir='ltr'>ζημιούντων</span> <span class='ocrx_word' id='word_1_368' title='bbox 1172 4390 1266 4457; x_wconf 82' lang='grc' dir='ltr'>τὰς</span> <span class='ocrx_word' id='word_1_369' title='bbox 1295 4389 1497 4460; x_wconf 87' lang='grc' dir='ltr'>πόλεις,</span> <span class='ocrx_word' id='word_1_370' title='bbox 1530 4388 1622 4446; x_wconf 76' lang='grc' dir='ltr'>καὶ</span> <span class='ocrx_word' id='word_1_371' title='bbox 1652 4386 1909 4464; x_wconf 89' lang='grc' dir='ltr'>λεγόντων</span> 
     </span>
     <span class='ocr_line' id='line_1_49' title="bbox 346 4473 1910 4558; baseline -0.01 -11"><span class='ocrx_word' id='word_1_372' title='bbox 346 4488 428 4547; x_wconf 77' lang='grc' dir='ltr'>ὅτι</span> <span class='ocrx_word' id='word_1_373' title='bbox 447 4488 578 4554; x_wconf 81' lang='grc' dir='ltr'>Χῖος</span> <span class='ocrx_word' id='word_1_374' title='bbox 600 4475 663 4558; x_wconf 70' lang='grc' dir='ltr'>ἦν</span> <span class='ocrx_word' id='word_1_375' title='bbox 685 4487 713 4543; x_wconf 81' lang='grc' dir='ltr'>δ</span> <span class='ocrx_word' id='word_1_376' title='bbox 731 4483 1037 4552; x_wconf 88' lang='grc' dir='ltr'>ἀποπατῶν,</span> <span class='ocrx_word' id='word_1_377' title='bbox 1061 4477 1151 4538; x_wconf 72' lang='grc' dir='ltr'>καὶ</span> <span class='ocrx_word' id='word_1_378' title='bbox 1171 4475 1258 4535; x_wconf 76' lang='grc' dir='ltr'>διὰ</span> <span class='ocrx_word' id='word_1_379' title='bbox 1278 4481 1430 4535; x_wconf 77' lang='grc' dir='ltr'>τοῦτο</span> <span class='ocrx_word' id='word_1_380' title='bbox 1453 4478 1482 4533; x_wconf 81' lang='grc' dir='ltr'><strong>ὁ</strong></span> <span class='ocrx_word' id='word_1_381' title='bbox 1506 4473 1762 4556; x_wconf 89' lang='grc' dir='ltr'>κάνθαρος</span> <span class='ocrx_word' id='word_1_382' title='bbox 1783 4474 1910 4532; x_wconf 84' lang='grc' dir='ltr'>ἔπε-</span> 
     </span>
     <span class='ocr_line' id='line_1_50' title="bbox 348 4561 1913 4649; baseline -0.01 -13"><span class='ocrx_word' id='word_1_383' title='bbox 348 4598 436 4635; x_wconf 88' lang='grc' dir='ltr'>σεν</span> <span class='ocrx_word' id='word_1_384' title='bbox 473 4575 561 4634; x_wconf 75' lang='grc' dir='ltr'>ἐπὶ</span> <span class='ocrx_word' id='word_1_385' title='bbox 595 4572 690 4645; x_wconf 79' lang='grc' dir='ltr'>τὴν</span> <span class='ocrx_word' id='word_1_386' title='bbox 727 4569 914 4649; x_wconf 78' lang='grc' dir='ltr'>ὀσμήν.</span> <span class='ocrx_word' id='word_1_387' title='bbox 951 4567 986 4639; x_wconf 81' lang='grc' dir='ltr'>ἢ</span> <span class='ocrx_word' id='word_1_388' title='bbox 1026 4568 1224 4644; x_wconf 78' lang='grc' dir='ltr'>μᾶλλον</span> <span class='ocrx_word' id='word_1_389' title='bbox 1260 4562 1411 4631; x_wconf 79' lang='grc' dir='ltr'>αὐτὸς</span> <span class='ocrx_word' id='word_1_390' title='bbox 1450 4563 1698 4643; x_wconf 78' lang='grc' dir='ltr'>κωμῳδεῖ</span> <span class='ocrx_word' id='word_1_391' title='bbox 1732 4561 1816 4620; x_wconf 73' lang='grc' dir='ltr'>διὰ</span> <span class='ocrx_word' id='word_1_392' title='bbox 1852 4562 1913 4621; x_wconf 86' lang='grc' dir='ltr'>τὸ</span> 
     </span>
     <span class='ocr_line' id='line_1_51' title="bbox 349 4648 1914 4727; baseline -0.01 -5"><span class='ocrx_word' id='word_1_393' title='bbox 349 4667 583 4722; x_wconf 79' lang='grc' dir='ltr'>ὑπονοεῖν</span> <span class='ocrx_word' id='word_1_394' title='bbox 609 4659 793 4726; x_wconf 75' lang='grc' dir='ltr'>αὐτοὺς</span> <span class='ocrx_word' id='word_1_395' title='bbox 813 4653 1204 4727; x_wconf 81' lang='grc' dir='ltr'>ἀποστήσεσθαι</span> <span class='ocrx_word' id='word_1_396' title='bbox 1226 4655 1330 4711; x_wconf 87' lang='grc' dir='ltr'>τῶν</span> <span class='ocrx_word' id='word_1_397' title='bbox 1358 4649 1658 4723; x_wconf 85' lang='grc' dir='ltr'>Ἀθηναίων.</span> <span class='ocrx_word' id='word_1_398' title='bbox 1700 4688 1772 4698; x_wconf 92' lang='grc'>-</span> <span class='ocrx_word' id='word_1_399' title='bbox 1787 4648 1914 4709; x_wconf 80' lang='grc' dir='ltr'>Ἄλ-</span> 
     </span>
    </p>

    <p class='ocr_par' dir='ltr' id='par_1_23' title="bbox 270 4735 1914 5007">
     <span class='ocr_line' id='line_1_52' title="bbox 270 4735 1909 4824; baseline -0.012 -11"><span class='ocrx_word' id='word_1_400' title='bbox 270 4764 322 4804; x_wconf 71' lang='lat'>50</span> <span class='ocrx_word' id='word_1_401' title='bbox 348 4753 466 4818; x_wconf 83' lang='grc' dir='ltr'>λως.</span> <span class='ocrx_word' id='word_1_402' title='bbox 495 4748 704 4817; x_wconf 89' lang='grc' dir='ltr'>τούτους</span> <span class='ocrx_word' id='word_1_403' title='bbox 729 4751 799 4814; x_wconf 81' lang='grc' dir='ltr'>ὥς</span> <span class='ocrx_word' id='word_1_404' title='bbox 832 4741 1089 4824; x_wconf 76' lang='grc' dir='ltr'>ἀκρασίαν</span> <span class='ocrx_word' id='word_1_405' title='bbox 1126 4739 1391 4820; x_wconf 87' lang='grc' dir='ltr'>μαλακίας</span> <span class='ocrx_word' id='word_1_406' title='bbox 1415 4737 1633 4819; x_wconf 82' lang='grc' dir='ltr'>ἔχοντας</span> <span class='ocrx_word' id='word_1_407' title='bbox 1661 4735 1909 4796; x_wconf 81' lang='grc' dir='ltr'>σκώπτει.</span> 
     </span>
     <span class='ocr_line' id='line_1_53' title="bbox 349 4823 1914 4903; baseline -0.01 -5"><span class='ocrx_word' id='word_1_408' title='bbox 349 4838 440 4898; x_wconf 75' lang='grc' dir='ltr'>καὶ</span> <span class='ocrx_word' id='word_1_409' title='bbox 466 4840 514 4897; x_wconf 78' lang='grc' dir='ltr'>οἱ</span> <span class='ocrx_word' id='word_1_410' title='bbox 540 4836 730 4903; x_wconf 87' lang='grc' dir='ltr'>πάντες</span> <span class='ocrx_word' id='word_1_411' title='bbox 759 4833 813 4893; x_wconf 79' lang='grc' dir='ltr'>δὲ</span> <span class='ocrx_word' id='word_1_412' title='bbox 833 4829 1013 4898; x_wconf 83' lang='grc' dir='ltr'>Ἴωνες</span> <span class='ocrx_word' id='word_1_413' title='bbox 1038 4827 1262 4889; x_wconf 76' lang='grc' dir='ltr'>τοιοῦτοί</span> <span class='ocrx_word' id='word_1_414' title='bbox 1289 4830 1438 4900; x_wconf 79' lang='grc' dir='ltr'>εἰσιν,</span> <span class='ocrx_word' id='word_1_415' title='bbox 1462 4830 1509 4886; x_wconf 84' lang='grc' dir='ltr'>οῖ</span> <span class='ocrx_word' id='word_1_416' title='bbox 1533 4825 1589 4885; x_wconf 86' lang='grc' dir='ltr'>δὲ</span> <span class='ocrx_word' id='word_1_417' title='bbox 1617 4826 1740 4886; x_wconf 84' lang='grc' dir='ltr'>Χῖοι</span> <span class='ocrx_word' id='word_1_418' title='bbox 1768 4823 1914 4893; x_wconf 80' lang='grc' dir='ltr'>ἐξαι-</span> 
     </span>
     <span class='ocr_line' id='line_1_54' title="bbox 351 4924 612 5007; baseline -0.015 -13"><span class='ocrx_word' id='word_1_419' title='bbox 351 4924 525 5007; x_wconf 73' lang='grc' dir='ltr'>ρέτως.</span> <span class='ocrx_word' id='word_1_420' title='bbox 548 4942 612 4990; x_wconf 78' lang='lat' dir='ltr'>v,</span> 
     </span>
    </p>

    <p class='ocr_par' dir='ltr' id='par_1_24' title="bbox 429 5009 1914 5104">
     <span class='ocr_line' id='line_1_55' title="bbox 429 5009 1914 5104; baseline -0.011 -19"><span class='ocrx_word' id='word_1_421' title='bbox 429 5044 525 5086; x_wconf 74' lang='lat'>174.</span> <span class='ocrx_word' id='word_1_422' title='bbox 566 5020 794 5104; x_wconf 85' lang='grc' dir='ltr'>πρόσεχε</span> <span class='ocrx_word' id='word_1_423' title='bbox 811 5019 899 5078; x_wconf 80' lang='grc' dir='ltr'>τὸν</span> <span class='ocrx_word' id='word_1_424' title='bbox 918 5022 1070 5078; x_wconf 73' lang='grc' dir='ltr'>νοῧντ</span> <span class='ocrx_word' id='word_1_425' title='bbox 1099 5011 1406 5095; x_wconf 81' lang='grc' dir='ltr'>(Τουτέστιν</span> <span class='ocrx_word' id='word_1_426' title='bbox 1425 5014 1596 5084; x_wconf 87' lang='grc' dir='ltr'>ἀληθῆ</span> <span class='ocrx_word' id='word_1_427' title='bbox 1618 5009 1775 5084; x_wconf 83' lang='grc' dir='ltr'>λέξω,</span> <span class='ocrx_word' id='word_1_428' title='bbox 1798 5009 1914 5070; x_wconf 80' lang='grc' dir='ltr'>ἐπεὶ</span> 
     </span>
    </p>
   </div>
   <div class='ocr_carea' id='block_1_6' title="bbox 1963 454 3621 1766">
    <p class='ocr_par' dir='ltr' id='par_1_25' title="bbox 1963 454 3518 630">
     <span class='ocr_line' id='line_1_56' title="bbox 1963 454 3518 540; baseline 0.004 -26"><span class='ocrx_word' id='word_1_429' title='bbox 1963 455 2052 514; x_wconf 79' lang='grc' dir='ltr'>τὸν</span> <span class='ocrx_word' id='word_1_430' title='bbox 2081 458 2135 514; x_wconf 79' lang='grc' dir='ltr'>ἐν</span> <span class='ocrx_word' id='word_1_431' title='bbox 2162 460 2237 536; x_wconf 79' lang='grc' dir='ltr'>τῷ</span> <span class='ocrx_word' id='word_1_432' title='bbox 2260 454 2461 538; x_wconf 83' lang='grc' dir='ltr'>θεάτρῳ</span> <span class='ocrx_word' id='word_1_433' title='bbox 2485 480 2559 534; x_wconf 88' lang='grc' dir='ltr'>μη</span> <span class='ocrx_word' id='word_1_434' title='bbox 2562 458 2844 537; x_wconf 87' lang='grc' dir='ltr'>χανοποιόν</span> <span class='ocrx_word' id='word_1_435' title='bbox 2873 482 3016 540; x_wconf 87' lang='grc' dir='ltr'>φησι.</span> <span class='ocrx_word' id='word_1_436' title='bbox 3510 491 3518 499; x_wconf 87' lang='grc'><em>·</em></span> 
     </span>
     <span class='ocr_line' id='line_1_57' title="bbox 2049 544 3453 630; baseline 0.004 -28"><span class='ocrx_word' id='word_1_437' title='bbox 2049 565 2145 606; x_wconf 81' lang='grc'>175.</span> <span class='ocrx_word' id='word_1_438' title='bbox 2187 567 2273 624; x_wconf 89' lang='grc' dir='ltr'>γρ.</span> <span class='ocrx_word' id='word_1_439' title='bbox 2303 544 2394 604; x_wconf 76' lang='grc' dir='ltr'>καὶ</span> <span class='ocrx_word' id='word_1_440' title='bbox 2416 554 2658 625; x_wconf 77' lang='grc' dir='ltr'>πρᾶγμα.</span> <span class='ocrx_word' id='word_1_441' title='bbox 2684 544 2824 623; x_wconf 80' lang='grc' dir='ltr'>λέγει</span> <span class='ocrx_word' id='word_1_442' title='bbox 2852 544 2907 605; x_wconf 78' lang='grc' dir='ltr'>δὲ</span> <span class='ocrx_word' id='word_1_443' title='bbox 2933 547 3032 619; x_wconf 84' lang='grc' dir='ltr'>τὴν</span> <span class='ocrx_word' id='word_1_444' title='bbox 3056 546 3305 630; x_wconf 80' lang='grc' dir='ltr'>γαστέρα.</span> <span class='ocrx_word' id='word_1_445' title='bbox 3331 560 3453 608; x_wconf 66' lang='grc' dir='ltr'>ΒΝ.</span> 
     </span>
    </p>

    <p class='ocr_par' dir='ltr' id='par_1_26' title="bbox 1968 631 3591 893">
     <span class='ocr_line' id='line_1_58' title="bbox 2050 631 3532 716; baseline 0.005 -24"><span class='ocrx_word' id='word_1_446' title='bbox 2050 653 2142 694; x_wconf 74' lang='lat'>180.</span> <span class='ocrx_word' id='word_1_447' title='bbox 2183 631 2365 712; x_wconf 73' lang='grc' dir='ltr'>[πόθεν</span> <span class='ocrx_word' id='word_1_448' title='bbox 2398 638 2580 716; x_wconf 79' lang='grc' dir='ltr'>βροτοῦ</span> <span class='ocrx_word' id='word_1_449' title='bbox 2611 655 2625 693; x_wconf 77' lang='lat' dir='ltr'><strong><em>z</em></strong></span> <span class='ocrx_word' id='word_1_450' title='bbox 2664 635 2894 714; x_wconf 76' lang='grc' dir='ltr'>Κορωνὶς</span> <span class='ocrx_word' id='word_1_451' title='bbox 2921 635 3011 694; x_wconf 80' lang='grc' dir='ltr'>καὶ</span> <span class='ocrx_word' id='word_1_452' title='bbox 3035 635 3254 704; x_wconf 77' lang='grc' dir='ltr'>εἴσθεσις</span> <span class='ocrx_word' id='word_1_453' title='bbox 3276 637 3532 716; x_wconf 74' lang='grc' dir='ltr'>ἀμοιὸαία</span> 
     </span>
     <span class='ocr_line' id='line_1_59' title="bbox 1968 719 3591 803; baseline 0.004 -26"><span class='ocrx_word' id='word_1_454' title='bbox 1968 719 2021 788; x_wconf 83' lang='grc' dir='ltr'>ἐξ</span> <span class='ocrx_word' id='word_1_455' title='bbox 2050 719 2306 797; x_wconf 74' lang='grc' dir='ltr'>ἷαμὸείων</span> <span class='ocrx_word' id='word_1_456' title='bbox 2333 720 2433 788; x_wconf 82' lang='grc' dir='ltr'>νς’.</span> <span class='ocrx_word' id='word_1_457' title='bbox 2465 720 2553 779; x_wconf 76' lang='grc' dir='ltr'>ἐπὶ</span> <span class='ocrx_word' id='word_1_458' title='bbox 2574 724 2650 802; x_wconf 80' lang='grc' dir='ltr'>τῷ</span> <span class='ocrx_word' id='word_1_459' title='bbox 2673 720 2812 779; x_wconf 76' lang='grc' dir='ltr'>τέλει</span> <span class='ocrx_word' id='word_1_460' title='bbox 2835 721 3093 803; x_wconf 72' lang='grc' dir='ltr'>κορωνίς.]</span> <span class='ocrx_word' id='word_1_461' title='bbox 3560 744 3591 784; x_wconf 65' lang='lat'>⁵</span> 
     </span>
     <span class='ocr_line' id='line_1_60' title="bbox 2049 806 3535 893; baseline 0.005 -26"><span class='ocrx_word' id='word_1_462' title='bbox 2049 809 2209 882; x_wconf 86' lang='grc' dir='ltr'>διπλῆ</span> <span class='ocrx_word' id='word_1_463' title='bbox 2237 807 2328 866; x_wconf 75' lang='grc' dir='ltr'>καὶ</span> <span class='ocrx_word' id='word_1_464' title='bbox 2350 806 2568 875; x_wconf 83' lang='grc' dir='ltr'>εἴσθεσις</span> <span class='ocrx_word' id='word_1_465' title='bbox 2600 811 2672 876; x_wconf 82' lang='grc' dir='ltr'>εἷς</span> <span class='ocrx_word' id='word_1_466' title='bbox 2699 808 2921 886; x_wconf 78' lang='grc' dir='ltr'>ἷάμὸους</span> <span class='ocrx_word' id='word_1_467' title='bbox 2958 811 3263 892; x_wconf 81' lang='grc' dir='ltr'>τριμέτρους</span> <span class='ocrx_word' id='word_1_468' title='bbox 3297 816 3438 893; x_wconf 82' lang='grc' dir='ltr'>ρκς’,</span> <span class='ocrx_word' id='word_1_469' title='bbox 3462 807 3535 875; x_wconf 70' lang='grc' dir='ltr'>ὧν</span> 
     </span>
    </p>

    <p class='ocr_par' dir='ltr' id='par_1_27' title="bbox 1967 889 3621 1766">
     <span class='ocr_line' id='line_1_61' title="bbox 1967 889 3534 975; baseline 0.001 -21"><span class='ocrx_word' id='word_1_470' title='bbox 1967 895 2029 954; x_wconf 84' lang='grc' dir='ltr'>τὸ</span> <span class='ocrx_word' id='word_1_471' title='bbox 2048 897 2343 954; x_wconf 89' lang='grc' dir='ltr'>τελευταῖον</span> <span class='ocrx_word' id='word_1_472' title='bbox 2368 923 2391 949; x_wconf 72' lang='grc' dir='ltr'>α</span> <span class='ocrx_word' id='word_1_473' title='bbox 2412 894 2505 954; x_wconf 76' lang='grc' dir='ltr'>καὶ</span> <span class='ocrx_word' id='word_1_474' title='bbox 2522 893 2796 968; x_wconf 82' lang='grc' dir='ltr'>νησιώτας·</span> <span class='ocrx_word' id='word_1_475' title='bbox 2821 898 2960 975; x_wconf 74' lang='grc' dir='ltr'>δεῦρ’</span> <span class='ocrx_word' id='word_1_476' title='bbox 2978 898 3043 956; x_wconf 85' lang='grc' dir='ltr'>ἴτ’</span> <span class='ocrx_word' id='word_1_477' title='bbox 3068 889 3112 958; x_wconf 70' lang='grc' dir='ltr'><em>ὦ</em></span> <span class='ocrx_word' id='word_1_478' title='bbox 3140 899 3332 966; x_wconf 89' lang='grc' dir='ltr'>πάντες</span> <span class='ocrx_word' id='word_1_479' title='bbox 3360 903 3481 963; x_wconf 80' lang='grc' dir='ltr'>λεώ.</span> <span class='ocrx_word' id='word_1_480' title='bbox 3510 932 3534 956; x_wconf 69' lang='grc' dir='ltr'><strong>ι</strong></span> 
     </span>
     <span class='ocr_line' id='line_1_62' title="bbox 1971 981 3538 1064; baseline 0.006 -23"><span class='ocrx_word' id='word_1_481' title='bbox 1971 983 2052 1041; x_wconf 83' lang='grc' dir='ltr'>ἐπ’</span> <span class='ocrx_word' id='word_1_482' title='bbox 2082 982 2230 1051; x_wconf 83' lang='grc' dir='ltr'>ἐνίοις</span> <span class='ocrx_word' id='word_1_483' title='bbox 2258 981 2314 1042; x_wconf 74' lang='grc' dir='ltr'>δὲ</span> <span class='ocrx_word' id='word_1_484' title='bbox 2343 982 2673 1064; x_wconf 82' lang='grc' dir='ltr'>ἀντιγράφοις</span> <span class='ocrx_word' id='word_1_485' title='bbox 2701 984 2835 1061; x_wconf 83' lang='grc' dir='ltr'>μετὰ</span> <span class='ocrx_word' id='word_1_486' title='bbox 2864 984 3073 1064; x_wconf 87' lang='grc' dir='ltr'>στίχους</span> <span class='ocrx_word' id='word_1_487' title='bbox 3099 986 3181 1045; x_wconf 85' lang='grc' dir='ltr'>να’</span> <span class='ocrx_word' id='word_1_488' title='bbox 3216 988 3328 1047; x_wconf 80' lang='grc' dir='ltr'>ἐστὶ</span> <span class='ocrx_word' id='word_1_489' title='bbox 3358 993 3538 1049; x_wconf 68' lang='grc' dir='ltr'>κωλά-</span> 
     </span>
     <span class='ocr_line' id='line_1_63' title="bbox 1974 1070 3540 1229; baseline 0.006 -101"><span class='ocrx_word' id='word_1_490' title='bbox 1974 1094 2077 1229; x_wconf 52' lang='grc' dir='ltr'>ριρξ</span> <span class='ocrx_word' id='word_1_491' title='bbox 2100 1071 2218 1228; x_wconf 52' lang='grc' dir='ltr'>Ξόὶδε</span> <span class='ocrx_word' id='word_1_492' title='bbox 2247 1098 2270 1122; x_wconf 73' lang='grc' dir='ltr'>α</span> <span class='ocrx_word' id='word_1_493' title='bbox 2295 1070 2346 1128; x_wconf 87' lang='grc' dir='ltr'>τί</span> <span class='ocrx_word' id='word_1_494' title='bbox 2373 1093 2528 1151; x_wconf 72' lang='grc' dir='ltr'>φησι,</span> <span class='ocrx_word' id='word_1_495' title='bbox 2556 1100 2577 1122; x_wconf 76' lang='grc' dir='ltr'>υ</span> <span class='ocrx_word' id='word_1_496' title='bbox 2606 1071 2697 1129; x_wconf 81' lang='grc' dir='ltr'>καὶ</span> <span class='ocrx_word' id='word_1_497' title='bbox 2729 1071 2842 1149; x_wconf 87' lang='grc' dir='ltr'>μετ’</span> <span class='ocrx_word' id='word_1_498' title='bbox 2871 1071 3059 1141; x_wconf 81' lang='grc' dir='ltr'>ἄλλους</span> <span class='ocrx_word' id='word_1_499' title='bbox 3080 1075 3164 1146; x_wconf 83' lang='grc' dir='ltr'>λη’</span> <span class='ocrx_word' id='word_1_500' title='bbox 3196 1076 3270 1154; x_wconf 75' lang='grc' dir='ltr'>[ν.</span> <span class='ocrx_word' id='word_1_501' title='bbox 3299 1078 3400 1155; x_wconf 72' lang='lat'><strong>2⁶8]</strong></span> <span class='ocrx_word' id='word_1_502' title='bbox 3422 1078 3540 1139; x_wconf 86' lang='grc' dir='ltr'>τόδε</span> 
     </span>
     <span class='ocr_line' id='line_1_64' title="bbox 1974 1169 3621 1227; baseline 0.01 -17"><span class='ocrx_word' id='word_1_503' title='bbox 1974 1185 1997 1210; x_wconf 76' lang='grc' dir='ltr'>«ι</span> <span class='ocrx_word' id='word_1_504' title='bbox 2168 1204 2181 1218; x_wconf 89' lang='grc'>.</span> <span class='ocrx_word' id='word_1_505' title='bbox 2209 1186 2232 1208; x_wconf 69' lang='grc' dir='ltr'>»ο</span> <span class='ocrx_word' id='word_1_506' title='bbox 2261 1169 2321 1214; x_wconf 82' lang='lat' dir='ltr'>V.</span> <span class='ocrx_word' id='word_1_507' title='bbox 3574 1186 3621 1227; x_wconf 80' lang='lat' dir='ltr'><strong>m</strong></span> 
     </span>
     <span class='ocr_line' id='line_1_65' title="bbox 2051 1244 3537 1333; baseline 0.007 -30"><span class='ocrx_word' id='word_1_508' title='bbox 2051 1244 2206 1305; x_wconf 90' lang='grc' dir='ltr'>πόθεν</span> <span class='ocrx_word' id='word_1_509' title='bbox 2252 1248 2435 1324; x_wconf 73' lang='grc' dir='ltr'>βροτοῦ</span> <span class='ocrx_word' id='word_1_510' title='bbox 2478 1268 2545 1322; x_wconf 87' lang='grc' dir='ltr'>με</span> <span class='ocrx_word' id='word_1_511' title='bbox 2583 1264 2598 1305; x_wconf 85' lang='lat'><strong>:</strong></span> <span class='ocrx_word' id='word_1_512' title='bbox 2660 1245 2816 1322; x_wconf 81' lang='grc' dir='ltr'>(Ἀντὶ</span> <span class='ocrx_word' id='word_1_513' title='bbox 2856 1253 2949 1306; x_wconf 79' lang='grc' dir='ltr'>τοῦ</span> <span class='ocrx_word' id='word_1_514' title='bbox 2995 1248 3231 1322; x_wconf 84' lang='grc' dir='ltr'>αἴσθησις</span> <span class='ocrx_word' id='word_1_515' title='bbox 3267 1252 3537 1333; x_wconf 82' lang='grc' dir='ltr'>ἀνθρώπου</span> 
     </span>
     <span class='ocr_line' id='line_1_66' title="bbox 1975 1331 3542 1414; baseline 0.006 -23"><span class='ocrx_word' id='word_1_516' title='bbox 1975 1333 2320 1405; x_wconf 81' lang='grc' dir='ltr'>εἰσελήλυθεν,</span> <span class='ocrx_word' id='word_1_517' title='bbox 2348 1333 2383 1403; x_wconf 79' lang='grc' dir='ltr'>ἢ</span> <span class='ocrx_word' id='word_1_518' title='bbox 2423 1331 2593 1411; x_wconf 74' lang='grc' dir='ltr'>ὀσμὴ,</span> <span class='ocrx_word' id='word_1_519' title='bbox 2622 1331 2656 1404; x_wconf 80' lang='grc' dir='ltr'>ἢ</span> <span class='ocrx_word' id='word_1_520' title='bbox 2683 1333 2856 1414; x_wconf 87' lang='grc' dir='ltr'>φωνὴ,</span> <span class='ocrx_word' id='word_1_521' title='bbox 2891 1338 3231 1407; x_wconf 85' lang='grc' dir='ltr'>ἐλλειπτικῶς</span> <span class='ocrx_word' id='word_1_522' title='bbox 3257 1340 3397 1400; x_wconf 77' lang='grc' dir='ltr'>κατὰ</span> <span class='ocrx_word' id='word_1_523' title='bbox 3423 1341 3542 1409; x_wconf 72' lang='grc' dir='ltr'>τοὺς</span> 
     </span>
     <span class='ocr_line' id='line_1_67' title="bbox 1977 1419 3539 1510; baseline 0.006 -32"><span class='ocrx_word' id='word_1_524' title='bbox 1977 1419 2254 1488; x_wconf 83' lang='grc' dir='ltr'>Ἀττικούς.</span> <span class='ocrx_word' id='word_1_525' title='bbox 2280 1424 2308 1478; x_wconf 82' lang='grc' dir='ltr'><em>ὃ</em></span> <span class='ocrx_word' id='word_1_526' title='bbox 2332 1420 2387 1479; x_wconf 83' lang='grc' dir='ltr'>δὲ</span> <span class='ocrx_word' id='word_1_527' title='bbox 2417 1420 2620 1503; x_wconf 65' lang='grc' dir='ltr'>Ἑρμῆς</span> <span class='ocrx_word' id='word_1_528' title='bbox 2643 1421 2782 1480; x_wconf 78' lang='grc' dir='ltr'>ἐστὶν</span> <span class='ocrx_word' id='word_1_529' title='bbox 2805 1425 2834 1481; x_wconf 81' lang='grc' dir='ltr'>δ</span> <span class='ocrx_word' id='word_1_530' title='bbox 2860 1430 3028 1483; x_wconf 78' lang='grc' dir='ltr'>ταῦτα</span> <span class='ocrx_word' id='word_1_531' title='bbox 3051 1424 3237 1504; x_wconf 86' lang='grc' dir='ltr'>λέγων,</span> <span class='ocrx_word' id='word_1_532' title='bbox 3263 1428 3364 1501; x_wconf 82' lang='grc' dir='ltr'>ἤδη</span> <span class='ocrx_word' id='word_1_533' title='bbox 3392 1433 3442 1490; x_wconf 87' lang='grc' dir='ltr'>Τ</span> <span class='ocrx_word' id='word_1_534' title='bbox 3445 1453 3539 1510; x_wconf 90' lang='grc' dir='ltr'>ρυ-</span> 
     </span>
     <span class='ocr_line' id='line_1_68' title="bbox 1974 1507 3543 1595; baseline 0.006 -28"><span class='ocrx_word' id='word_1_535' title='bbox 1974 1509 2126 1587; x_wconf 84' lang='grc' dir='ltr'>γαίου</span> <span class='ocrx_word' id='word_1_536' title='bbox 2170 1507 2660 1591; x_wconf 86' lang='grc' dir='ltr'>προσπεπελακότος</span> <span class='ocrx_word' id='word_1_537' title='bbox 2701 1513 2774 1590; x_wconf 80' lang='grc' dir='ltr'>τῷ</span> <span class='ocrx_word' id='word_1_538' title='bbox 2814 1513 3071 1593; x_wconf 78' lang='grc' dir='ltr'>οὐρανῷ.)</span> <span class='ocrx_word' id='word_1_539' title='bbox 3102 1550 3183 1561; x_wconf 93' lang='grc'>-</span> <span class='ocrx_word' id='word_1_540' title='bbox 3225 1516 3543 1595; x_wconf 86' lang='grc' dir='ltr'>θεασάμενος</span> 
     </span>
     <span class='ocr_line' id='line_1_69' title="bbox 1974 1594 3621 1683; baseline 0.003 -28"><span class='ocrx_word' id='word_1_541' title='bbox 1974 1595 2064 1655; x_wconf 86' lang='grc' dir='ltr'>τὸν</span> <span class='ocrx_word' id='word_1_542' title='bbox 2105 1594 2363 1677; x_wconf 87' lang='grc' dir='ltr'>κάνθαρον</span> <span class='ocrx_word' id='word_1_543' title='bbox 2402 1600 2432 1655; x_wconf 81' lang='grc' dir='ltr'><strong>ὁ</strong></span> <span class='ocrx_word' id='word_1_544' title='bbox 2469 1595 2673 1678; x_wconf 80' lang='grc' dir='ltr'>Ἑρμῆς</span> <span class='ocrx_word' id='word_1_545' title='bbox 2703 1596 2796 1655; x_wconf 75' lang='grc' dir='ltr'>καὶ</span> <span class='ocrx_word' id='word_1_546' title='bbox 2835 1598 3111 1677; x_wconf 74' lang='grc' dir='ltr'>ἐκπλαγείς</span> <span class='ocrx_word' id='word_1_547' title='bbox 3151 1624 3281 1683; x_wconf 83' lang='grc' dir='ltr'>φησι</span> <span class='ocrx_word' id='word_1_548' title='bbox 3320 1603 3380 1663; x_wconf 88' lang='grc' dir='ltr'>τὸ</span> <span class='ocrx_word' id='word_1_549' title='bbox 3415 1604 3544 1675; x_wconf 81' lang='grc' dir='ltr'>ἄναξ</span> <span class='ocrx_word' id='word_1_550' title='bbox 3572 1621 3621 1660; x_wconf 77' lang='grc' dir='ltr'>ιε</span> 
     </span>
     <span class='ocr_line' id='line_1_70' title="bbox 1979 1681 3044 1766; baseline -0.001 -23"><span class='ocrx_word' id='word_1_551' title='bbox 1979 1681 2277 1763; x_wconf 85' lang='grc' dir='ltr'>Ἡράκλεις.</span> <span class='ocrx_word' id='word_1_552' title='bbox 2301 1683 2472 1743; x_wconf 85' lang='grc' dir='ltr'>λείπει</span> <span class='ocrx_word' id='word_1_553' title='bbox 2490 1682 2631 1762; x_wconf 75' lang='grc' dir='ltr'>ὀσμὴ</span> <span class='ocrx_word' id='word_1_554' title='bbox 2659 1682 2694 1756; x_wconf 77' lang='grc' dir='ltr'>ἢ</span> <span class='ocrx_word' id='word_1_555' title='bbox 2715 1685 2885 1766; x_wconf 82' lang='grc' dir='ltr'>φωνή.</span> <span class='ocrx_word' id='word_1_556' title='bbox 2911 1696 3044 1744; x_wconf 76' lang='lat' dir='ltr'><strong>R.v.</strong></span> 
     </span>
    </p>
   </div>
   <div class='ocr_carea' id='block_1_7' title="bbox 1979 1767 3541 1939">
    <p class='ocr_par' dir='ltr' id='par_1_28' title="bbox 1979 1767 3541 1939">
     <span class='ocr_line' id='line_1_71' title="bbox 2059 1767 3541 1918; baseline 0.006 -88"><span class='ocrx_word' id='word_1_557' title='bbox 2059 1769 2579 1918; x_wconf 44' lang='grc' dir='ltr'>Εἶὲἑπποκάνθαρος</span> <span class='ocrx_word' id='word_1_558' title='bbox 2604 1791 2620 1833; x_wconf 73' lang='lat' dir='ltr'><strong><em>z</em></strong></span> <span class='ocrx_word' id='word_1_559' title='bbox 2649 1767 2882 1842; x_wconf 78' lang='grc' dir='ltr'>Ἐπαιξε</span> <span class='ocrx_word' id='word_1_560' title='bbox 2918 1773 3069 1855; x_wconf 75' lang='grc' dir='ltr'>παρὰ</span> <span class='ocrx_word' id='word_1_561' title='bbox 3104 1774 3165 1835; x_wconf 76' lang='grc' dir='ltr'>τὸ</span> <span class='ocrx_word' id='word_1_562' title='bbox 3191 1777 3541 1838; x_wconf 79' lang='grc' dir='ltr'>ἱπποκένταυ-</span> 
     </span>
     <span class='ocr_line' id='line_1_72' title="bbox 1979 1880 2228 1939; baseline -0.004 -22"><span class='ocrx_word' id='word_1_563' title='bbox 1979 1880 2081 1939; x_wconf 87' lang='grc' dir='ltr'>ρος.</span> <span class='ocrx_word' id='word_1_564' title='bbox 2148 1903 2161 1916; x_wconf 98' lang='grc'>.</span> <span class='ocrx_word' id='word_1_565' title='bbox 2214 1904 2228 1916; x_wconf 94' lang='grc'>.</span> 
     </span>
    </p>
   </div>
   <div class='ocr_carea' id='block_1_8' title="bbox 1975 1946 3628 2212">
    <p class='ocr_par' dir='ltr' id='par_1_29' title="bbox 1975 1946 3628 2212">
     <span class='ocr_line' id='line_1_73' title="bbox 2060 1946 3541 2035; baseline 0.006 -29"><span class='ocrx_word' id='word_1_566' title='bbox 2060 1967 2153 2007; x_wconf 77' lang='lat'>185.</span> <span class='ocrx_word' id='word_1_567' title='bbox 2192 1952 2346 2006; x_wconf 73' lang='grc' dir='ltr'>τοῦτο</span> <span class='ocrx_word' id='word_1_568' title='bbox 2386 1946 2620 2026; x_wconf 88' lang='grc' dir='ltr'>μάλιστα</span> <span class='ocrx_word' id='word_1_569' title='bbox 2660 1946 2756 2025; x_wconf 81' lang='grc' dir='ltr'>μὲν</span> <span class='ocrx_word' id='word_1_570' title='bbox 2797 1946 2927 2030; x_wconf 78' lang='grc' dir='ltr'>πρὸς</span> <span class='ocrx_word' id='word_1_571' title='bbox 2969 1947 3032 2009; x_wconf 77' lang='grc' dir='ltr'>τὸ</span> <span class='ocrx_word' id='word_1_572' title='bbox 3073 1949 3174 2009; x_wconf 76' lang='grc' dir='ltr'>ὑπὸ</span> <span class='ocrx_word' id='word_1_573' title='bbox 3209 1956 3299 2012; x_wconf 74' lang='grc' dir='ltr'>τοῦ</span> <span class='ocrx_word' id='word_1_574' title='bbox 3336 1951 3541 2035; x_wconf 76' lang='grc' dir='ltr'>Ἑρμοῦ</span> 
     </span>
     <span class='ocr_line' id='line_1_74' title="bbox 1976 2026 3628 2120; baseline 0.004 -27"><span class='ocrx_word' id='word_1_575' title='bbox 1976 2034 2249 2116; x_wconf 83' lang='grc' dir='ltr'>εἰρημένον</span> <span class='ocrx_word' id='word_1_576' title='bbox 2274 2064 2298 2089; x_wconf 69' lang='grc' dir='ltr'>α</span> <span class='ocrx_word' id='word_1_577' title='bbox 2317 2026 2361 2096; x_wconf 69' lang='grc' dir='ltr'><em>ὦ</em></span> <span class='ocrx_word' id='word_1_578' title='bbox 2382 2035 2538 2115; x_wconf 89' lang='grc' dir='ltr'>μίαρε</span> <span class='ocrx_word' id='word_1_579' title='bbox 2555 2035 2647 2095; x_wconf 76' lang='grc' dir='ltr'>καὶ</span> <span class='ocrx_word' id='word_1_580' title='bbox 2673 2037 2952 2118; x_wconf 79' lang='grc' dir='ltr'>παμμιαρὲ</span> <span class='ocrx_word' id='word_1_581' title='bbox 2975 2038 3066 2097; x_wconf 79' lang='grc' dir='ltr'>καὶ</span> <span class='ocrx_word' id='word_1_582' title='bbox 3094 2039 3390 2120; x_wconf 85' lang='grc' dir='ltr'>μιαρώτατε</span> <span class='ocrx_word' id='word_1_583' title='bbox 3412 2070 3436 2094; x_wconf 68' lang='lat' dir='ltr'>n</span> <span class='ocrx_word' id='word_1_584' title='bbox 3461 2044 3546 2102; x_wconf 84' lang='grc' dir='ltr'>δο·</span> <span class='ocrx_word' id='word_1_585' title='bbox 3572 2060 3628 2100; x_wconf 71' lang='lat'>²0</span> 
     </span>
     <span class='ocr_line' id='line_1_75' title="bbox 1975 2124 3545 2212; baseline 0.004 -28"><span class='ocrx_word' id='word_1_586' title='bbox 1975 2134 2057 2184; x_wconf 88' lang='grc' dir='ltr'>κεῖ</span> <span class='ocrx_word' id='word_1_587' title='bbox 2088 2124 2141 2194; x_wconf 84' lang='grc' dir='ltr'>ἐξ</span> <span class='ocrx_word' id='word_1_588' title='bbox 2167 2125 2375 2185; x_wconf 78' lang='grc' dir='ltr'>ἐκείνων</span> <span class='ocrx_word' id='word_1_589' title='bbox 2405 2124 2679 2205; x_wconf 81' lang='grc' dir='ltr'>λελέχθαι,</span> <span class='ocrx_word' id='word_1_590' title='bbox 2707 2125 2768 2184; x_wconf 83' lang='grc' dir='ltr'>τὸ</span> <span class='ocrx_word' id='word_1_591' title='bbox 2792 2125 2846 2185; x_wconf 85' lang='grc' dir='ltr'>δὲ</span> <span class='ocrx_word' id='word_1_592' title='bbox 2884 2126 3073 2199; x_wconf 82' lang='grc' dir='ltr'>ἀληθὲς</span> <span class='ocrx_word' id='word_1_593' title='bbox 3093 2126 3190 2199; x_wconf 78' lang='grc' dir='ltr'>τὴν</span> <span class='ocrx_word' id='word_1_594' title='bbox 3220 2129 3459 2212; x_wconf 74' lang='grc' dir='ltr'>ἀφορμὴν</span> <span class='ocrx_word' id='word_1_595' title='bbox 3484 2134 3545 2191; x_wconf 84' lang='grc' dir='ltr'>ἐκ</span> 
     </span>
    </p>
   </div>
   <div class='ocr_carea' id='block_1_9' title="bbox 1893 2212 3546 2294">
    <p class='ocr_par' dir='ltr' id='par_1_30' title="bbox 1893 2212 3546 2294">
     <span class='ocr_line' id='line_1_76' title="bbox 1893 2212 3546 2294; baseline 0.004 -24"><span class='ocrx_word' id='word_1_596' title='bbox 1893 2236 1910 2251; x_wconf 74' lang='lat'><em>,</em></span> <span class='ocrx_word' id='word_1_597' title='bbox 1977 2217 2068 2270; x_wconf 72' lang='grc' dir='ltr'>τοῦ</span> <span class='ocrx_word' id='word_1_598' title='bbox 2111 2213 2399 2294; x_wconf 87' lang='grc' dir='ltr'>Σκείρωνος</span> <span class='ocrx_word' id='word_1_599' title='bbox 2438 2213 2563 2293; x_wconf 85' lang='grc' dir='ltr'>παρ’</span> <span class='ocrx_word' id='word_1_600' title='bbox 2603 2212 2943 2293; x_wconf 86' lang='grc' dir='ltr'>Ἐπιχάρμου</span> <span class='ocrx_word' id='word_1_601' title='bbox 2981 2214 3119 2294; x_wconf 83' lang='grc' dir='ltr'>ἔχει,</span> <span class='ocrx_word' id='word_1_602' title='bbox 3158 2216 3272 2274; x_wconf 79' lang='grc' dir='ltr'>ἐπεὶ</span> <span class='ocrx_word' id='word_1_603' title='bbox 3308 2219 3546 2287; x_wconf 84' lang='grc' dir='ltr'>κάκεῖνος</span> 
     </span>
    </p>
   </div>
   <div class='ocr_carea' id='block_1_10' title="bbox 1978 2299 3643 4303">
    <p class='ocr_par' dir='ltr' id='par_1_31' title="bbox 1978 2299 3628 2904">
     <span class='ocr_line' id='line_1_77' title="bbox 1978 2299 3545 2386; baseline 0.003 -28"><span class='ocrx_word' id='word_1_604' title='bbox 1978 2300 2233 2374; x_wconf 87' lang='grc' dir='ltr'>πεποίηκε</span> <span class='ocrx_word' id='word_1_605' title='bbox 2268 2301 2357 2361; x_wconf 77' lang='grc' dir='ltr'>τὸν</span> <span class='ocrx_word' id='word_1_606' title='bbox 2399 2300 2596 2383; x_wconf 82' lang='grc' dir='ltr'>φορμὸν</span> <span class='ocrx_word' id='word_1_607' title='bbox 2633 2299 2959 2382; x_wconf 81' lang='grc' dir='ltr'>ἐρωτηθέντα</span> <span class='ocrx_word' id='word_1_608' title='bbox 2994 2329 3019 2355; x_wconf 78' lang='grc' dir='ltr'>α</span> <span class='ocrx_word' id='word_1_609' title='bbox 3055 2302 3133 2370; x_wconf 89' lang='grc' dir='ltr'>τίς</span> <span class='ocrx_word' id='word_1_610' title='bbox 3169 2305 3281 2362; x_wconf 85' lang='grc' dir='ltr'>ἐστι</span> <span class='ocrx_word' id='word_1_611' title='bbox 3315 2304 3491 2386; x_wconf 82' lang='grc' dir='ltr'>μήτηρ</span> <span class='ocrx_word' id='word_1_612' title='bbox 3519 2335 3545 2361; x_wconf 73' lang='grc' dir='ltr'>ιι</span> 
     </span>
     <span class='ocr_line' id='line_1_78' title="bbox 1980 2386 3546 2472; baseline 0.005 -27"><span class='ocrx_word' id='word_1_613' title='bbox 1980 2386 2382 2469; x_wconf 77' lang='grc' dir='ltr'>ἀποκρινόμενον</span> <span class='ocrx_word' id='word_1_614' title='bbox 2403 2387 2482 2447; x_wconf 77' lang='grc' dir='ltr'>ὅτι</span> <span class='ocrx_word' id='word_1_615' title='bbox 2505 2387 2680 2459; x_wconf 79' lang='grc' dir='ltr'>σηκὶς,</span> <span class='ocrx_word' id='word_1_616' title='bbox 2705 2387 2797 2446; x_wconf 81' lang='grc' dir='ltr'>καὶ</span> <span class='ocrx_word' id='word_1_617' title='bbox 2820 2415 2842 2438; x_wconf 74' lang='grc' dir='ltr'>ι</span> <span class='ocrx_word' id='word_1_618' title='bbox 2867 2387 2942 2456; x_wconf 90' lang='grc' dir='ltr'>τίς</span> <span class='ocrx_word' id='word_1_619' title='bbox 2961 2392 3073 2449; x_wconf 91' lang='grc' dir='ltr'>ἐστι</span> <span class='ocrx_word' id='word_1_620' title='bbox 3091 2391 3270 2472; x_wconf 85' lang='grc' dir='ltr'>πατήρ</span> <span class='ocrx_word' id='word_1_621' title='bbox 3292 2421 3313 2445; x_wconf 80' lang='grc' dir='ltr'>υ</span> <span class='ocrx_word' id='word_1_622' title='bbox 3334 2392 3546 2453; x_wconf 83' lang='grc' dir='ltr'>εἰπόντα</span> 
     </span>
     <span class='ocr_line' id='line_1_79' title="bbox 1981 2472 3628 2555; baseline 0.007 -23"><span class='ocrx_word' id='word_1_623' title='bbox 1981 2474 2155 2546; x_wconf 76' lang='grc' dir='ltr'>σηκὶς,</span> <span class='ocrx_word' id='word_1_624' title='bbox 2180 2472 2316 2532; x_wconf 69' lang='grc' dir='ltr'>καὶαι</span> <span class='ocrx_word' id='word_1_625' title='bbox 2354 2472 2430 2542; x_wconf 81' lang='grc' dir='ltr'>τίς</span> <span class='ocrx_word' id='word_1_626' title='bbox 2464 2473 2683 2555; x_wconf 87' lang='grc' dir='ltr'>ἀδελφός</span> <span class='ocrx_word' id='word_1_627' title='bbox 2707 2501 2731 2526; x_wconf 76' lang='lat'>¹·</span> <span class='ocrx_word' id='word_1_628' title='bbox 2770 2476 2958 2553; x_wconf 81' lang='grc' dir='ltr'>ὁμοίως</span> <span class='ocrx_word' id='word_1_629' title='bbox 2998 2476 3169 2549; x_wconf 85' lang='grc' dir='ltr'>σηκίς.</span> <span class='ocrx_word' id='word_1_630' title='bbox 3203 2480 3322 2537; x_wconf 88' lang='grc' dir='ltr'>ἀλλ’</span> <span class='ocrx_word' id='word_1_631' title='bbox 3359 2482 3549 2549; x_wconf 81' lang='grc' dir='ltr'>ἐκεῖνος</span> <span class='ocrx_word' id='word_1_632' title='bbox 3574 2503 3628 2543; x_wconf 71' lang='lat'>25</span> 
     </span>
     <span class='ocr_line' id='line_1_80' title="bbox 1982 2560 3547 2648; baseline 0.004 -29"><span class='ocrx_word' id='word_1_633' title='bbox 1982 2561 2075 2639; x_wconf 82' lang='grc' dir='ltr'>μὲν</span> <span class='ocrx_word' id='word_1_634' title='bbox 2113 2560 2251 2630; x_wconf 83' lang='grc' dir='ltr'>ἔδοξε</span> <span class='ocrx_word' id='word_1_635' title='bbox 2290 2561 2420 2643; x_wconf 83' lang='grc' dir='ltr'>πρὸς</span> <span class='ocrx_word' id='word_1_636' title='bbox 2445 2560 2505 2621; x_wconf 75' lang='grc' dir='ltr'>τὸ</span> <span class='ocrx_word' id='word_1_637' title='bbox 2536 2560 2869 2641; x_wconf 81' lang='grc' dir='ltr'>ἐρωτώμενον</span> <span class='ocrx_word' id='word_1_638' title='bbox 2897 2562 2988 2622; x_wconf 79' lang='grc' dir='ltr'>καὶ</span> <span class='ocrx_word' id='word_1_639' title='bbox 3012 2562 3074 2622; x_wconf 83' lang='grc' dir='ltr'>τὸ</span> <span class='ocrx_word' id='word_1_640' title='bbox 3106 2563 3222 2635; x_wconf 76' lang='grc' dir='ltr'>ἑξῆς</span> <span class='ocrx_word' id='word_1_641' title='bbox 3268 2566 3547 2648; x_wconf 79' lang='grc' dir='ltr'>ἀποκρίνε-</span> 
     </span>
     <span class='ocr_line' id='line_1_81' title="bbox 1981 2648 3590 2735; baseline 0.003 -28"><span class='ocrx_word' id='word_1_642' title='bbox 1981 2654 2117 2707; x_wconf 88' lang='grc' dir='ltr'>σθαι·</span> <span class='ocrx_word' id='word_1_643' title='bbox 2148 2648 2258 2708; x_wconf 84' lang='grc' dir='ltr'>ἔστι</span> <span class='ocrx_word' id='word_1_644' title='bbox 2286 2648 2387 2730; x_wconf 89' lang='grc' dir='ltr'>γάρ</span> <span class='ocrx_word' id='word_1_645' title='bbox 2410 2673 2485 2716; x_wconf 85' lang='grc' dir='ltr'>τις</span> <span class='ocrx_word' id='word_1_646' title='bbox 2515 2657 2623 2716; x_wconf 86' lang='grc' dir='ltr'>τοῖς</span> <span class='ocrx_word' id='word_1_647' title='bbox 2644 2658 2862 2732; x_wconf 84' lang='grc' dir='ltr'>φορμοίς</span> <span class='ocrx_word' id='word_1_648' title='bbox 2883 2651 3151 2731; x_wconf 85' lang='grc' dir='ltr'>συγγένεια</span> <span class='ocrx_word' id='word_1_649' title='bbox 3176 2653 3305 2735; x_wconf 82' lang='grc' dir='ltr'>πρὸς</span> <span class='ocrx_word' id='word_1_650' title='bbox 3326 2652 3419 2721; x_wconf 72' lang='grc' dir='ltr'>τὰς</span> <span class='ocrx_word' id='word_1_651' title='bbox 3451 2678 3549 2726; x_wconf 86' lang='grc' dir='ltr'>ση-</span> <span class='ocrx_word' id='word_1_652' title='bbox 3586 2685 3590 2689; x_wconf 52' lang='grc'><strong>&lt;</strong></span> 
     </span>
     <span class='ocr_line' id='line_1_82' title="bbox 1981 2731 3552 2884; baseline 0.003 -89"><span class='ocrx_word' id='word_1_653' title='bbox 1981 2736 2146 2884; x_wconf 63' lang='grc' dir='ltr'>κίδίας.</span> <span class='ocrx_word' id='word_1_654' title='bbox 2171 2739 2392 2796; x_wconf 80' lang='grc' dir='ltr'>ἐνταῦθα</span> <span class='ocrx_word' id='word_1_655' title='bbox 2417 2734 2471 2796; x_wconf 77' lang='grc' dir='ltr'>δὲ</span> <span class='ocrx_word' id='word_1_656' title='bbox 2499 2736 2670 2796; x_wconf 79' lang='grc' dir='ltr'>οὐκέτι</span> <span class='ocrx_word' id='word_1_657' title='bbox 2699 2736 2838 2797; x_wconf 81' lang='grc' dir='ltr'>κατὰ</span> <span class='ocrx_word' id='word_1_658' title='bbox 2878 2738 2938 2797; x_wconf 85' lang='grc' dir='ltr'>τὸ</span> <span class='ocrx_word' id='word_1_659' title='bbox 2966 2736 3207 2817; x_wconf 81' lang='grc' dir='ltr'>συγγενὲς</span> <span class='ocrx_word' id='word_1_660' title='bbox 3228 2731 3378 2808; x_wconf 71' lang='grc' dir='ltr'>οὗτος</span> <span class='ocrx_word' id='word_1_661' title='bbox 3418 2744 3552 2800; x_wconf 84' lang='grc' dir='ltr'>ἀπε-</span> 
     </span>
     <span class='ocr_line' id='line_1_83' title="bbox 1982 2830 2246 2904; baseline -0.011 -20"><span class='ocrx_word' id='word_1_662' title='bbox 1982 2846 2046 2904; x_wconf 90' lang='grc' dir='ltr'>κρ</span> <span class='ocrx_word' id='word_1_663' title='bbox 2070 2830 2151 2896; x_wconf 90' lang='grc' dir='ltr'>θη.</span> <span class='ocrx_word' id='word_1_664' title='bbox 2183 2835 2246 2883; x_wconf 84' lang='lat' dir='ltr'>V.</span> 
     </span>
    </p>

    <p class='ocr_par' dir='ltr' id='par_1_32' title="bbox 1984 2911 3635 3255">
     <span class='ocr_line' id='line_1_84' title="bbox 2069 2911 3635 2997; baseline 0.004 -26"><span class='ocrx_word' id='word_1_665' title='bbox 2069 2933 2162 2973; x_wconf 76' lang='grc'>100.</span> <span class='ocrx_word' id='word_1_666' title='bbox 2206 2916 2465 2993; x_wconf 84' lang='grc' dir='ltr'>Τρυγαῖος</span> <span class='ocrx_word' id='word_1_667' title='bbox 2494 2911 2763 2991; x_wconf 73' lang='grc' dir='ltr'>Ἀθμονεὺς</span> <span class='ocrx_word' id='word_1_668' title='bbox 2796 2933 2812 2974; x_wconf 74' lang='lat' dir='ltr'>t</span> <span class='ocrx_word' id='word_1_669' title='bbox 2842 2912 2923 2973; x_wconf 81' lang='grc' dir='ltr'>Τὸ</span> <span class='ocrx_word' id='word_1_670' title='bbox 2959 2911 3053 2990; x_wconf 73' lang='grc' dir='ltr'>μὲν</span> <span class='ocrx_word' id='word_1_671' title='bbox 3089 2913 3254 2994; x_wconf 82' lang='grc' dir='ltr'>ὄνομα</span> <span class='ocrx_word' id='word_1_672' title='bbox 3292 2917 3551 2997; x_wconf 86' lang='grc' dir='ltr'>Τρυγαῖος</span> <span class='ocrx_word' id='word_1_673' title='bbox 3577 2937 3635 2978; x_wconf 75' lang='lat' dir='ltr'>ao</span> 
     </span>
     <span class='ocr_line' id='line_1_85' title="bbox 1985 2999 3551 3086; baseline 0.003 -28"><span class='ocrx_word' id='word_1_674' title='bbox 1985 2999 2130 3081; x_wconf 76' lang='grc' dir='ltr'>παρὰ</span> <span class='ocrx_word' id='word_1_675' title='bbox 2165 2999 2228 3059; x_wconf 80' lang='grc' dir='ltr'>τὸ</span> <span class='ocrx_word' id='word_1_676' title='bbox 2270 3010 2462 3080; x_wconf 80' lang='grc' dir='ltr'>τρυγᾶν</span> <span class='ocrx_word' id='word_1_677' title='bbox 2503 2999 2816 3075; x_wconf 88' lang='grc' dir='ltr'>πεποίηται,</span> <span class='ocrx_word' id='word_1_678' title='bbox 2860 3000 3084 3083; x_wconf 76' lang='grc' dir='ltr'>ἁρμόζον</span> <span class='ocrx_word' id='word_1_679' title='bbox 3125 3007 3361 3086; x_wconf 79' lang='grc' dir='ltr'>γεωργῷ.</span> <span class='ocrx_word' id='word_1_680' title='bbox 3400 3003 3461 3062; x_wconf 79' lang='grc' dir='ltr'>τὸ</span> <span class='ocrx_word' id='word_1_681' title='bbox 3496 3002 3551 3063; x_wconf 73' lang='grc' dir='ltr'>δὲ</span> 
     </span>
     <span class='ocr_line' id='line_1_86' title="bbox 1984 3084 3553 3163; baseline 0.003 -17"><span class='ocrx_word' id='word_1_682' title='bbox 1984 3084 2254 3163; x_wconf 75' lang='grc' dir='ltr'>Ἀθμονεὺς</span> <span class='ocrx_word' id='word_1_683' title='bbox 2275 3085 2382 3145; x_wconf 80' lang='grc' dir='ltr'>ἀπὸ</span> <span class='ocrx_word' id='word_1_684' title='bbox 2408 3085 2576 3161; x_wconf 79' lang='grc' dir='ltr'>δήμου</span> <span class='ocrx_word' id='word_1_685' title='bbox 2601 3086 2852 3159; x_wconf 83' lang='grc' dir='ltr'>Ἀττικῆς.</span> <span class='ocrx_word' id='word_1_686' title='bbox 2877 3125 2948 3135; x_wconf 95' lang='lat'>-</span> <span class='ocrx_word' id='word_1_687' title='bbox 2976 3091 3025 3147; x_wconf 81' lang='lat' dir='ltr'>ot</span> <span class='ocrx_word' id='word_1_688' title='bbox 3059 3086 3114 3147; x_wconf 84' lang='grc' dir='ltr'>δὲ</span> <span class='ocrx_word' id='word_1_689' title='bbox 3139 3093 3233 3159; x_wconf 87' lang='grc' dir='ltr'>τῆς</span> <span class='ocrx_word' id='word_1_690' title='bbox 3257 3089 3553 3159; x_wconf 80' lang='grc' dir='ltr'>Ἀτταλίδος</span> 
     </span>
     <span class='ocr_line' id='line_1_87' title="bbox 1986 3171 2908 3255; baseline 0 -23"><span class='ocrx_word' id='word_1_691' title='bbox 1986 3174 2177 3255; x_wconf 87' lang='grc' dir='ltr'>φυλῆς,</span> <span class='ocrx_word' id='word_1_692' title='bbox 2199 3174 2248 3230; x_wconf 76' lang='grc' dir='ltr'>οἱ</span> <span class='ocrx_word' id='word_1_693' title='bbox 2278 3171 2333 3231; x_wconf 78' lang='grc' dir='ltr'>δὲ</span> <span class='ocrx_word' id='word_1_694' title='bbox 2360 3178 2454 3246; x_wconf 78' lang='grc' dir='ltr'>τῆς</span> <span class='ocrx_word' id='word_1_695' title='bbox 2477 3173 2818 3255; x_wconf 85' lang='grc' dir='ltr'>Κεκροπίδος.</span> <span class='ocrx_word' id='word_1_696' title='bbox 2847 3185 2908 3232; x_wconf 79' lang='lat' dir='ltr'>V.</span> 
     </span>
    </p>

    <p class='ocr_par' dir='ltr' id='par_1_33' title="bbox 1988 3257 3636 3427">
     <span class='ocr_line' id='line_1_88' title="bbox 2067 3257 3554 3342; baseline 0.005 -25"><span class='ocrx_word' id='word_1_697' title='bbox 2067 3257 2226 3327; x_wconf 79' lang='grc' dir='ltr'>δεξιὸς</span> <span class='ocrx_word' id='word_1_698' title='bbox 2256 3277 2271 3318; x_wconf 73' lang='lat' dir='ltr'><strong><em>z</em></strong></span> <span class='ocrx_word' id='word_1_699' title='bbox 2304 3258 2556 3320; x_wconf 86' lang='grc' dir='ltr'>Ἐδόκουν</span> <span class='ocrx_word' id='word_1_700' title='bbox 2578 3259 2680 3342; x_wconf 76' lang='grc' dir='ltr'>γὰρ</span> <span class='ocrx_word' id='word_1_701' title='bbox 2699 3264 2747 3320; x_wconf 78' lang='grc' dir='ltr'>οἱ</span> <span class='ocrx_word' id='word_1_702' title='bbox 2773 3261 2996 3342; x_wconf 76' lang='grc' dir='ltr'>γεωργοὶ</span> <span class='ocrx_word' id='word_1_703' title='bbox 3025 3262 3117 3322; x_wconf 73' lang='grc' dir='ltr'>καὶ</span> <span class='ocrx_word' id='word_1_704' title='bbox 3143 3262 3373 3341; x_wconf 87' lang='grc' dir='ltr'>μάλιστα</span> <span class='ocrx_word' id='word_1_705' title='bbox 3401 3267 3449 3325; x_wconf 77' lang='grc' dir='ltr'>οἱ</span> <span class='ocrx_word' id='word_1_706' title='bbox 3478 3266 3554 3325; x_wconf 86' lang='grc' dir='ltr'>δε·</span> 
     </span>
     <span class='ocr_line' id='line_1_89' title="bbox 1988 3346 3636 3427; baseline 0.004 -22"><span class='ocrx_word' id='word_1_707' title='bbox 1988 3346 2113 3425; x_wconf 75' lang='grc' dir='ltr'>ξιοὶ,</span> <span class='ocrx_word' id='word_1_708' title='bbox 2137 3346 2549 3427; x_wconf 78' lang='grc' dir='ltr'>ἀπραγμοσύνην</span> <span class='ocrx_word' id='word_1_709' title='bbox 2573 3346 2915 3417; x_wconf 80' lang='grc' dir='ltr'>ἀσπάζεσθαι.</span> <span class='ocrx_word' id='word_1_710' title='bbox 3225 3400 3242 3417; x_wconf 83' lang='grc'>.</span> <span class='ocrx_word' id='word_1_711' title='bbox 3579 3370 3636 3412; x_wconf 69' lang='grc'>38</span> 
     </span>
    </p>

    <p class='ocr_par' dir='ltr' id='par_1_34' title="bbox 1991 3432 3553 3690">
     <span class='ocr_line' id='line_1_90' title="bbox 2074 3432 3548 3516; baseline 0.001 -22"><span class='ocrx_word' id='word_1_712' title='bbox 2074 3454 2166 3495; x_wconf 75' lang='lat'>192.</span> <span class='ocrx_word' id='word_1_713' title='bbox 2208 3433 2276 3493; x_wconf 76' lang='grc' dir='ltr'>τὰ</span> <span class='ocrx_word' id='word_1_714' title='bbox 2299 3434 2427 3514; x_wconf 83' lang='grc' dir='ltr'>κρέα</span> <span class='ocrx_word' id='word_1_715' title='bbox 2447 3455 2461 3493; x_wconf 87' lang='lat'>:</span> <span class='ocrx_word' id='word_1_716' title='bbox 2484 3432 2616 3495; x_wconf 62' lang='lat' dir='ltr'>“Ort</span> <span class='ocrx_word' id='word_1_717' title='bbox 2634 3434 2771 3494; x_wconf 77' lang='grc' dir='ltr'>κατὰ</span> <span class='ocrx_word' id='word_1_718' title='bbox 2796 3434 3051 3506; x_wconf 71' lang='grc' dir='ltr'>συστολὴν</span> <span class='ocrx_word' id='word_1_719' title='bbox 3077 3435 3271 3515; x_wconf 80' lang='grc' dir='ltr'>ἔλεγον,</span> <span class='ocrx_word' id='word_1_720' title='bbox 3295 3441 3353 3497; x_wconf 81' lang='grc' dir='ltr'>οὗ</span> <span class='ocrx_word' id='word_1_721' title='bbox 3374 3439 3548 3516; x_wconf 86' lang='grc' dir='ltr'>μόνον,</span> 
     </span>
     <span class='ocr_line' id='line_1_91' title="bbox 1991 3520 3553 3605; baseline 0.003 -25"><span class='ocrx_word' id='word_1_722' title='bbox 1991 3520 2060 3590; x_wconf 77' lang='grc' dir='ltr'>ὥς</span> <span class='ocrx_word' id='word_1_723' title='bbox 2081 3521 2209 3603; x_wconf 90' lang='grc' dir='ltr'>φασί</span> <span class='ocrx_word' id='word_1_724' title='bbox 2229 3545 2386 3594; x_wconf 88' lang='grc' dir='ltr'>τινες,</span> <span class='ocrx_word' id='word_1_725' title='bbox 2411 3524 2464 3580; x_wconf 88' lang='grc' dir='ltr'>ἐν</span> <span class='ocrx_word' id='word_1_726' title='bbox 2489 3522 2697 3582; x_wconf 88' lang='grc' dir='ltr'>ἐκτάσει</span> <span class='ocrx_word' id='word_1_727' title='bbox 2718 3521 2786 3581; x_wconf 78' lang='grc' dir='ltr'>τὰ</span> <span class='ocrx_word' id='word_1_728' title='bbox 2804 3521 2953 3602; x_wconf 88' lang='grc' dir='ltr'>κρέα.</span> <span class='ocrx_word' id='word_1_729' title='bbox 2971 3525 3040 3590; x_wconf 82' lang='grc' dir='ltr'>ὥς</span> <span class='ocrx_word' id='word_1_730' title='bbox 3054 3524 3180 3602; x_wconf 84' lang='grc' dir='ltr'>πρὸς</span> <span class='ocrx_word' id='word_1_731' title='bbox 3193 3524 3371 3605; x_wconf 90' lang='grc' dir='ltr'>λίχνον</span> <span class='ocrx_word' id='word_1_732' title='bbox 3393 3524 3448 3585; x_wconf 85' lang='grc' dir='ltr'>δὲ</span> <span class='ocrx_word' id='word_1_733' title='bbox 3462 3525 3553 3585; x_wconf 83' lang='grc' dir='ltr'>τὸν</span> 
     </span>
     <span class='ocr_line' id='line_1_92' title="bbox 1993 3608 2578 3690; baseline 0.003 -24"><span class='ocrx_word' id='word_1_734' title='bbox 1993 3609 2199 3690; x_wconf 83' lang='grc' dir='ltr'>Ἑρμῆν</span> <span class='ocrx_word' id='word_1_735' title='bbox 2226 3614 2392 3667; x_wconf 79' lang='grc' dir='ltr'>ταῦτα</span> <span class='ocrx_word' id='word_1_736' title='bbox 2419 3608 2578 3686; x_wconf 88' lang='grc' dir='ltr'>λέγει.</span> 
     </span>
    </p>

    <p class='ocr_par' dir='ltr' id='par_1_35' title="bbox 1993 3685 3643 4129">
     <span class='ocr_line' id='line_1_93' title="bbox 2076 3685 3554 3778; baseline 0.002 -22"><span class='ocrx_word' id='word_1_737' title='bbox 2076 3717 2170 3757; x_wconf 73' lang='grc'>1011.</span> <span class='ocrx_word' id='word_1_738' title='bbox 2215 3695 2521 3774; x_wconf 88' lang='grc' dir='ltr'>δειλακρίων</span> <span class='ocrx_word' id='word_1_739' title='bbox 2548 3717 2564 3756; x_wconf 88' lang='lat'>:</span> <span class='ocrx_word' id='word_1_740' title='bbox 2592 3694 2719 3756; x_wconf 81' lang='grc' dir='ltr'>Ἀπὸ</span> <span class='ocrx_word' id='word_1_741' title='bbox 2743 3698 2848 3754; x_wconf 89' lang='grc' dir='ltr'>τῶν</span> <span class='ocrx_word' id='word_1_742' title='bbox 2870 3698 3035 3777; x_wconf 89' lang='grc' dir='ltr'>κρεῶν</span> <span class='ocrx_word' id='word_1_743' title='bbox 3059 3700 3254 3778; x_wconf 79' lang='grc' dir='ltr'>συνῆψε</span> <span class='ocrx_word' id='word_1_744' title='bbox 3277 3697 3338 3757; x_wconf 81' lang='grc' dir='ltr'>τὸ</span> <span class='ocrx_word' id='word_1_745' title='bbox 3362 3685 3528 3778; x_wconf 80' lang='grc' dir='ltr'>ὄνομα</span> <span class='ocrx_word' id='word_1_746' title='bbox 3537 3746 3554 3774; x_wconf 88' lang='grc'>,</span> 
     </span>
     <span class='ocr_line' id='line_1_94' title="bbox 1993 3773 3643 3866; baseline 0.001 -22"><span class='ocrx_word' id='word_1_747' title='bbox 1993 3778 2098 3844; x_wconf 72' lang='grc' dir='ltr'>οἷον</span> <span class='ocrx_word' id='word_1_748' title='bbox 2130 3773 2175 3843; x_wconf 73' lang='grc' dir='ltr'><em>ὦ</em></span> <span class='ocrx_word' id='word_1_749' title='bbox 2195 3783 2367 3863; x_wconf 82' lang='grc' dir='ltr'>ἄκρως</span> <span class='ocrx_word' id='word_1_750' title='bbox 2396 3781 2559 3854; x_wconf 77' lang='grc' dir='ltr'>δειλὲ,</span> <span class='ocrx_word' id='word_1_751' title='bbox 2585 3782 2744 3859; x_wconf 82' lang='grc' dir='ltr'>ἤγουν</span> <span class='ocrx_word' id='word_1_752' title='bbox 2765 3779 3000 3842; x_wconf 86' lang='grc' dir='ltr'>ἐπίπονε.</span> <span class='ocrx_word' id='word_1_753' title='bbox 3037 3779 3177 3860; x_wconf 82' lang='grc' dir='ltr'>(ἰδὼν</span> <span class='ocrx_word' id='word_1_754' title='bbox 3197 3782 3299 3864; x_wconf 77' lang='grc' dir='ltr'>γὰρ</span> <span class='ocrx_word' id='word_1_755' title='bbox 3329 3784 3397 3845; x_wconf 76' lang='grc' dir='ltr'>τὰ</span> <span class='ocrx_word' id='word_1_756' title='bbox 3427 3787 3558 3866; x_wconf 82' lang='grc' dir='ltr'>κρέα</span> <span class='ocrx_word' id='word_1_757' title='bbox 3585 3803 3643 3845; x_wconf 74' lang='lat' dir='ltr'>m</span> 
     </span>
     <span class='ocr_line' id='line_1_95' title="bbox 1994 3868 3561 3957; baseline 0.001 -25"><span class='ocrx_word' id='word_1_758' title='bbox 1994 3872 2086 3932; x_wconf 75' lang='grc' dir='ltr'>καὶ</span> <span class='ocrx_word' id='word_1_759' title='bbox 2111 3870 2291 3930; x_wconf 76' lang='grc' dir='ltr'>λαὸὼν</span> <span class='ocrx_word' id='word_1_760' title='bbox 2327 3868 2463 3929; x_wconf 75' lang='grc' dir='ltr'>αὐτὰ</span> <span class='ocrx_word' id='word_1_761' title='bbox 2485 3869 2635 3938; x_wconf 77' lang='grc' dir='ltr'>εὐθὺς</span> <span class='ocrx_word' id='word_1_762' title='bbox 2661 3869 3116 3942; x_wconf 80' lang='grc' dir='ltr'>κατακέκλασται,</span> <span class='ocrx_word' id='word_1_763' title='bbox 3152 3870 3245 3930; x_wconf 73' lang='grc' dir='ltr'>καὶ</span> <span class='ocrx_word' id='word_1_764' title='bbox 3271 3871 3369 3944; x_wconf 80' lang='grc' dir='ltr'>τὴν</span> <span class='ocrx_word' id='word_1_765' title='bbox 3400 3873 3561 3957; x_wconf 77' lang='grc' dir='ltr'>ὀργὴν</span> 
     </span>
     <span class='ocr_line' id='line_1_96' title="bbox 1995 3951 3563 4039; baseline 0.003 -20"><span class='ocrx_word' id='word_1_766' title='bbox 1995 3956 2450 4039; x_wconf 70' lang='grc' dir='ltr'>μεταὸαλλόμενος</span> <span class='ocrx_word' id='word_1_767' title='bbox 2483 3960 2619 4018; x_wconf 83' lang='grc' dir='ltr'>ἐλεεῖ</span> <span class='ocrx_word' id='word_1_768' title='bbox 2658 3957 2856 4036; x_wconf 80' lang='grc' dir='ltr'>αὐτόν.)</span> <span class='ocrx_word' id='word_1_769' title='bbox 2882 3996 2953 4006; x_wconf 94' lang='lat'>-</span> <span class='ocrx_word' id='word_1_770' title='bbox 2989 3956 3294 4028; x_wconf 80' lang='grc' dir='ltr'>συνέπλεξεν</span> <span class='ocrx_word' id='word_1_771' title='bbox 3331 3951 3421 4021; x_wconf 71' lang='grc' dir='ltr'>οὗν</span> <span class='ocrx_word' id='word_1_772' title='bbox 3456 3970 3563 4031; x_wconf 86' lang='grc' dir='ltr'>τοῖς</span> 
     </span>
     <span class='ocr_line' id='line_1_97' title="bbox 1994 4045 3020 4129; baseline -0.005 -21"><span class='ocrx_word' id='word_1_773' title='bbox 1994 4047 2177 4129; x_wconf 85' lang='grc' dir='ltr'>κρέασι</span> <span class='ocrx_word' id='word_1_774' title='bbox 2203 4045 2263 4106; x_wconf 81' lang='grc' dir='ltr'>τὸ</span> <span class='ocrx_word' id='word_1_775' title='bbox 2285 4045 2470 4105; x_wconf 89' lang='grc' dir='ltr'>δειλόν.</span> <span class='ocrx_word' id='word_1_776' title='bbox 2491 4045 2597 4104; x_wconf 81' lang='grc' dir='ltr'>ἀπὸ</span> <span class='ocrx_word' id='word_1_777' title='bbox 2619 4049 2721 4105; x_wconf 87' lang='grc' dir='ltr'>τῶν</span> <span class='ocrx_word' id='word_1_778' title='bbox 2745 4048 2927 4126; x_wconf 88' lang='grc' dir='ltr'>κρεῶν.</span> <span class='ocrx_word' id='word_1_779' title='bbox 2958 4056 3020 4103; x_wconf 86' lang='lat' dir='ltr'>V.</span> 
     </span>
    </p>

    <p class='ocr_par' dir='ltr' id='par_1_36' title="bbox 1998 4131 3561 4303">
     <span class='ocr_line' id='line_1_98' title="bbox 2073 4131 3560 4216; baseline 0.002 -23"><span class='ocrx_word' id='word_1_780' title='bbox 2073 4134 2320 4216; x_wconf 90' lang='grc' dir='ltr'>γλίσχρον</span> <span class='ocrx_word' id='word_1_781' title='bbox 2349 4155 2364 4195; x_wconf 77' lang='lat' dir='ltr'><em>z</em></span> <span class='ocrx_word' id='word_1_782' title='bbox 2394 4135 2509 4194; x_wconf 75' lang='grc' dir='ltr'>ἀντὶ</span> <span class='ocrx_word' id='word_1_783' title='bbox 2535 4140 2627 4193; x_wconf 80' lang='grc' dir='ltr'>τοῦ</span> <span class='ocrx_word' id='word_1_784' title='bbox 2656 4131 2980 4212; x_wconf 82' lang='grc' dir='ltr'>ἐπιθυμητὰ,</span> <span class='ocrx_word' id='word_1_785' title='bbox 3016 4134 3121 4193; x_wconf 85' lang='grc' dir='ltr'>ἀπὸ</span> <span class='ocrx_word' id='word_1_786' title='bbox 3149 4139 3241 4193; x_wconf 77' lang='grc' dir='ltr'>τοῦ</span> <span class='ocrx_word' id='word_1_787' title='bbox 3267 4134 3560 4215; x_wconf 84' lang='grc' dir='ltr'>γλίχεσθαι.</span> 
     </span>
     <span class='ocr_line' id='line_1_99' title="bbox 1998 4220 3561 4303; baseline -0.001 -20"><span class='ocrx_word' id='word_1_788' title='bbox 1998 4223 2341 4303; x_wconf 86' lang='grc' dir='ltr'>(γλίσχρωνας</span> <span class='ocrx_word' id='word_1_789' title='bbox 2373 4220 2429 4280; x_wconf 78' lang='grc' dir='ltr'>δὲ</span> <span class='ocrx_word' id='word_1_790' title='bbox 2452 4220 2570 4289; x_wconf 73' lang='grc' dir='ltr'>τοὺς</span> <span class='ocrx_word' id='word_1_791' title='bbox 2600 4223 2810 4302; x_wconf 76' lang='grc' dir='ltr'>ἀτυχεῖς</span> <span class='ocrx_word' id='word_1_792' title='bbox 2841 4220 3056 4280; x_wconf 81' lang='grc' dir='ltr'>εἰώθασι</span> <span class='ocrx_word' id='word_1_793' title='bbox 3089 4220 3274 4300; x_wconf 84' lang='grc' dir='ltr'>λέγειν,</span> <span class='ocrx_word' id='word_1_794' title='bbox 3317 4225 3408 4282; x_wconf 74' lang='grc' dir='ltr'>καὶ</span> <span class='ocrx_word' id='word_1_795' title='bbox 3441 4226 3561 4301; x_wconf 86' lang='grc' dir='ltr'>γλι-</span> 
     </span>
    </p>
   </div>
   <div class='ocr_carea' id='block_1_11' title="bbox 1996 4302 3645 4474">
    <p class='ocr_par' dir='ltr' id='par_1_37' title="bbox 1996 4302 3645 4474">
     <span class='ocr_line' id='line_1_100' title="bbox 1996 4302 3645 4393; baseline 0 -23"><span class='ocrx_word' id='word_1_796' title='bbox 1996 4310 2186 4393; x_wconf 87' lang='grc' dir='ltr'>σχρίαν</span> <span class='ocrx_word' id='word_1_797' title='bbox 2211 4310 2307 4382; x_wconf 80' lang='grc' dir='ltr'>τὴν</span> <span class='ocrx_word' id='word_1_798' title='bbox 2331 4308 2573 4390; x_wconf 80' lang='grc' dir='ltr'>ἀτυχίαν,</span> <span class='ocrx_word' id='word_1_799' title='bbox 2598 4310 2715 4388; x_wconf 76' lang='grc' dir='ltr'>[καὶ</span> <span class='ocrx_word' id='word_1_800' title='bbox 2737 4309 2999 4391; x_wconf 90' lang='grc' dir='ltr'>γλίσχρως</span> <span class='ocrx_word' id='word_1_801' title='bbox 3016 4309 3339 4391; x_wconf 85' lang='grc' dir='ltr'>ὀλισθηρῶς].</span> <span class='ocrx_word' id='word_1_802' title='bbox 3361 4316 3448 4369; x_wconf 77' lang='grc' dir='ltr'>νῦν</span> <span class='ocrx_word' id='word_1_803' title='bbox 3472 4302 3560 4370; x_wconf 66' lang='grc' dir='ltr'>οὖν</span> <span class='ocrx_word' id='word_1_804' title='bbox 3589 4332 3645 4371; x_wconf 66' lang='grc' dir='ltr'>(ε</span> 
     </span>
     <span class='ocr_line' id='line_1_101' title="bbox 1998 4397 2621 4474; baseline 0.002 -17"><span class='ocrx_word' id='word_1_805' title='bbox 1998 4399 2114 4458; x_wconf 80' lang='grc' dir='ltr'>ἀντὶ</span> <span class='ocrx_word' id='word_1_806' title='bbox 2134 4404 2227 4457; x_wconf 81' lang='grc' dir='ltr'>τοῦ</span> <span class='ocrx_word' id='word_1_807' title='bbox 2250 4397 2508 4474; x_wconf 82' lang='grc' dir='ltr'>ἐπίπονε.)</span> <span class='ocrx_word' id='word_1_808' title='bbox 2615 4438 2621 4444; x_wconf 89' lang='lat'><strong>·</strong></span> 
     </span>
    </p>
   </div>
   <div class='ocr_carea' id='block_1_12' title="bbox 1994 4474 3652 5088">
    <p class='ocr_par' dir='ltr' id='par_1_38' title="bbox 1994 4474 3565 4655">
     <span class='ocr_line' id='line_1_102' title="bbox 2081 4474 3565 4565; baseline -0.003 -19"><span class='ocrx_word' id='word_1_809' title='bbox 2081 4506 2174 4548; x_wconf 73' lang='grc'>104.</span> <span class='ocrx_word' id='word_1_810' title='bbox 2216 4489 2286 4552; x_wconf 81' lang='grc' dir='ltr'>ὡς</span> <span class='ocrx_word' id='word_1_811' title='bbox 2311 4482 2479 4544; x_wconf 78' lang='grc' dir='ltr'>οὐκέτ’</span> <span class='ocrx_word' id='word_1_812' title='bbox 2511 4474 2644 4543; x_wconf 75' lang='grc' dir='ltr'>εἶναί</span> <span class='ocrx_word' id='word_1_813' title='bbox 2679 4505 2760 4543; x_wconf 93' lang='grc' dir='ltr'>σοι</span> <span class='ocrx_word' id='word_1_814' title='bbox 2798 4484 2935 4542; x_wconf 85' lang='grc' dir='ltr'>δοκῶ</span> <span class='ocrx_word' id='word_1_815' title='bbox 2969 4503 2983 4542; x_wconf 87' lang='lat'>:</span> <span class='ocrx_word' id='word_1_816' title='bbox 3014 4479 3145 4543; x_wconf 67' lang='grc' dir='ltr'>εὈτι</span> <span class='ocrx_word' id='word_1_817' title='bbox 3182 4482 3468 4565; x_wconf 83' lang='grc' dir='ltr'>φιλοτίμως</span> <span class='ocrx_word' id='word_1_818' title='bbox 3494 4484 3565 4552; x_wconf 82' lang='grc' dir='ltr'>εἰς</span> 
     </span>
     <span class='ocr_line' id='line_1_103' title="bbox 1994 4570 2572 4655; baseline -0.005 -21"><span class='ocrx_word' id='word_1_819' title='bbox 1994 4574 2084 4634; x_wconf 81' lang='grc' dir='ltr'>τὸν</span> <span class='ocrx_word' id='word_1_820' title='bbox 2117 4573 2332 4655; x_wconf 81' lang='grc' dir='ltr'>οὖρανὸν</span> <span class='ocrx_word' id='word_1_821' title='bbox 2361 4570 2572 4643; x_wconf 67' lang='grc' dir='ltr'>ἀνέδην.</span> 
     </span>
    </p>

    <p class='ocr_par' dir='ltr' id='par_1_39' title="bbox 1996 4656 3652 5002">
     <span class='ocr_line' id='line_1_104' title="bbox 2082 4656 3565 4741; baseline -0.002 -19"><span class='ocrx_word' id='word_1_822' title='bbox 2082 4682 2172 4722; x_wconf 65' lang='grc'>195.</span> <span class='ocrx_word' id='word_1_823' title='bbox 2215 4660 2269 4733; x_wconf 75' lang='grc' dir='ltr'>ἰὴ</span> <span class='ocrx_word' id='word_1_824' title='bbox 2295 4659 2347 4731; x_wconf 78' lang='grc' dir='ltr'>ἰὴ</span> <span class='ocrx_word' id='word_1_825' title='bbox 2372 4659 2425 4731; x_wconf 80' lang='grc' dir='ltr'>ἰὴ</span> <span class='ocrx_word' id='word_1_826' title='bbox 2447 4681 2462 4719; x_wconf 76' lang='grc' dir='ltr'>ε</span> <span class='ocrx_word' id='word_1_827' title='bbox 2481 4659 2562 4719; x_wconf 79' lang='grc' dir='ltr'>Τὸ</span> <span class='ocrx_word' id='word_1_828' title='bbox 2587 4663 2752 4736; x_wconf 89' lang='grc' dir='ltr'>μῆκος</span> <span class='ocrx_word' id='word_1_829' title='bbox 2765 4656 3036 4736; x_wconf 89' lang='grc' dir='ltr'>σημαίνων</span> <span class='ocrx_word' id='word_1_830' title='bbox 3055 4657 3210 4718; x_wconf 76' lang='grc' dir='ltr'>τοῦτό</span> <span class='ocrx_word' id='word_1_831' title='bbox 3231 4682 3378 4741; x_wconf 88' lang='grc' dir='ltr'>φησι.</span> <span class='ocrx_word' id='word_1_832' title='bbox 3401 4657 3565 4740; x_wconf 88' lang='grc' dir='ltr'>πρόσ·</span> 
     </span>
     <span class='ocr_line' id='line_1_105' title="bbox 1996 4749 3652 4832; baseline -0.005 -22"><span class='ocrx_word' id='word_1_833' title='bbox 1996 4755 2202 4832; x_wconf 80' lang='grc' dir='ltr'>φθεγμα</span> <span class='ocrx_word' id='word_1_834' title='bbox 2239 4749 2294 4807; x_wconf 71' lang='grc' dir='ltr'>δι’</span> <span class='ocrx_word' id='word_1_835' title='bbox 2326 4751 2436 4807; x_wconf 74' lang='grc' dir='ltr'>ἐστι</span> <span class='ocrx_word' id='word_1_836' title='bbox 2464 4750 2928 4828; x_wconf 78' lang='grc' dir='ltr'>καταφρονοῦντος.</span> <span class='ocrx_word' id='word_1_837' title='bbox 3592 4761 3652 4804; x_wconf 78' lang='grc' dir='ltr'>ω</span> 
     </span>
     <span class='ocr_line' id='line_1_106' title="bbox 2080 4824 3564 4912; baseline -0.002 -16"><span class='ocrx_word' id='word_1_838' title='bbox 2080 4855 2171 4896; x_wconf 75' lang='grc'>190.</span> <span class='ocrx_word' id='word_1_839' title='bbox 2213 4834 2288 4894; x_wconf 73' lang='grc' dir='ltr'>ὅτ’</span> <span class='ocrx_word' id='word_1_840' title='bbox 2324 4831 2442 4893; x_wconf 68' lang='grc' dir='ltr'>οὐδὲ</span> <span class='ocrx_word' id='word_1_841' title='bbox 2461 4832 2668 4910; x_wconf 81' lang='grc' dir='ltr'>μέλλεις</span> <span class='ocrx_word' id='word_1_842' title='bbox 2689 4852 2704 4893; x_wconf 86' lang='lat'>:</span> <span class='ocrx_word' id='word_1_843' title='bbox 2732 4834 2814 4893; x_wconf 82' lang='grc' dir='ltr'>Οὐ</span> <span class='ocrx_word' id='word_1_844' title='bbox 2840 4831 3016 4909; x_wconf 88' lang='grc' dir='ltr'>μόνον,</span> <span class='ocrx_word' id='word_1_845' title='bbox 3039 4832 3217 4912; x_wconf 75' lang='grc' dir='ltr'>φησὶν,</span> <span class='ocrx_word' id='word_1_846' title='bbox 3236 4836 3331 4894; x_wconf 81' lang='grc' dir='ltr'>οὐκ</span> <span class='ocrx_word' id='word_1_847' title='bbox 3354 4824 3403 4893; x_wconf 73' lang='grc' dir='ltr'>εἷ</span> <span class='ocrx_word' id='word_1_848' title='bbox 3417 4834 3564 4906; x_wconf 87' lang='grc' dir='ltr'>πλη-</span> 
     </span>
     <span class='ocr_line' id='line_1_107' title="bbox 1999 4918 3563 5002; baseline -0.002 -19"><span class='ocrx_word' id='word_1_849' title='bbox 1999 4923 2109 4983; x_wconf 88' lang='grc' dir='ltr'>σίον</span> <span class='ocrx_word' id='word_1_850' title='bbox 2131 4926 2235 4982; x_wconf 87' lang='grc' dir='ltr'>τῶν</span> <span class='ocrx_word' id='word_1_851' title='bbox 2275 4924 2424 4992; x_wconf 88' lang='grc' dir='ltr'>θεῶν,</span> <span class='ocrx_word' id='word_1_852' title='bbox 2455 4919 2571 4978; x_wconf 82' lang='grc' dir='ltr'>ἀλλ’</span> <span class='ocrx_word' id='word_1_853' title='bbox 2612 4918 2728 4979; x_wconf 79' lang='grc' dir='ltr'>οὐδὲ</span> <span class='ocrx_word' id='word_1_854' title='bbox 2766 4918 2990 4996; x_wconf 88' lang='grc' dir='ltr'>μέλλεις.</span> <span class='ocrx_word' id='word_1_855' title='bbox 3025 4918 3340 5002; x_wconf 84' lang='grc' dir='ltr'>μετῴκησαν</span> <span class='ocrx_word' id='word_1_856' title='bbox 3373 4920 3474 5001; x_wconf 81' lang='grc' dir='ltr'>γὰρ</span> <span class='ocrx_word' id='word_1_857' title='bbox 3497 4919 3563 4980; x_wconf 86' lang='grc' dir='ltr'>δι’</span> 
     </span>
    </p>

    <p class='ocr_par' dir='ltr' id='par_1_40' title="bbox 1999 5004 2887 5088">
     <span class='ocr_line' id='line_1_108' title="bbox 1999 5004 2887 5088; baseline -0.003 -20"><span class='ocrx_word' id='word_1_858' title='bbox 1999 5013 2162 5088; x_wconf 77' lang='grc' dir='ltr'>ῧμᾶς,</span> <span class='ocrx_word' id='word_1_859' title='bbox 2185 5007 2284 5085; x_wconf 77' lang='grc' dir='ltr'>(ὅτι</span> <span class='ocrx_word' id='word_1_860' title='bbox 2310 5009 2369 5067; x_wconf 84' lang='grc' dir='ltr'>οὖ</span> <span class='ocrx_word' id='word_1_861' title='bbox 2396 5004 2616 5086; x_wconf 84' lang='grc' dir='ltr'>βλέπετε</span> <span class='ocrx_word' id='word_1_862' title='bbox 2639 5004 2887 5086; x_wconf 74' lang='grc' dir='ltr'>εἰρήνην).</span> 
     </span>
    </p>
   </div>
  </div>
 </body>
</html>
