3859 5725
316 252 430 304 500

312 372 677 449 συνέμπτωσις
721 363 961 446 γενέσθαι
1000 365 1078 444 τῷ
1125 362 1463 424 Dindorfius
1508 374 1567 420 et
1604 359 1845 421 Schnei-

353 479 503 518 erus.

312 459 350 519 d
394 568 468 605 22
516 551 646 605 Put.
688 541 913 622 μάθοιμι
953 538 1220 616 δηλονότι,
1265 540 1339 599 ad
1366 543 1480 608 πῶς
1521 537 1584 598 ἂν
1628 527 1739 611 οὗν,
1781 547 1846 594 ut

310 636 561 695 videtur.

394 725 491 782 25.
532 727 658 781 Hoc
686 720 948 780 scholion
979 739 1011 777 a
1041 739 1118 777 m.
1150 738 1264 776 rec.
1288 718 1352 776 in
1382 719 1600 778 codice.
1625 721 1751 775 Put.
1772 710 1847 771 ad

312 834 368 871 v.
403 832 498 884 27,
523 808 684 886 ἤγουν
715 809 803 866 διὰ
827 806 888 865 τὸ
916 804 1110 886 θυρίον.

392 901 491 972 32,
547 898 600 957 5.
653 901 744 956 Ex
790 896 899 954 hac
943 893 1382 971 computatione
1432 906 1534 951 aut
1585 889 1848 970 Agathou

314 994 426 1054 414
453 984 704 1062 primum
734 983 959 1054 vicerit,
983 994 1083 1038 aut
1100 980 1716 1058 Thesmophoriazusae
1733 977 1846 1045 413

311 1075 448 1131 data
478 1072 671 1130 fuerit.
713 1071 828 1129 Sed
862 1069 1223 1146 Agathonem
1252 1070 1521 1126 novimus
1546 1067 1849 1146 Euphemo

311 1162 592 1221 archonte
639 1160 844 1216 vicisse
906 1167 1083 1234 atque
1130 1156 1444 1213 eorundem
1500 1155 1849 1214 scholiorum

311 1249 428 1307 alio
452 1247 583 1305 loco
612 1247 760 1304 hauc
790 1245 1191 1322 Aristophanis
1226 1243 1480 1302 fabulam
1503 1256 1669 1301 sexto
1696 1262 1849 1300 anno

313 1351 445 1395 ante
505 1357 679 1414 quam
743 1335 1052 1413 Euripides
1108 1347 1351 1392 mortem
1409 1332 1621 1391 obierit
1664 1345 1849 1392 actam

314 1426 490 1483 fuisse
550 1424 816 1494 traditur,
861 1424 1019 1502 quod
1082 1436 1309 1500 tempus
1363 1422 1475 1480 alia
1527 1422 1851 1481 testimonia

313 1513 677 1571 confirmant.
708 1517 910 1589 Itaque
945 1513 1096 1569 inter
1122 1512 1366 1590 primam
1404 1511 1725 1588 Agathonis
1761 1512 1851 1568 vi-

313 1601 553 1658 ctoriam
581 1612 639 1658 et
662 1597 1194 1680 Θεσμοφοριαζούσας
1223 1612 1406 1656 actam
1438 1607 1699 1674 quiaque,
1735 1618 1849 1657 non

315 1701 431 1747 tres
503 1689 639 1747 anni
714 1689 1000 1766 interjecti
1061 1688 1313 1745 fuerunt.
1363 1685 1655 1746 Cum-on.
1701 1692 1851 1746 Fast.

314 1776 463 1834 nell.
490 1796 550 1853 p.
582 1796 780 1834 xxxin
809 1775 901 1835 ed.
928 1779 1113 1852 Kriig.

396 1863 492 1938 39,
535 1871 600 1930 14
639 1876 772 1921 ante
797 1871 901 1932 πᾶς
928 1862 1210 1922 excidisse
1234 1861 1419 1920 videri
1442 1859 1672 1944 εὔφημος
1697 1875 1855 1922 recte

314 1951 724 2009 animadvertit
745 1951 1100 2010 Dindorfius.

400 2041 473 2098 52
504 2042 944 2121 καταχρηστικῶς
981 2038 1036 2099 δὲ
1075 2034 1328 2117 προοίμια
1365 2039 1570 2098 Suidas
1603 2059 1649 2097 s.
1678 2036 1852 2120 Δρύο-

317 2148 433 2207 χοι,
460 2139 594 2205 post
617 2125 745 2194 νεώς
770 2128 805 2185 l.
830 2149 926 2185 21.

401 2217 473 2275 53
518 2214 928 2294 οἰκοδομούντων
966 2218 1276 2277 Bekkerus.
1319 2216 1517 2279 Codex
1557 2213 1851 2275 οἰκούντων.

397 2307 466 2360 61
508 2303 694 2362 codex
718 2303 1008 2383 συγκάψας.

399 2391 498 2460 68,
530 2392 603 2449 35
648 2389 741 2455 τὰς
789 2389 989 2449 abesse
1023 2392 1235 2451 malim.
1274 2397 1453 2451 Dum.
1487 2391 1650 2451 Idem
1685 2392 1759 2450 ad
1793 2389 1855 2450 τὸ

318 2484 572 2556 σημεῖον,
616 2478 655 2534 l.
699 2480 812 2554 39:
844 2479 1056 2547 «Quod
1101 2481 1442 2557 plerumque
1493 2480 1709 2538 dicitur
1750 2503 1855 2551 ση-

321 2566 546 2641 μείωσαι
569 2566 661 2623 vel
686 2564 1028 2642 σημειωτέον.
1056 2593 1082 2618 2.

400 2655 494 2727 80,
520 2662 611 2721 41.
655 2652 903 2712 Eandem
935 2656 1308 2731 quaestionem
1350 2657 1627 2734 proponit
1666 2661 1855 2734 Hesy-

319 2740 518 2812 chius»,
548 2739 720 2822 Τρίτη
758 2742 1137 2824 Θεσμοφορίων
1166 2766 1180 2801 2
1212 2746 1442 2816 ζητεῖται
1471 2747 1584 2812 πῶς
1616 2743 1730 2823 ἅμα
1758 2742 1854 2823 μὲν

318 2827 463 2908 λέγει
513 2828 694 2911 τρίτην
748 2831 1129 2914 Θεσμοφορίων
1174 2822 1333 2906 εἶναι,
1385 2831 1499 2912 ἅμα
1550 2831 1605 2893 δὲ
1652 2831 1853 2913 μέσην,

319 2916 582 3000 τεττάρων
602 2920 769 2978 οὐσῶν
792 2922 1024 3000 ἡμερῶν.
1047 2925 1190 2979 Cum
1218 2922 1501 3000 proximis
1537 2923 1857 2982 scholiastae

320 3009 512 3068 verbis
540 3011 826 3069 consentit
854 3010 1092 3069 Photius
1121 3030 1178 3088 p.
1205 3012 1303 3085 87,
1331 3031 1400 3068 21
1432 3034 1446 3068 :
1475 3011 1855 3095 Θεσμοφορίων

318 3095 519 3179 ἡμέραι
548 3099 619 3156 δ’·
643 3096 835 3170 δεκάτη
864 3097 1113 3177 (δεκάτην
1137 3099 1278 3157 dicit
1320 3101 1711 3182 Πυανεψιῶνος)
1743 3102 1859 3161 Θε-

321 3186 584 3266 σμοφόρια
617 3187 719 3264 (sic
745 3185 865 3245 κατ’
888 3184 1076 3267 ἐξοχὴν
1104 3187 1312 3266 dicta),
1336 3188 1586 3257 ἑνδεκάτη
1608 3187 1856 3267 κάθοδος,

322 3274 590 3346 δωδεκάτη
631 3272 881 3349 νηστεία,
921 3275 1330 3355 τρισκαιδεκάτη
1374 3274 1757 3355 Καλλιγένεια·
1799 3289 1858 3336 et

321 3363 534 3420 omissa
555 3361 778 3421 dierum
807 3363 1019 3420 mensis
1042 3362 1336 3421 notatione
1362 3364 1643 3442 Alciphro
1673 3365 1726 3438 3,
1752 3368 1855 3443 39:

319 3454 355 3521 ἡ
380 3455 468 3507 νῦν
497 3451 705 3508 ἑστῶσα
733 3448 1030 3523 σεμνοτάτη
1060 3447 1441 3531 Θεσμοφορίων
1473 3451 1627 3532 ἑορτή
1646 3477 1659 3490 ·
1692 3458 1727 3526 ἡ
1761 3452 1858 3532 μὲν

320 3536 420 3617 γὰρ
462 3535 641 3603 ἄνοδος
697 3534 833 3594 κατὰ
896 3534 995 3609 τὴν
1038 3535 1255 3619 πρώτην
1295 3536 1505 3615 γέγονεν
1544 3539 1781 3621 ἡμέραν,
1823 3546 1858 3615 ἡ

322 3624 540 3693 νηστεία
563 3622 618 3681 δὲ
646 3622 705 3681 τὸ
729 3623 958 3705 τήμερον
986 3615 1122 3683 εἶναι
1147 3625 1274 3707 παρ’
1303 3624 1589 3696 Ἀθηναίοις
1615 3628 1859 3709 ἑορτάζε-

321 3733 439 3784 ται,
478 3709 546 3769 τὰ
589 3708 943 3787 Καλλιγένεια
989 3711 1044 3771 δὲ
1089 3714 1161 3780 εἰς
1201 3711 1297 3785 τὴν
1341 3715 1592 3774 ἐπιοῦσαν
1634 3715 1858 3776 θύουσιν.

323 3802 604 3861 Dissentit
645 3804 1009 3877 Plutarchus,
1053 3805 1153 3881 qui
1192 3804 1436 3876 νηστείαν
1479 3807 1595 3867 diei
1638 3807 1862 3867 decimo

323 3904 490 3949 sexto
541 3892 962 3970 Pyanepsionis
1016 3893 1323 3968 adscribit,
1370 3915 1477 3953 suo
1535 3898 1760 3974 potius,
1798 3912 1864 3957 ut

324 3979 560 4056 opinor,
585 3998 785 4037 errore
814 4000 1008 4058 quam,
1033 4000 1162 4057 quae
1191 3983 1427 4041 Prelleri
1453 3985 1733 4043 sententia
1756 3998 1863 4057 est,

324 4066 693 4124 librariorum
725 4068 920 4145 culpa,
945 4069 1006 4126 in
1036 4069 1172 4127 vita
1205 4072 1504 4130 Demosth.
1529 4094 1579 4132 c.
1623 4075 1729 4131 30:
1755 4096 1861 4132 κα-

321 4153 572 4235 τέστρεψε
609 4154 655 4213 δ’
683 4153 811 4235 ἕκτῃ
854 4156 942 4214 ἐπὶ
974 4155 1102 4216 δέκα
1132 4162 1226 4216 τοῦ
1269 4161 1638 4242 Πυανεψιῶνος
1669 4162 1864 4240 μηνὸς,

324 4244 376 4301 ἐν
409 4233 563 4322 ᾗτὴν
608 4244 1052 4325 σκυθρωποτάτην
1087 4248 1191 4305 τῶν
1233 4248 1616 4331 Θεσμοφορίων
1656 4250 1862 4331 ἡμέραν

325 4329 547 4409 ἄγουσαι
574 4329 720 4412 παρὰ
742 4336 809 4412 τῇ
834 4336 936 4415 θεῷ
968 4333 1302 4404 νηστεύουσιν
1329 4339 1384 4394 αἱ
1409 4345 1668 4414 γυναῖκες.
1703 4342 1866 4397 Cete-

326 4437 454 4475 rum
482 4438 651 4496 quam
687 4421 929 4480 Photius
955 4421 1174 4481 κάθοδον
1199 4423 1376 4499 dicit,
1415 4445 1535 4484 non
1574 4426 1864 4484 diversam

327 4526 453 4564 esse
495 4505 570 4565 ab
612 4527 679 4566 ea
725 4529 900 4587 quam
948 4508 1132 4569 ἄνοδον
1189 4525 1362 4571 vocat
1413 4514 1744 4583 scholiasta,
1792 4534 1867 4572 ex

328 4594 551 4653 scholio
577 4596 691 4654 585
720 4611 978 4675 apparet.
1007 4597 1220 4659 Ἀνόδου
1249 4620 1459 4659 nomen
1487 4601 1729 4674 Στηνίοις
1757 4605 1866 4662 tri-

331 4681 459 4740 buit
483 4683 718 4743 Photius
744 4705 799 4763 p.
828 4688 960 4758 538,
991 4707 1059 4763 9,
1089 4687 1183 4746 die
1221 4709 1380 4748 nono
1407 4691 1617 4748 mensis
1653 4695 1866 4766 Pyane·

336 4769 555 4846 psionis
583 4772 886 4832 celebratis
914 4797 927 4833 ε
965 4775 1116 4833 conf.
1137 4775 1317 4835 schol.
1345 4777 1417 4834 ad
1443 4797 1494 4834 v.
1517 4777 1652 4845 834.
1683 4784 1864 4844 Duco,

336 4865 502 4925 -44
551 4860 915 4920 scribendum
949 4861 1100 4941 τρίτη
1146 4861 1202 4922 δὲ
1241 4862 1414 4923 οὔ.-
1438 4865 1533 4934 45.
1558 4866 1696 4944 Ejus
1728 4888 1864 4927 usus

338 4958 567 5023 poterat
605 4948 914 5009 scholiasta
937 4952 1280 5012 celebriores
1308 4974 1543 5032 quoque
1572 4969 1745 5014 testes
1782 4956 1865 5015 ci-

1444 225 1898 292 ADNOTATIO
1941 225 2022 287 IN
2063 225 2328 289 SCHOL.

1933 355 2164 437 πέμπτῳ
2209 355 2300 417 καὶ
2344 355 2602 438 δεκάτῳ)·
2649 357 2960 420 Pindarum
3013 357 3083 417 fr.
3133 357 3350 417 Thren.
3394 357 3432 414 6
3453 378 3472 414 ε

1932 441 2094 523 πέφνε
2135 442 2191 503 δὲ
2235 453 2375 526 τρεῖς
2419 446 2509 506 καὶ
2560 445 2668 507 δέκ’
2718 446 2934 523 ἄνδρας·
2959 445 3196 527 τετράτῳ
3238 445 3284 504 δ’
3314 443 3475 512 αὗτὸς

1933 530 2163 603 πεδάθη·
2204 534 2272 593 fr.
2300 536 2415 594 inc.
2451 536 2524 605 54
2548 559 2561 594 :
2588 534 2725 595 τέκν’
2765 533 3283 619 ἔπεφνεν-δυώδεκ’
3309 535 3473 594 αὐτὸν

1935 617 1991 678 δὲ
2028 619 2227 700 τρίτον,
2273 624 2386 681 nisi
2428 624 2522 683 hic
2564 624 2801 702 quidem
2844 625 3185 684 exciderunt
3227 625 3475 701 reliqua.

1935 713 2296 767 Sentinas.
2326 710 2547 770 ibid.-
2568 715 2643 781 46
2675 715 2896 771 ἑκαταῖα
2922 714 3128 785 codex,
3160 712 3320 790 quod
3349 729 3478 770 cor-

1937 797 2087 854 rexit
2117 797 2476 859 Dindorfius.
2499 806 2694 860 Poetae
2721 802 2888 877 lyrici
2914 801 3097 875 yerba
3123 819 3250 858 esse
3271 800 3473 858 viden·

1939 896 2059 959 tur,
2088 886 2275 946 ἐκταία
2308 887 2355 945 δ’
2388 891 2469 951 ἐκ.
2499 911 2678 948 clu—1
2732 889 3065 961 ἀποδεκάτην
3102 889 3310 947 codex.
3330 921 3414 931 —
3437 888 3474 945 3

1937 972 2074 1032 κατὰ
2137 975 2488 1057 Καλλίμαχον
2553 979 2838 1038 Prellerus
2899 980 2958 1037 in
3022 976 3476 1038 Zimmermanni

1938 1062 2137 1121 Diario
2164 1085 2216 1124 a.
2250 1067 2418 1132 1835,
2448 1087 2505 1145 p.
2538 1069 2672 1139 787,
2700 1066 2983 1144 probante
3018 1064 3341 1125 Dindorfi0.
3365 1063 3478 1144 τρί-

1937 1173 2033 1220 την
2064 1152 2346 1211 codex.-
2368 1155 2402 1212 5
2436 1176 2520 1232 sq.
2546 1160 2671 1214 Hoc
2690 1156 2832 1214 dicit
2863 1155 3190 1226 scholiasta,
3210 1156 3478 1214 esurien-

1941 1250 2025 1297 tes
2049 1243 2286 1318 quosvis
2323 1263 2426 1321 per
2456 1243 2652 1320 jocum
2678 1244 2871 1304 dicere
2897 1245 3080 1303 solere
3123 1244 3369 1303 mediam
3413 1262 3477 1300 se

1939 1348 2108 1405 agere
2137 1329 2728 1409 Thesmophoriomm
2763 1333 2935 1404 diem,
2953 1332 3207 1404 νηστείαν
3244 1331 3476 1391 dictam.

1940 1417 2037 1476 Sic
2058 1417 2365 1477 Athenaeus
2396 1441 2451 1493 7,
2492 1440 2548 1498 p.
2580 1422 2717 1493 307,
2755 1427 2835 1481 F:
2862 1420 3041 1503 ἄνδρες
3062 1420 3232 1504 φίλοι,
3271 1419 3348 1498 μὴ
3382 1417 3479 1478 καὶ

1941 1509 2093 1581 ἡμεῖς
2124 1506 2369 1576 νηστείαν
2391 1509 2616 1587 ἄγομεν,
2646 1510 3027 1592 Θεσμοφορίων
3049 1508 3146 1582 τὴν
3167 1508 3337 1587 μέσην
3355 1555 3372 1584 ,
3394 1506 3479 1566 ὅτι

1943 1592 2091 1664 δίκην
2115 1596 2372 1674 κεστρέων
2398 1596 2744 1675 νηστεύομεν,
2771 1604 2953 1657 Dum.

2024 1683 2121 1754 83,
2158 1685 2224 1741 13
2250 1682 2366 1742 ἀντὶ
2390 1685 2443 1742 ἐν
2463 1688 2539 1765 τῷ
2557 1688 2661 1744 τῶν
2696 1685 3053 1768 θεσμοφορίων
3082 1687 3288 1745 codex.

2023 1779 2121 1844 94,
2164 1771 2233 1827 16
2261 1761 2407 1838 οὗτος
2440 1769 2494 1831 δὲ
2520 1773 2727 1834 Suidas
2767 1794 2814 1833 s.
2841 1776 2893 1834 Τ
2895 1773 3150 1853 εχνάζειν.
3191 1772 3353 1840 οὕτως
3387 1773 3480 1832 καὶ

1943 1856 2145 1915 codex.

2030 1966 2160 2018 101,
2190 1945 2263 2003 28
2284 1947 2602 2008 scholiastae
2619 1952 2957 2010 sententiam
2980 1952 3258 2029 pervertit
3279 1950 3482 2009 Suidas·

1943 2052 1987 2091 s.
2029 2032 2263 2114 Μύρμηξ
2302 2048 2360 2093 εῖ
2392 2036 2616 2119 Χορικός
2651 2039 2845 2118 posito
2886 2041 3232 2118 imperfecto
3285 2040 3481 2107 ἐποίει,

1943 2122 2053 2179 nisi
2081 2122 2173 2181 hic
2193 2122 2416 2183 librarii
2442 2147 2607 2186 error
2634 2141 2737 2186 est.
2761 2134 2942 2187 Dum.
2968 2163 3039 2174 —
3068 2149 3145 2205 29
3177 2127 3482 2209 ὑπεκρίνετο

1944 2209 2094 2268 idem
2121 2233 2164 2271 s.
2188 2212 2431 2291 Χορικός,
2453 2235 2571 2273 11011
2590 2236 2635 2277 s.
2663 2214 2997 2297 Μύρμηξ.-
3017 2219 3094 2276 30
3121 2216 3228 2276 ὑπὸ
3264 2239 3349 2275 σκ.
3378 2237 3482 2274 co-

1945 2298 2073 2355 dex.
2118 2300 2224 2359 ἀπὸ
2262 2305 2458 2372 σκηνῆς
2485 2304 2874 2364 Schneiderus
2903 2325 2964 2383 p.
3007 2306 3061 2377 5,
3103 2320 3276 2365 recte.
3321 2305 3480 2363 Idem

1945 2385 2124 2445 verba
2145 2390 2215 2456 ὣς
2240 2387 2371 2469 πρὸς
2393 2387 2548 2470 χορὸν
2580 2393 2832 2470 explicat
2858 2393 2947 2451 his
2970 2392 3295 2452 scholiastae
3322 2390 3477 2451 Nub.

1952 2476 2139 2533 1356:
2172 2474 2333 2541 οὕτως
2370 2477 2548 2554 ἔλεγον
2565 2523 2582 2553 ,
2620 2478 2745 2538 ὅταν
2796 2486 2891 2539 τοῦ
2932 2484 3214 2563 ὑποκριτοῦ
3253 2480 3480 2539 διατιθε-

1946 2561 2103 2640 μένου
2125 2561 2221 2635 τὴν
2248 2567 2398 2646 ῥῆσιν
2420 2609 2437 2639 ,
2468 2570 2498 2626 ὀ
2523 2567 2678 2649 χορὸς
2705 2571 2952 2648 ὀρχῆται.

2035 2652 2140 2711 105
2170 2653 2427 2721 εὐπίστως
2464 2655 2594 2739 πρὸς
2634 2657 2723 2718 τὸν
2757 2657 2872 2717 θεὸν
2910 2658 3117 2719 Suidas
3142 2678 3191 2719 ε.
3234 2656 3476 2719 Σεὸίσαι.

1943 2737 2005 2798 τὸ
2028 2739 2256 2799 addidit
2284 2743 2642 2804 Dindorfius.

2033 2849 2163 2900 121,
2190 2830 2263 2889 38
2292 2831 2518 2915 Φρυγίῳ
2541 2835 2840 2895 codex.—
2867 2837 2942 2913 39
2970 2837 3066 2907 τῆς
3103 2833 3222 2895 ’Am
3248 2835 3338 2895 vel
3385 2837 3481 2907 τῆς

1943 2922 2037 2976 τοῦ
2062 2917 2176 2978 'Am
2211 2920 2372 2978 malit
2391 2922 2745 2982 Dindorfius.
2763 2955 2843 2968 —-
2865 2934 2937 2997 47
2961 2945 3035 2982 an
3073 2942 3192 2981 non
3229 2928 3323 2982 τοῦ
3357 2923 3484 3005 περὶ

1947 3005 2115 3066 'Ami‘
2148 3006 2220 3064 de
2243 3008 2512 3085 Apolline
2544 3010 2765 3068 dictum
2805 3031 2929 3070 esse
2967 3009 3113 3069 illud
3154 3009 3335 3089 ἄρσενι
3381 3013 3483 3089 βοᾷ

1946 3095 2358 3154 documentum
2395 3098 2562 3156 addit
2600 3112 2773 3176 poeta
2809 3101 3094 3177 fulgorem
3124 3099 3480 3158 emicantem.

1945 3190 2034 3244 De
2062 3186 2183 3267 περὶ
2206 3187 2379 3245 etiam
2399 3189 2780 3248 Fritzschium
2800 3192 3080 3268 cogitasse
3102 3190 3294 3264 video,
3311 3210 3484 3269 quem

1946 3274 2096 3333 conf.
2122 3295 2182 3353 p.
2205 3283 2362 3344 4ο-
2379 3285 2455 3352 49
2478 3276 2656 3336 habet
2684 3277 2889 3338 Suidas
2911 3299 2956 3337 s.
2975 3277 3202 3357 Ἄρσενι.

2034 3382 2140 3435 1²7
2173 3361 2290 3421 ἀντὶ
2316 3366 2412 3435 τῆς
2435 3366 2640 3424 codex.
2669 3366 2936 3425 Correxit
2963 3365 3228 3425 Dindorf.

2036 3469 2164 3526 129,
2190 3461 2223 3520 4
2252 3451 2659 3535 παρεπιγραφὴν
2682 3454 2963 3513 codex.—
2981 3454 3015 3511 5
3044 3473 3129 3531 sq.
3154 3455 3234 3512 ὀλ.
3258 3457 3288 3513 ὁ
3317 3452 3485 3536 γέρων

1949 3540 2023 3605 εἷς
2042 3537 2139 3610 τὴν
2159 3540 2278 3611 θηλ.
2303 3542 2462 3599 αὐτοῦ
2480 3541 2575 3600 καὶ
2599 3542 2845 3621 λαγνείαν
2873 3539 3192 3601 ἀποὸλέπων
3215 3542 3422 3602 suidas
3440 3563 3487 3602 s.

1968 3628 2237 3790 0203}ss
2254 3714 2382 3793 φασὶ
2414 3718 2725 3777 Bekkerus.
2754 3717 2952 3778 Codex
2988 3717 3133 3798 φησὶ.
3164 3716 3326 3775 Idem
3363 3717 3400 3774 8
3427 3729 3488 3775 et

1959 3824 2027 3863 1o
2053 3807 2398 3863 πεποιεῖσθαι.

2032 3897 2136 3953 131
2166 3892 2344 3951 habet
2372 3891 2575 3952 Suidas
2617 3913 2662 3952 s.
2694 3890 3265 3971 Κατεγλωττισμένον,
3289 3894 3390 3971 (Ῑυί
3425 3914 3482 3951 11

1953 3979 2069 4041 ἀντὶ
2087 3986 2178 4041 τοῦ
2197 3982 2434 4046 πολλαῖς.
2448 4015 2527 4027 -
2556 4004 2576 4039 1
2592 4002 2626 4039 2
2648 3980 3115 4060 καταμεμιγμένον
3149 3980 3307 4060 apud
3329 3984 3484 4040 Bek-

1952 4070 2172 4144 kerum,
2194 4069 2353 4147 quod
2371 4089 2488 4127 non
2508 4069 2740 4128 videtur
2762 4071 2820 4128 in
2848 4068 3048 4128 codice
3070 4089 3212 4127 esse.

2032 4161 2141 4231 137
2192 4159 2487 4216 Bekkerus
2537 4158 2734 4217 retulit
2775 4157 2849 4215 ad
2891 4177 2944 4215 v.
2994 4158 3141 4229 1363
3187 4156 3289 4217 sed
3333 4168 3490 4214 recte

1953 4248 2281 4309 Meinekius
2321 4267 2559 4325 quoque
2595 4249 2745 4307 Hist.
2784 4251 2947 4305 Com.
2982 4267 3040 4324 p.
3079 4247 3192 4304 362
3230 4266 3265 4304 a
3295 4244 3489 4304 verbis

1952 4337 2031 4404 τίς
2064 4343 2101 4410 ἡ
2143 4334 2354 4416 τάραξις
2407 4335 2632 4413 incipit.
2680 4338 2952 4394 Ceterum
2995 4333 3251 4411 AEschyli
3292 4334 3488 4411 potius

1954 4447 2124 4505 quam
2150 4426 2561 4503 Aristophanis
2599 4424 2790 4483 locum
2819 4442 3156 4500 expressum
3197 4423 3374 4481 fuisse
3411 4421 3488 4480 ab

1954 4514 2203 4587 Eubulo,
2235 4514 2381 4573 bene
2408 4514 2636 4574 monuit
2659 4512 3030 4573 Fritzschius.

2035 4627 2056 4664 1
2075 4607 2148 4662 52
2168 4606 2259 4661 τοῦ
2295 4624 2410 4662 0111.
2434 4603 2639 4661 codex.
2669 4606 2796 4659 Non
2822 4601 2959 4658 satis
2997 4601 3170 4659 video
3191 4598 3336 4677 quid
3375 4597 3488 4658 sibi

1955 4694 2092 4751 velit
2138 4704 2240 4750 aut
2296 4711 2415 4769 quo
2466 4691 2753 4769 pertineat
2795 4689 2910 4746 haec
2961 4689 3171 4766 glossa.
3225 4695 3487 4768 Sequens

1954 4781 2215 4840 scholion
2240 4779 2312 4837 ad
2342 4800 2399 4837 v.
2423 4799 2445 4835 1
2462 4780 2530 4837 51
2566 4778 2952 4838 referendum.

2033 4869 2164 4941 162,
2212 4868 2285 4937 43
2333 4865 2388 4925 δὲ
2430 4864 2674 4946 ἄντικρυς
2713 4867 3106 4934 codem—104
3135 4863 3385 4947 Ὄρνισι,
3427 4882 3483 4922 v.

1954 4978 1976 5015 1
1993 4967 2024 5025 4
2040 4979 2063 5014 1
2076 4975 2220 5014 0.-
2241 4956 2315 5024 45
2337 4953 2472 5022 τίνες
2502 4953 2559 5013 δὲ
2576 4955 2795 5013 ὠκεανῶ
2811 4953 2877 5013 τὰ
2895 4952 2964 5014 σὰ
2983 4951 3169 5034 πτερά.
3198 4953 3337 5011 τουθ’
3354 4951 3494 5032 [sic]

340 5047 481 5110 tare,
526 5037 843 5097 Hesiodum
890 5043 1008 5118 Op.
1052 5043 1166 5117 698
1213 5064 1227 5099 ε
1277 5040 1505 5124 πέμπτῳ
1545 5041 1649 5103 ἔτει
1701 5045 1761 5123 (i.
1810 5065 1860 5105 e.
1950 5043 2511 5128 ‹iidpmcodexNide
2531 5042 3117 5125 notataadpcholAv.
3144 5042 3487 5114 1410.-46
