3859 5725
315 206 389 259 ⁴8

1425 187 1808 253 SCHOLIA
1856 189 1953 252 IN
2003 188 2407 267 EQUITES.

312 325 395 385 ἐπ’
424 326 593 406 αὐτῷ,
620 313 766 404 ᾧπερ
793 320 997 403 γέροντι
1025 318 1135 380 ὄντι
1183 293 1505 400 ἀσελγαίνειν
1544 317 1637 377 καὶ
1662 316 1730 376 τὰ
1768 339 1875 376 τοι·
1955 323 2068 383 ἐπεὶ
2105 325 2195 385 καὶ
2231 326 2292 387 τὸ
2320 329 2452 407 ζῷον
2487 331 2741 391 τοιοῦτον.
2774 327 2806 389 8
2836 327 2894 389 δὲ
2924 329 3097 409 λέγει,
3124 301 3358 393 τοιοῦτόν
3391 337 3525 395 ἐστι·

319 419 457 474 αῦτα
489 409 712 494 ὓὸρίζειν
741 408 1012 491 πρόσεστι.
1029 408 1357 481 παιδοπίπην
1386 406 1441 467 δὲ
1463 406 1550 467 τὸν
1570 404 1875 487 παράγοντα

315 506 407 563 καὶ
449 498 911 583 παρακρουόμενον
959 496 1051 558 καὶ
1103 495 1447 556 ἀναπείθοντα
1491 495 1560 556 τὰ
1610 495 1880 577 μειράκια.

316 597 497 652 τοῦτον
535 588 590 649 δὲ
621 593 650 648 6
679 592 937 672 Κρατῖνος
964 585 1269 670 πυροπίπην
1307 585 1483 666 λέγει,
1520 584 1761 646 τουτέστι
1794 584 1886 643 τὸν

263 698 291 739 ε
317 678 531 762 φύλακα
574 683 666 738 τοῦ
708 675 881 750 σίτου,
921 679 993 744 ὡς
1031 677 1104 743 εἰς
1142 673 1205 735 τὸ
1234 676 1543 757 πρυτανεῖον
1583 670 1886 756 παρέχοντα

319 765 355 827 ἅ
480 791 522 835 ς.

357 790 500 917 pff&
543 850 927 936 Βακχέόακχον
964 842 1093 934 ᾆσαι
1122 870 1139 913 2
1169 852 1501 933 Εὖφημῆσαι
1523 851 1612 911 τὸν
1638 848 1889 913 Διόνυσον

220 1012 241 1028 .
322 943 416 1004 καὶ
455 946 773 1021 ἀνυμνῆσαι.
811 941 1025 1021 Βάκχον
1058 940 1115 1001 δὲ
1151 941 1214 1000 οὗ
1250 939 1340 999 τὸν
1376 940 1628 1002 Διόνυσον
1667 938 1890 998 ἐκάλουν

324 1031 500 1112 μόνον,
531 1029 669 1091 ἀλλὰ
691 1029 784 1089 καὶ
802 1028 1008 1097 πάντας
1028 1027 1148 1097 τοὺς
1171 1031 1448 1097 τελοῦντας
1473 1027 1539 1089 τὰ
1572 1028 1726 1111 ὄργια
1759 1025 1895 1105 βάκ-

248 1143 299 1184 10
322 1142 449 1201 χους
480 1119 718 1192 ἐκάλουν,
750 1117 810 1178 οὗ
848 1116 955 1197 μὴν
991 1116 1131 1176 ἀλλὰ
1173 1116 1266 1178 καὶ
1305 1115 1423 1185 τοὺς
1456 1117 1681 1185 κλάδους
1725 1114 1810 1184 οὒς
1844 1118 1893 1174 οἱ

324 1207 522 1288 μύσται
567 1206 799 1290 φέρουσι.
846 1203 1113 1284 μέμνηται
1155 1204 1213 1264 δὲ
1256 1203 1561 1287 Ξενοφάνης
1601 1206 1656 1263 ἐν
1682 1203 1893 1269 Σίλλοις

324 1295 488 1364 οὕτως
515 1323 541 1348 α
569 1297 779 1355 ἑστᾶσιν
816 1294 863 1353 δ’
890 1293 1074 1353 ἐλάται
1113 1292 1331 1352 πυκινὸν
1366 1292 1489 1374 περί
1520 1295 1696 1371 δῶμα.
1727 1317 1751 1345 n
1782 1289 1896 1351 ἔστι

325 1383 382 1444 δὲ
414 1382 507 1445 καὶ
538 1382 799 1466 στεφάνης
821 1371 983 1454 εἶδος,
1019 1385 1089 1446 ὡς
1117 1380 1410 1464 Νίκανδρος
1437 1383 1491 1440 ἐν
1523 1383 1600 1463 τῷ
1635 1378 1758 1462 περὶ
1792 1381 1896 1438 τῶν

323 1475 579 1554 γλωσσῶν
601 1473 813 1551 ἱστορεῖ.
842 1469 973 1552 φησὶ
998 1468 1102 1552 γὰρ
1129 1467 1319 1544 οὕτως,

447 1605 701 1670 βάκχοισιν
727 1604 930 1669 κεφαλὰς
947 1604 1237 1668 πε(Ἀανθέσιν
1259 1602 1532 1667 ἐστίψαντο.

325 1717 410 1801 [τὸ
433 1717 488 1779 δὲ
517 1722 728 1779 παιῶνα
765 1718 829 1791 δὴ
862 1717 1120 1802 γράφεται
1157 1717 1499 1793 παιηωνίσαι.
1534 1714 1571 1788 ἢ
1611 1715 1813 1789 ἡσθέντ’
1842 1714 1897 1788 ἰὴ

326 1806 496 1867 παιὼν
521 1798 666 1890 ᾆσαι.
694 1811 846 1867 τοῦτο
875 1806 1050 1885 μέντοι
1077 1810 1105 1866 6
1129 1806 1305 1888 στίχος
1327 1809 1421 1866 οὐκ
1444 1806 1701 1886 ἀπαιτεῖ]

407 1916 504 1957 409.
548 1895 690 1956 οὗτοι
736 1896 792 1975 μ’
836 1895 1204 1976 ὖπερὸαλεῖσθ’
1250 1896 1489 1977 ἀναιδείᾳ
1529 1916 1544 1956 2
1587 1897 1766 1968 Διπλῆ
1806 1892 1899 1954 καὶ

330 1983 501 2066 στίχοι
524 1986 696 2061 ὅμοιοι
722 1992 829 2053 τοῖς
856 1984 966 2045 ἄνω
991 1985 1097 2066 λβ’.
1127 1975 1200 2044 ῶν
1224 1986 1519 2052 τελευταῖος

448 2118 563 2183 ἀνὴρ
582 2120 639 2168 ἂν
657 2119 805 2178 ἡδέως
826 2118 962 2168 λάὸοι
985 2116 1109 2182 [τοὺς
1130 2116 1360 2183 τερθρίους
1377 2116 1553 2182 παρίει.

329 2232 409 2314 ἐφ’
435 2224 480 2315 ᾧ
509 2233 670 2305 διπλῆ
694 2232 792 2302 ἔξω
813 2235 1100 2293 νενευκυῖα.
1126 2232 1506 2314 ὑπερὸαλεῖσθε
1530 2229 1612 2304 δὲ,
1630 2229 1899 2304 νικήσετε,

331 2322 392 2380 ἐκ
421 2331 722 2403 μεταφορᾶς
742 2325 847 2380 τῶν
873 2321 1207 2404 τρεχόντων.]

408 2427 508 2471 no.
552 2410 609 2489 [ἢ
635 2410 829 2488 μήποτ’
848 2410 1093 2490 ἀγοραίου
1128 2430 1143 2468 :
1170 2409 1436 2491 Ἀγοραῖος
1460 2406 1591 2475 Ζεὺς
1613 2406 1820 2488 ἵδρυται
1845 2408 1900 2465 ἐν

331 2500 398 2577 τῇ
424 2499 592 2579 ἀγορᾷ
618 2496 709 2557 καὶ
738 2500 792 2557 ἐν
818 2502 884 2576 τῇ
910 2497 1212 2578 ἐκκλησία.]

251 2612 305 2653 25
413 2604 514 2646 411.
560 2583 724 2662 ἔγωγε
757 2583 822 2655 νὴ
858 2583 975 2651 τοὺς
1009 2583 1285 2652 κονδύλους
1323 2603 1340 2645 t
1385 2583 1455 2645 Ὁ
1491 2580 1902 2654 ἀλλαντοπώλης

332 2671 474 2731 ἐστὶν
510 2676 540 2732 6
573 2671 760 2752 λέγων.
800 2670 1130 2731 ἀποτείνεται
1167 2670 1223 2730 δὲ
1259 2672 1386 2753 πρὸς
1420 2671 1509 2732 τὸν
1548 2671 1774 2732 Κλέωνα
1809 2669 1900 2729 καὶ

332 2761 490 2841 φησὶν
520 2759 601 2819 ὅτι
635 2762 736 2840 οὐχ
769 2758 948 2840 ὥσπερ
984 2761 1175 2828 ἐκεῖνος
1209 2759 1307 2832 τὴν
1345 2759 1495 2829 δόξαν
1524 2758 1715 2842 ῥᾳδίως
1750 2751 1900 2839 εὗρε,

331 2849 421 2909 τὸν
459 2847 615 2909 αὐτὸν
651 2848 742 2910 καὶ
775 2847 927 2917 αὗτὸς
959 2847 1271 2929 εὐδοκίμησε
1308 2847 1518 2931 τρόπον,
1552 2846 1693 2908 ἀλλὰ
1728 2846 1902 2907 πολλὰ

333 2937 561 3011 ποιήσας
590 2937 683 2998 καὶ
714 2937 940 3005 πολλοὺς
964 2937 1229 3005 κινδύνους
1259 2935 1486 3004 ὑποστὰς
1514 2936 1604 2996 καί
1635 2934 1904 3018 κατορθώ-

252 3024 319 3092 ao‘
333 3050 438 3095 σεις
458 3051 517 3086 τε
539 3026 785 3105 πολέμων
804 3026 1075 3098 πλείονας,
1099 3024 1452 3103 αἰνιττόμενος
1473 3023 1543 3086 τὰ
1562 3025 1684 3107 περὶ
1709 3025 1903 3105 Ἀκαρ-

332 3123 464 3174 νᾶνα
491 3116 583 3175 καὶ
606 3113 892 3189 Αἰτωλίαν,
915 3115 1032 3176 καθ’
1059 3106 1134 3174 ὧν
1162 3113 1509 3192 εὐδοκίμησε,
1536 3117 1903 3193 στρατηγῆσαι

334 3200 553 3283 φθάσας.
636 3199 857 3272 Ἄλλως.
875 3202 1205 3263 ἀποτείνεται
1219 3202 1348 3285 πρὸς
1371 3203 1461 3263 τὸν
1493 3201 1716 3262 Κλέωνα
1744 3206 1773 3260 6
1802 3203 1901 3260 ἀλ·-

333 3289 676 3364 λαντοπώλης
690 3337 707 3364 ,
748 3290 830 3350 ὅτι
864 3292 1057 3358 ἐκεῖνος
1098 3289 1194 3369 μὲν
1234 3291 1460 3358 εὐκόλως
1495 3288 1904 3372 ἐστρατήγησεν,

336 3376 490 3446 αὐτὸς
516 3378 573 3438 δέ
591 3375 766 3438 πολλὰ
792 3377 1172 3450 κακοπαθήσας
1197 3377 1289 3437 καὶ
1311 3377 1590 3452 τυπτηθεὶς
1615 3379 1670 3436 ἐν
1696 3380 1773 3460 τῷ
1798 3399 1907 3454 μα-

253 3489 307 3530 ³5
357 3489 415 3525 ·ει
475 3466 554 3526 ίω.

333 3492 359 3547 Ἰ
416 3489 520 3614 ἵζε·
560 3551 666 3612 ἀπὸ
695 3554 991 3633 μαγδαλιᾶς
1023 3572 1039 3614 2
1069 3553 1198 3615 Ἀπὸ
1224 3556 1462 3624 εὐτελοῦς
1496 3557 1689 3637 τροφῆς
1723 3553 1907 3637 ὁρμώ-

338 3664 505 3719 μενος.
548 3640 821 3720 μαγδαλιά
853 3641 958 3725 γὰρ
997 3641 1067 3702 τὰ
1102 3646 1207 3702 τῶν
1250 3643 1481 3725 ἀλφίτων
1521 3644 1904 3723 ἀποὸλήματα.

335 3727 553 3797 Ἄλλως.
584 3732 621 3800 ἡ
649 3731 753 3787 τῶν
784 3734 954 3789 κυνῶν
980 3728 1177 3812 τροφὴ,
1203 3731 1319 3803 ἥτις
1349 3722 1414 3804 ἦν
1438 3732 1586 3799 σταῖς
1611 3731 1703 3791 καὶ
1736 3731 1904 3800 λίπος.

336 3815 497 3885 οὕτως
520 3817 612 3877 καὶ
634 3821 664 3877 6
685 3817 905 3892 ποιητὴς
923 3810 1067 3879 εἶπεν
1090 3826 1205 3893 [od.
1230 3830 1301 3895 K,
1327 3825 1427 3894 ειν]

462 3951 554 4000 αἰεὶ
575 3950 665 4017 γάρ
682 3967 734 4002 τε
754 3952 878 4018 φέρει
901 3953 1182 4018 μειλίγματα
1202 3954 1367 4017 θυμοῦ.

249 1620 300 1660 15

248 2136 303 2176 20

255 3965 367 4027 ιο,

338 4061 475 4141 μετὰ
508 4064 611 4147 γὰρ
637 4065 700 4126 τὸ
729 4067 938 4126 δεῖπνον
978 4069 1050 4135 εἷς
1078 4067 1139 4127 τὸ
1167 4075 1315 4136 σταῖς
1344 4069 1626 4149 ἀπεψῶντο
1659 4066 1722 4126 τὸ
1756 4066 1909 4135 λίπος

336 4151 552 4220 καὶτοῖς
570 4153 722 4214 κυσὶν
749 4154 1078 4237 ἐπέρριπτον.
1157 4153 1376 4223 Ἄλλως.
1403 4154 1465 4214 τὸ
1494 4158 1672 4227 σταῖς,
1699 4144 1744 4237 ᾧ
1774 4159 1907 4215 ἀπο-

341 4238 627 4317 μάττονται
655 4245 703 4302 οἱ
732 4242 1000 4325 μάγειροι,
1029 4240 1161 4324 ὅπερ
1199 4242 1419 4302 ἐκάλουν
1446 4243 1849 4325 χειρόμακτρον.
1878 4244 1907 4304 ὃ

341 4327 479 4406 μετὰ
502 4327 599 4401 τὴν
629 4331 879 4413 ἐργασίαν
903 4329 1254 4413 ἀπερρίπτουν
1287 4332 1395 4400 τοῖς
1422 4332 1589 4392 κυσίν.

260 4444 315 4484 ⁴⁸
419 4436 518 4476 ⁴1⁶.
547 4419 886 4501 κυνοκεφάλῳ
912 4439 927 4479 :
952 4418 1178 4480 Ἑαυτὸν
1202 4423 1231 4479 6
1252 4418 1438 4480 Κλέων
1459 4419 1604 4500 λέγει
1626 4420 1909 4504 κυνοκέφα-

340 4504 452 4578 λον,
480 4507 642 4567 δεινὸν
666 4507 757 4568 καὶ
790 4506 1151 4587 ἀναίσχυντον.
1180 4512 1354 4587 ὁμοῖος
1375 4501 1442 4583 ἦν
1468 4513 1498 4569 6
1522 4509 1651 4591 παρ’
1679 4508 1909 4593 Ἡσιόδῳ

343 4596 548 4668 [rhoog.
579 4603 678 4669 287]
705 4594 1030 4678 Γηρυονεὸς,

465 4718 697 4784 Χρυσάωρ
718 4717 760 4767 δ’
785 4716 912 4767 ἔτεκε
935 4717 1206 4782 τρικέφαλον
1230 4718 1487 4782 Γηρυονῆα.

343 4824 558 4889 Ἄλλως.
591 4820 668 4904 τῷ
703 4823 854 4892 κυνὸς
886 4820 1121 4902 κεφαλὴν
1148 4821 1350 4902 ἔχοντι,
1382 4820 1651 4882 τουτέστιν
1678 4822 1795 4900 ἐμοὶ
1834 4826 1910 4907 τῷ

267 4944 322 4983 ⁵0
348 4911 570 4976 Κλέωνι.
619 4913 707 4997 ἀφ’
751 4905 815 4985 ἧς
860 4912 916 4973 δὲ
965 4912 1246 4995 προείρηκε
1294 4917 1515 4994 τροφῆς,
1558 4910 1910 4995 κυνοκέφαλον

346 5001 503 5062 αὐτὸν
539 4992 701 5079 εἶπεν,
731 4994 836 5063 οἷον
870 5000 1057 5080 ἰταμὸν
1093 5000 1182 5061 καὶ
1213 5002 1400 5074 ἀναιδῆ
1437 4998 1531 5061 καὶ
1567 5000 1908 5083 ἁρπακτικὸν,

1930 881 1944 1329 1

1961 415 2075 480 πῶς
2099 404 2206 473 οἷόν
2227 438 2314 489 τε,
2337 415 2516 497 φησὶν,
2544 419 2591 476 εἰ
2613 416 2763 486 κυνὸς
2789 418 2987 501 τροφὴν
3009 419 3211 492 ἐσθίων,
3238 425 3315 503 τίζι
3341 427 3371 483 6
3506 459 3534 470 ·-

1964 508 2041 559 νεῖ
2067 501 2160 561 καὶ
2182 502 2461 587 δμοτρόπῳ
2489 503 2756 585 μάχεσθαι
2783 507 2983 587 διανοῇ·
3009 506 3153 587 λέγει
3179 507 3235 568 δέ
3262 512 3396 569 κυνί·

1966 593 2181 673 πονηρῷ
2199 590 2290 650 καὶ
2314 591 2491 673 βιαίῳ.
2509 592 2741 675 [κόὸαλα
2759 591 2843 670 δὲ,
2857 595 3189 678 σοφίσματα,
3212 601 3538 682 πανουργεύ-

1971 700 2117 756 ματα
2128 723 2146 752 ,
2163 678 2492 761 κλέμματα.]

2049 785 2147 826 419.
2188 765 2282 826 νέα
2307 767 2532 848 χελιδών
2561 788 2577 828 :
2609 771 2992 851 Παροιμιῶδες.
3022 771 3306 854 ὁλόκληρος
3341 772 3400 832 δέ
3426 775 3540 834 ἐστι

1971 852 2232 935 παροιμία
2264 852 2325 913 τὸ
2355 853 2655 935 λεγόμενον,
2690 856 2831 917 ἐστιν
2868 857 3019 940 ἔαρος
3055 860 3220 941 ἀρχή.
3257 860 3403 920 δοκεῖ
3435 860 3541 943 γάρ

1973 964 2087 1009 πως
2109 941 2223 1021 ἅμα
2245 944 2323 1024 τῷ
2358 943 2477 1025 ἔαρι
2504 943 2780 1026 φαίνεσθαι
2806 950 2842 1018 ἡ
2879 946 3123 1027 χελιδών.
3145 984 3217 995 -
3241 948 3500 1010 θεάσασθε
3518 994 3537 1026 ,

1975 1029 2338 1109 καταμάθετε,
2362 1033 2744 1105 κατανοήσατε.
2788 1044 2854 1092 V.

2057 1138 2156 1180 ⁴2⁰.
2199 1122 2248 1179 οἱ
2289 1120 2335 1179 δ’
2373 1119 2598 1182 ἔὸλεπον
2640 1141 2657 1184 :
2694 1120 2937 1205 Ἓώρων.
2978 1123 3082 1182 ὑπὸ
3114 1127 3209 1198 τῆς
3247 1124 3548 1208 περιεργίας
3576 1154 3637 1194 10

1979 1205 2268 1286 ἐξαγόμενα
2292 1206 2362 1268 τὰ
2390 1208 2577 1270 παιδία
2607 1213 2674 1289 τῇ
2702 1211 2798 1291 θέᾳ
2815 1210 2906 1271 τὸν
2933 1216 3051 1271 νοῦν
3084 1221 3390 1295 προσεῖχον,
3417 1212 3548 1275 πότε

1977 1293 2203 1375 χελιδὼν
2222 1296 2659 1377 παραπτήσεται,
2686 1297 2942 1358 κάκείνων
2969 1298 3092 1379 περὶ
3113 1305 3269 1361 τοῦτο
3296 1301 3553 1382 ἐπτοημέ-

1978 1405 2102 1455 νων,
2136 1387 2325 1465 ῥᾷστον
2349 1383 2503 1452 αὐτὸς
2525 1376 2635 1466 εἶχε
2657 1384 2721 1444 τὸ
2747 1385 3013 1448 κλέπτειν.

2059 1489 2156 1530 ⁴21.
2198 1461 2243 1531 ὦ
2272 1470 2576 1540 δεξιώτατον
2604 1472 2761 1556 κρέας
2790 1494 2804 1535 :
2831 1465 2912 1535 ’Ὦ
2939 1475 3222 1536 κάλλιστον
3247 1478 3339 1538 καὶ
3372 1476 3553 1561 σοφώ-

1980 1579 2137 1616 τατον
2172 1555 2329 1638 κρέας
2360 1558 2448 1618 διὰ
2483 1560 2545 1619 τὸ
2585 1564 2826 1620 κάκεῖνον
2866 1562 3207 1646 κεκλοφέναι,
3242 1566 3335 1625 καὶ
3371 1565 3553 1648 ὥσπερ
3582 1596 3642 1636 η

1980 1651 2049 1727 τῇ
2086 1646 2229 1730 δεξιᾷ
2262 1648 2403 1731 χειρὶ
2435 1654 2749 1733 ὑφῃρῆσθαι.
2792 1652 2908 1712 ἀντὶ
2941 1658 3035 1714 τοῦ
3071 1643 3117 1714 ὦ
3153 1654 3427 1738 σοφώτατε
3461 1656 3555 1717 ἄν·

1983 1741 2178 1816 θρωπε.

2063 1845 2160 1884 422.
2203 1822 2381 1908 ὥσπερ
2410 1827 2689 1909 ἀκαλήφας
2713 1848 2728 1890 :
2756 1828 2993 1903 Βοτάνης
3016 1823 3177 1904 εἶδος,
3203 1831 3262 1891 αῖ
3280 1829 3429 1916 παρὰ
3451 1840 3558 1901 τοῖς

1982 1913 2195 1981 πολλοῖς
2222 1913 2394 1975 κνίδαι
2422 1917 2724 1977 καλοῦνται.
2754 1917 3112 1995 ἐμνημόνευσε
3139 1918 3195 1979 δὲ
3223 1924 3327 1980 τῶν
3351 1924 3556 1995 ἀκαλη-

1984 2004 2094 2081 φῶν
2136 2001 2223 2061 διὰ
2263 2001 2359 2075 τὴν
2403 2002 2694 2086 δριμύτητα
2737 2011 2830 2064 τοῦ
2872 2006 3281 2068 ἀλλαντοπώλου
3323 2007 3416 2067 καὶ
3461 2007 3556 2081 τὴν
3580 2034 3640 2075 20

1985 2088 2278 2169 ἀγχίνοιαν,
2314 2090 2395 2151 ὅτι
2435 2096 2636 2163 κλοπῆς
2672 2091 2844 2174 ἐξεῦρε
2883 2092 3094 2172 τρόπον.
3134 2095 3344 2176 δριμεῖα
3381 2094 3485 2179 γὰρ
3518 2100 3553 2168 ἡ

1988 2174 2213 2255 βοτάνη,
2243 2179 2335 2238 καὶ
2372 2178 2490 2248 τοὺς
2518 2179 2757 2259 θιγόντας
2786 2187 3007 2240 κνᾶσθαι
3037 2183 3193 2243 ποιεῖ.
3226 2173 3342 2242 εἶπε
3371 2183 3427 2243 δὲ
3453 2183 3558 2266 πρὸ

1981 2264 2285 2343 χελιδόνων,
2314 2266 2431 2326 ἐπεὶ
2461 2265 2599 2346 μετὰ
2629 2265 2724 2340 τὴν
2747 2267 2994 2349 χελιδόνα
3023 2269 3257 2351 ἄὸρωτοι
3284 2273 3341 2330 αἱ
3363 2270 3556 2333 κνίδαι.

1984 2351 2203 2422 Ἄλλως.
2242 2354 2492 2437 ἀκαλήφη
2527 2346 2659 2423 εἶδος
2695 2356 2854 2434 μυίας
2871 2402 2888 2430 ,
2925 2361 2996 2425 ὥς
3023 2358 3384 2439 Ἀριστοτέλης
3408 2368 3556 2433 [msc.

1984 2451 2130 2501 anim.
2157 2454 2208 2514 4,
2234 2451 2298 2515 5].
2325 2445 2378 2501 ἐν
2411 2447 2487 2523 τῷ
2519 2446 2742 2523 χειμῶνι
2776 2444 2831 2503 δὲ
2857 2443 3102 2523 ἐδώδιμοι
3134 2445 3285 2519 εἰσὶν,
3318 2448 3371 2504 ἐν
3397 2445 3453 2507 δὲ
3480 2450 3560 2529 τῷ
3586 2472 3644 2513 w

1986 2529 2120 2610 θέρει
2178 2529 2521 2591 ἀπόλλυνται.
2604 2530 2821 2599 Ἄλλως.
2872 2531 3105 2612 λάχανόν
3165 2536 3304 2593 ἐστιν
3356 2534 3559 2617 ἄγριον.

1985 2619 2227 2679 καλεῖται
2260 2616 2316 2686 δὲ
2345 2618 2438 2678 καὶ
2480 2617 2744 2678 θαλασσία
2799 2620 3080 2698 ἀκαλήφη,
3127 2621 3163 2693 ἣ
3196 2624 3562 2702 προσελθοῦσα

1983 2710 2062 2788 tif)
2100 2706 2269 2787 χρωτὶ
2303 2705 2538 2787 κνησμὸν
2575 2711 2734 2768 ποιεῖ.
2771 2707 2973 2767 ἐοίκασι
3007 2710 3063 2768 δὲ
3099 2714 3166 2790 τῇ
3213 2708 3328 2792 ὥρα
3354 2716 3420 2792 τῇ
3454 2712 3561 2795 πρὸ

1984 2799 2077 2854 τοῦ
2106 2795 2255 2878 ἔαρος
2280 2800 2529 2878 χρῆσθαι.
2757 2827 2774 2844 2

2067 2902 2166 2943 ua.
2207 2885 2279 2950 εἷς
2302 2882 2368 2942 τὰ
2395 2883 2608 2964 κοχώνα
2643 2904 2659 2945 ε
2695 2883 2924 2965 Κοχώνη
2958 2885 3115 2953 τόπος
3136 2885 3240 2945 ὑπὸ
3261 2887 3322 2946 τὸ
3349 2889 3563 2964 αἰδοῖον,
3589 2920 3650 2963 ³0

1987 2971 2048 3031 τὸ
2082 2969 2277 3049 μεταξὺ
2308 2976 2413 3031 τῶν
2436 2976 2620 3053 μηρῶν
2645 2971 2850 3044 καὶτῆς
2870 2972 3095 3046 κοτύλης
3114 2974 3207 3034 καὶ
3229 2978 3333 3034 τῶν
3356 2975 3560 3057 ἰσχίων.

1989 3057 2257 3137 μέμνηται
2284 3058 2340 3119 δέ
2363 3064 2457 3133 τῆς
2494 3059 2734 3140 κοχώνης
2759 3060 2852 3120 καὶ
2875 3063 2929 3119 ἐν
2962 3060 3173 3132 Σκηνὰς
3207 3063 3565 3143 καταλαμὸα-

1988 3147 2197 3217 νούσαις
2221 3174 2246 3200 α
2270 3147 2409 3207 ἀλλὰ
2433 3146 2702 3208 συσπάσαι
2725 3150 2804 3208 δεῖ
2825 3147 2919 3217 τὰς
2943 3146 3202 3230 κοχώνας.
3237 3178 3260 3204 υ
3291 3153 3370 3231 [αἱ
3400 3153 3559 3213 αὐταὶ

1992 3233 2048 3296 δὲ
2076 3235 2170 3296 καὶ
2197 3235 2400 3314 πύγαια
2434 3235 2525 3296 καί
2551 3239 2826 3318 προχῶναι
2862 3238 2989 3319 παρ’
3031 3238 3308 3320 Ἀρχίππῳ
3336 3241 3563 3300 καλοῦν-

1988 3325 2124 3405 ται.]
2149 3322 2430 3407 οὐδετέρως
2458 3325 2502 3384 δ’
2533 3323 2632 3407 ἔφη
2661 3322 2730 3384 τὰ
2752 3316 2983 3405 κόχωνα.

2068 3433 2168 3474 ⁴20.
2213 3410 2576 3494 ἐπιτροπεύσει
2602 3436 2616 3475 :
2643 3413 3050 3495 Προηγήσεται,
3067 3414 3443 3495 προστατήσει.
3467 3419 3564 3477 οὐκ

1994 3504 2166 3584 ἀργῶς
2190 3500 2246 3560 δὲ
2275 3499 2365 3559 ἐπὶ
2394 3500 2595 3571 ἔνδοξον
2621 3501 2905 3584 πρόσωπον
2932 3501 3029 3573 τὴν
3056 3501 3304 3575 τοιαύτην
3332 3503 3563 3584 ἀνήγαγε

1992 3589 2180 3673 κρίσιν.
2205 3595 2264 3651 οὗ
2288 3588 2391 3670 γὰρ
2419 3589 2561 3658 ἰδίως
2589 3590 2718 3672 φησὶ
2741 3588 2859 3649 τινὰ
2882 3588 3181 3671 εἰρηκέναι,
3202 3588 3341 3650 ἀλλὰ
3366 3591 3562 3674 ῥήτορα

1994 3678 2086 3737 καὶ
2109 3680 2340 3760 προϊδεῖν
2368 3675 2461 3738 καὶ
2486 3677 2715 3736 συνιέναι
2737 3676 2897 3737 πλέον
2919 3680 3025 3737 τῶν
3057 3677 3232 3737 ἄλλων
3257 3678 3561 3757 δυνάμενον.

1994 3765 2107 3845 [διὰ
2141 3766 2197 3826 δέ
2222 3765 2418 3826 τούτων
2447 3763 2741 3838 λεληθότως
2763 3764 2922 3846 φησὶν
2962 3764 3042 3825 ὅτι
3069 3763 3161 3825 καὶ
3190 3769 3239 3825 οἱ
3277 3766 3562 3849 στρατηγοί
3587 3794 3649 3837 40

1994 3853 2109 3915 ἐπίο
2143 3879 2243 3916 κοι.

2072 3880 2173 4006 4397.
2218 3855 2276 4004 a}
2303 3967 2360 4003 τε
2389 3941 2667 4013 ξυνέὸαλεν
2692 3962 2707 4003 :
2728 3941 2843 4003 Ἀπ’
2863 3943 3038 4002 αὐτῶν
3065 3944 3170 4003 τῶν
3187 3940 3561 4025 πραττομένων

1993 4029 2214 4113 φανερὸν
2241 4023 2307 4102 ἦν
2333 4031 2393 4089 τὸ
2421 4029 2842 4105 ἀποὸησόμενον.

2073 4140 2174 4182 ⁴28.
2215 4120 2331 4192 ὁτιὴ
2352 4119 2600 4202 ’πιόρκεις
2629 4140 2644 4179 :
2668 4119 2846 4180 Πάλιν
2874 4119 3140 4178 κάνταῦθα
3159 4120 3264 4176 τῶν
3286 4118 3562 4179 πολιτευο-

1995 4206 2166 4287 μένων
2204 4206 2532 4268 καθάπτεται
2564 4209 2635 4274 ὥς
2675 4206 2728 4276 ἐξ
2765 4205 3033 4289 ἐπιορκίας
3059 4204 3150 4264 καὶ
3185 4206 3383 4277 κλοπῆς
3414 4228 3564 4265 συνε-
3589 4232 3646 4274 ⁴5

1996 4294 2263 4369 στηκότων
2308 4293 2401 4354 καὶ
2442 4294 2689 4354 τοιούτων
2732 4296 2879 4354 ἐθῶν.
2918 4291 3005 4353 διὰ
3043 4298 3198 4353 τοῦτο
3224 4292 3317 4352 καὶ
3343 4293 3432 4352 τὸν
3468 4295 3563 4353 ἀλ-

1994 4382 2338 4456 λαντοπώλην
2358 4382 2665 4464 διαπρέπειν
2690 4383 2742 4440 ἐν
2764 4385 2831 4462 τῇ
2849 4379 3088 4459 πολιτείᾳ
3104 4384 3133 4439 6
3157 4379 3332 4463 ῥήτωρ
3350 4380 3559 4459 ἔφησεν.

2075 4475 2105 4531 6
2131 4470 2371 4553 πρωκτὸς
2399 4462 2539 4550 εἶχεν
2570 4490 2586 4530 z
2614 4467 2773 4529 Ἤτοι
2814 4467 2910 4539 τὴν
2950 4468 3244 4549 μοχθηρίαν
3287 4472 3442 4529 αὐτοῦ
3471 4469 3561 4529 καὶ

1998 4557 2095 4630 τὴν
2131 4558 2389 4642 ῥυπαρίαν
2426 4561 2525 4618 κάν
2551 4556 2720 4639 τούτῳ
2748 4555 2978 4616 δείκνυσι
3010 4560 3087 4638 τῷ
3112 4555 3321 4638 τρόπῳ,
3348 4557 3440 4617 καὶ
3480 4555 3561 4618 ὅτι

1994 4648 2324 4729 κατέκρυπτε
2358 4644 2598 4706 κλέπτων
2625 4648 2679 4704 ἐν
2706 4648 2784 4726 τῷ
2822 4647 3053 4726 πρωκτῷ
3080 4641 3237 4725 κρέα,
3270 4644 3361 4704 καὶ
3387 4650 3556 4703 ταῦτα
3584 4669 3642 4710 ω

1994 4733 2155 4795 πάλιν
2180 4733 2334 4801 αὐτὸς
2361 4733 2560 4806 ἤσθιεν.
2586 4730 2621 4804 ἢ
2658 4730 2962 4791 διαὸάλλειν
2991 4733 3062 4799 εἰς
3099 4729 3373 4810 ἀσέλγειαν
3402 4732 3559 4791 αὐτὸν

1995 4824 2160 4933 θέλει,
2186 4827 2258 4892 ὣς
2289 4820 2355 4896 δὴ
2378 4819 2526 4904 παρὰ
2557 4819 2656 4893 τὴν
2697 4819 2909 4893 ἡλικίαν
2937 4819 3007 4880 τὰ
3028 4823 3136 4879 τῶν
3162 4824 3421 4902 γυναικῶν
3452 4844 3561 4880 πα·-

1994 4918 2171 5062 00⁹3:
2213 4997 2409 5065 καθιεὶς
2447 5017 2463 5059 z
2494 4994 3019 5077 Παρεσκευασμένος.
3044 5001 3241 5056 καθιεῖν
3283 4995 3339 5056 δὲ
3371 4994 3561 5079 κυρίως

3589 3359 3649 3401 ³⁸
