3859 5725
403 231 520 296 522

1584 231 2037 295 ADNOTATIO
2076 235 2160 296 IN
2202 237 2462 298 SCHOL.

397 340 669 446 Ὅμηρος,
714 366 843 424 θεῶν
893 365 950 425 ἒν
993 364 1208 444 γοῦνασι
1264 373 1435 426 κεῖται
1485 370 1550 425 V.
1585 367 1655 427 Θ.
1686 371 1761 425 Μ.
1807 364 1938 424 Ald.
2029 368 2211 432 ὥςνῦν
2233 370 2482 447 ἕκ(ί“οη.
2512 371 2634 450 ἐπὶ)
2687 374 2792 430 τῶν
2818 373 3119 455 μυστηρίων
3147 373 3258 443 ἔθος
3295 377 3458 441 Θ...-
3488 383 3564 437 13

485 455 621 528 346,
651 462 721 526 47
758 473 888 531 sqq.
920 473 1035 513 om.
1066 455 1241 512 etiam
1269 454 1341 514 Θ.
1363 459 1445 513 Μ.

484 544 559 602 35
574 562 624 610 1,
651 563 689 618 9
709 539 953 601 δάπεδον.
982 540 1116 609 τινὲς
1135 539 1190 601 δὲ
1209 540 1633 620 ἀναγινώσκουσι
1651 542 1937 621 πάνθηρον,

400 632 758 691 παντοδαπῶν
787 629 978 713 ὀρνέων
1014 630 1251 690 δεκτικόν
1285 635 1355 689 R.
1384 637 1450 690 V.
1493 632 1565 692 Θ.
1595 635 1745 690 Tum
1777 628 1941 687 addit

400 725 474 780 R.
506 717 705 793 λειμὼν
726 716 829 799 γὰρ
854 717 1131 778 ὑπόκειται
1158 716 1248 777 καὶ
1277 717 1408 789 ἀνθη
1431 716 1681 794 ἀνειμένα
1708 724 1817 783 τοῖς
1841 715 1941 793 μύ-

401 827 552 873 σταις
580 806 635 863 ἐν
657 807 736 885 τῷ
762 806 947 888 πεδίῳ.
971 806 1117 877 Quae
1139 824 1215 864 ex
1234 805 1455 865 scholio
1477 825 1531 864 ν.
1554 807 1669 873 343
1700 815 1833 863 sunt
1855 823 1940 862 re-

402 894 601 971 petita.

485 982 622 1055 354,
650 981 720 1039 18
742 1001 829 1059 sq.
855 979 943 1039 ἐπὶ
967 985 1151 1041 τοῦτον
1173 980 1263 1040 τὸν
1285 979 1476 1061 χρόνον
1500 979 1644 1056 λέγει
1666 978 1940 1063 Ἀρίσταρ-

398 1092 494 1150 χος
522 1092 652 1149 μεμ.
674 1070 807 1130 ΑΙά.
835 1072 999 1131 Conf.
1025 1072 1209 1130 schol.
1237 1091 1295 1129 v.
1325 1073 1461 1145 372,
1485 1079 1622 1140 440.
1646 1067 1735 1128 ἐπὶ
1754 1075 1936 1129 τοῦτον

399 1162 468 1217 V.
489 1198 550 1210 —
579 1179 650 1233 ¹9
687 1156 776 1217 τὸν
819 1157 976 1240 χορὸν
1017 1179 1135 1217 om.
1169 1163 1253 1216 M.
1284 1155 1505 1238 μιτρικὰ
1547 1163 1611 1217 V.
1639 1155 1828 1239 μέτρια
1856 1163 1928 1216 G.

402 1279 468 1294 —
498 1262 574 1301 ao
601 1242 761 1324 χορόν
798 1251 869 1306 V.
907 1243 1095 1327 χρόνον
1132 1246 1331 1305 ceteri.
1356 1244 1406 1305 εί
1427 1269 1481 1304 τι
1505 1244 1608 1326 ἄρα
1632 1251 1715 1304 Μ.
1744 1247 1935 1303 Locus

398 1349 518 1389 non
541 1331 766 1409 integer
790 1352 915 1392 esse
944 1333 1191 1392 videtur.
1218 1333 1448 1393 συνεῖδεν
1467 1334 1542 1394 Θ.
1572 1338 1654 1392 Μ.
1684 1331 1934 1392 συνειδεῖν

397 1422 468 1477 V.
502 1419 728 1479 συνιδεῖν
751 1424 823 1479 G.
845 1417 1077 1480 σύνοιδεν
1105 1421 1378 1479 Ald.-21
1408 1418 1499 1479 καὶ
1530 1440 1645 1479 om.
1672 1424 1756 1478 M.
1778 1418 1937 1477 Idem

401 1505 638 1585 σύζυγον.
681 1506 735 1567 ἓν
775 1506 997 1587 σύζυγον
1034 1508 1235 1567 scribit
1271 1513 1316 1568 F
1321 1509 1621 1567 ritzschius
1649 1513 1736 1567 De
1756 1527 1932 1567 carm.

399 1606 569 1672 myst.
601 1600 702 1655 Ar.
739 1616 800 1674 p.
831 1597 926 1655 50.
949 1639 1014 1650 --
1034 1617 1108 1655 aa
1151 1595 1387 1678 διχορίαν
1410 1598 1483 1658 Θ.
1525 1595 1789 1676 διχορείαν
1833 1615 1935 1653 ce-

400 1684 526 1742 teri.
544 1724 609 1733 -
633 1687 705 1743 23
733 1687 804 1751 ὥς
820 1683 882 1744 τὸ
903 1685 975 1751 εἰς
992 1688 1060 1743 V.
1072 1683 1164 1744 καὶ
1182 1686 1254 1752 εἰς
1272 1685 1476 1745 δώδεκα
1503 1685 1579 1745 Θ.
1607 1724 1672 1735 -
1700 1685 1929 1755 24-34

398 1790 513 1829 om.
545 1770 718 1831 etiam
747 1773 819 1833 Θ.
848 1778 933 1831 Μ.

480 1861 618 1936 357,
647 1863 721 1923 36
766 1862 911 1943 Πρὸς
951 1863 1175 1922 addidit
1206 1861 1506 1922 Dobraeus.
1552 1861 1713 1920 Idem
1767 1863 1937 1921 aliter

398 1954 688 2030 expressit
715 1953 917 2015 suidas
944 1973 989 2011 s.
1013 1953 1365 2036 Ταυροφᾶγον
1382 1994 1398 2020 ,
1426 1952 1626 2015 addito
1651 1952 1779 2034 φασὶ
1802 1950 1935 2035 ψεύ-

399 2038 577 2098 δεσθαι
605 2052 739 2119 post
765 2037 1012 2102 ἔπαθλον.
1045 2039 1385 2121 Ἀρίσταρχον
1415 2040 1636 2099 Suidas.
1666 2042 1933 2118 Legeba-

397 2140 496 2187 tur
523 2127 897 2211 Ἀριστόξενον.
920 2172 984 2183 -
1005 2132 1076 2203 37
1101 2127 1368 2208 οἰομένους
1396 2134 1469 2188 R.
1504 2142 1563 2188 et
1585 2130 1805 2189 Suidas.
1826 2130 1935 2190 οἷό-

400 2239 560 2295 μενοςν
578 2219 772 2277 ceteri.
791 2223 982 2298 ταῦρος
1008 2221 1213 2281 ναυτῶν
1242 2218 1304 2277 τὸ
1330 2224 1397 2276 V.
1427 2218 1515 2277 Ib.
1537 2216 1934 2298 εἴρηται-(44)

400 2302 637 2385 δράμασι
662 2305 812 2363 infra
843 2317 978 2383 post
1003 2307 1110 2363 τῶν
1149 2303 1379 2365 θυόντων
1408 2306 1445 2363 l.
1476 2307 1549 2374 48
1589 2318 1813 2384 ponunt
1852 2311 1927 2365 V.

398 2393 469 2454 Θ.
497 2404 556 2450 et
576 2393 698 2470 (qui
728 2393 849 2452 haec
881 2404 1102 2451 tantum
1143 2393 1327 2452 verba
1351 2396 1397 2451 οῖ
1435 2391 1492 2452 δὲ
1514 2390 1757 2452 ἔτι-τῶν
1795 2397 1933 2472 βακ-

397 2482 511 2559 χῶν
538 2479 737 2556 habet)
767 2484 846 2538 Μ.
870 2516 934 2529 -
963 2484 1037 2541 38
1066 2477 1214 2561 παρὰ
1231 2478 1300 2539 τὰ
1322 2480 1449 2540 Ald.
1478 2478 1626 2562 παρὰ
1652 2484 1731 2559 τῷ
1760 2483 1935 2563 Σοφο-

398 2568 514 2626 κλεῖ
536 2572 611 2625 G.
638 2604 702 2616 --
731 2569 805 2643 39
828 2567 919 2626 καὶ
941 2566 1023 2627 ὅτι
1051 2574 1125 2629 R.
1157 2581 1218 2627 et
1240 2569 1468 2630 Suidas.
1489 2607 1556 2621 -
1577 2576 1650 2637 40
1675 2569 1934 2629 ἐπιτιθέα-

399 2677 482 2714 σιν
508 2654 636 2714 Ald.
664 2653 998 2736 ταυροφάγον
1022 2651 1077 2714 δὲ
1099 2654 1228 2721 ἴσως
1248 2654 1405 2715 αὐτὸν
1433 2653 1524 2714 τὸν
1549 2657 1809 2736 Κρατῖνον
1837 2653 1933 2715 λέ·-

396 2766 502 2821 γει,
517 2740 553 2814 ἢ
574 2745 643 2810 ὡς
662 2742 961 2822 λαίμαργον
971 2745 1268 2825 κωμῳδῶν,
1280 2742 1315 2817 ἢ
1328 2741 1411 2803 ὅτι
1426 2743 1651 2803 ἔπαθλον
1664 2742 1933 2820 ἰλάμὸανε

398 2836 588 2911 ταῦρον
610 2836 756 2910 Reg.
799 2831 888 2892 1b.
922 2833 971 2891 οἱ
1007 2830 1062 2891 δὲ
1105 2829 1185 2892 ὅτι
1209 2837 1275 2893 V.
1312 2833 1384 2894 Θ.
1422 2845 1482 2892 et
1520 2832 1712 2891 Suidae
1750 2831 1932 2892 codex

400 2922 578 2980 Paris.
601 2926 667 2978 A.
688 2958 752 2970 —
775 2930 843 2989 4ι
873 2918 995 2979 ὅλον
1021 2941 1135 2979 om.
1168 2921 1394 2983 Suidas.
1432 2922 1594 2980 Idem
1621 2920 1935 2979 ἀποδιδόασι

400 3006 608 3087 μητέρα
631 3006 895 3090 Κρατίνου
922 3007 1040 3080 ἥτις
1064 3011 1249 3088 βακχ.,
1275 3009 1525 3068 lectione
1554 3008 1805 3067 absurde
1832 3010 1930 3068 iu-

400 3095 704 3174 terpolata,
735 3108 799 3154 ut
830 3108 984 3155 recte
1009 3095 1272 3173 judicare
1302 3098 1535 3156 videtur
1570 3097 1927 3156 Dindorfius..

398 3183 818 3263 Improbabilia
857 3185 1185 3262 suspicatur
1226 3185 1575 3244 Fritzschius
1632 3190 1719 3244 De
1754 3205 1929 3245 carm.

400 3285 574 3350 myst.
612 3291 674 3348 p.
720 3272 896 3330 55.-
922 3280 997 3340 42
1038 3269 1072 3329 ἅ
1106 3273 1243 3345 εἰσι,
1284 3273 1359 3343 43
1405 3270 1670 3350 τολμηρόν
1708 3272 1929 3332 Suidas.

401 3359 647 3441 τολμηρά
670 3364 736 3419 V.
762 3361 835 3421 Θ.
863 3364 938 3418 Μ.
965 3362 1014 3418 οἱ
1038 3355 1094 3417 δὲ
1112 3357 1325 3436 λέγουσι
1343 3359 1590 3441 τολμηρά
1616 3360 1688 3420 R.
1717 3364 1933 3440 βακχῶν

399 3452 481 3505 Μ.
506 3462 564 3506 et
585 3448 813 3506 Suidas.
839 3445 1057 3525 βάκχων
1081 3446 1212 3505 Ald.
1236 3448 1548 3525 Sequentia
1569 3467 1681 3505 om.
1705 3448 1933 3508 SuidaS.

398 3534 679 3615 τολμηρῶς
706 3537 800 3603 R..
822 3535 925 3610 qui
949 3542 1021 3602 44
1050 3532 1381 3613 βωμολόχοις
1404 3531 1458 3591 δὲ
1487 3553 1603 3593 om.
1624 3573 1686 3586 —
1709 3537 1783 3603 45
1803 3536 1934 3616 πρὸς

399 3618 680 3682 κολακείαν
707 3620 840 3679 Ald.
860 3657 923 3669 —
958 3628 1030 3691 47
1064 3619 1438 3697 μετενήνεκται
1467 3624 1535 3680 V.
1584 3620 1935 3701 μετήνεγκται

401 3716 473 3772 R.
499 3710 629 3769 Ald.
660 3707 980 3786 μετήνεκται
1003 3709 1210 3767 Suidas
1251 3730 1297 3771 s.
1324 3709 1659 3790 Βωμολόχος.
1702 3711 1790 3769 ἐπὶ
1824 3715 1932 3772 τῶν

397 3800 570 3859 idem.
594 3795 924 3874 Legebatur
942 3794 1045 3853 ὑπὸ
1067 3799 1193 3857 τῶν.
1218 3796 1310 3857 τὸν
1338 3797 1517 3878 βωμὸν
1540 3804 1612 3858 V.
1635 3836 1700 3851 -
1720 3799 1797 3858 48
1819 3801 1934 3858 ἐλι-

398 3886 602 3968 πάρουν
623 3884 846 3944 Suidas.
869 3907 924 3942 τι
951 3882 1136 3943 λαὸεῖν
1152 3890 1225 3944 V.
1264 3887 1335 3947 Θ.
1375 3885 1497 3967 περὶ
1526 3888 1632 3946 τῶν
1669 3891 1741 3946 R.
1766 3923 1831 3938 --
1856 3890 1932 3946 50

401 3974 704 4052 legebatur
728 3971 792 4032 τὸ
826 3971 963 4050 μηδὲ
994 3975 1097 4054 Κρ.
1119 4009 1172 4021 -
1202 3992 1236 4031 2
1256 3992 1341 4051 sq.
1365 3982 1481 4041 ταῖς
1502 3973 1728 4055 βάκχαις
1748 3981 1817 4035 G.
1840 3973 1934 4043 τὰς

400 4062 504 4140 βάκ
550 4084 608 4128 ας
624 4066 698 4120 V.

483 4085 618 4208 3χ62.
641 4154 880 4208 Lemma
899 4168 1023 4207 esse
1044 4147 1294 4208 debebat
1310 4147 1617 4231 τάπόρρητ’.
1639 4187 1700 4200 -
1728 4172 1797 4209 ιο
1813 4150 1934 4218 τοὺς

399 4235 739 4308 ποιήσαντας.
765 4236 938 4309 Quod
969 4236 1180 4314 plurali
1203 4256 1446 4296 numero
1471 4257 1609 4296 usus
1633 4251 1741 4310 est,
1769 4240 1927 4298 iudi-

399 4326 492 4383 cio
524 4345 648 4383 esse
681 4325 910 4384 videtur
942 4324 1086 4383 alios
1113 4326 1291 4384 alium
1328 4324 1451 4403 ejus
1483 4326 1690 4386 fabulae
1722 4341 1930 4386 aucto-

401 4433 522 4473 rem
546 4412 928 4492 perhibuisse.
957 4417 1224 4476 Munna.
1247 4414 1393 4474 nist.
1419 4418 1581 4474 Com.
1603 4435 1660 4493 p.
1683 4436 1779 4489 70.
1806 4420 1933 4476 No-

404 4514 486 4561 tat
510 4503 917 4579 grammaticus
942 4500 1218 4583 ἀπόρρητα
1235 4547 1252 4576 ,
1282 4502 1440 4580 quod
1462 4508 1748 4561 interdicta
1778 4506 1928 4584 apud

398 4591 850 4670 Aristophanem
888 4592 1163 4669 significat
1185 4634 1203 4663 ,
1236 4590 1311 4649 de
1356 4598 1573 4648 secretis
1615 4591 1834 4649 dictum
1868 4593 1930 4650 in

401 4680 595 4740 fabula
622 4680 1019 4739 Pherecratea.
1053 4683 1319 4739 Ceterum
1351 4690 1723 4756 comparetur
1748 4680 1926 4739 schol.

399 4768 473 4826 ad
520 4769 753 4828 Thesm.
810 4771 942 4841 370.
998 4772 1186 4826 Dum.
1230 4772 1426 4827 Recte.
1482 4767 1800 4827 Fritzschio
1841 4773 1928 4826 De

329 4881 330 4884 ¹
397 4877 573 4916 carm.
600 4868 762 4933 myst.
806 4876 865 4933 p.
898 4855 971 4929 57
1001 4876 1173 4915 nemo
1209 4857 1375 4916 facile
1401 4857 1746 4915 assentietur
1765 4900 1782 4929 ,
1811 4855 1929 4923 τοὺς

396 4942 830 5012 ὑποπτεύσαντας
865 4944 1197 5022 corrigenti.
1217 4983 1281 4996 —
1311 4967 1334 5003 1
1350 4965 1372 5003 1
1401 4944 1635 5017 ήκουσαν
1669 4945 1926 5003 Dindor-

2027 452 2116 512 καὶ
2139 487 2212 499 -
2240 444 2375 514 οἶδεν
2423 476 2541 515 non
2578 458 2718 517 satis
2758 459 3034 537 intellige.
3067 460 3351 519 Videntur
3402 484 3566 522 non-

2026 543 2183 601 nulla
2208 536 2511 603 excidisse.
2551 552 2734 605 Dum.
2780 547 3128 606 Fritzschius
3162 561 3345 608 tentat
3375 548 3433 608 ὃν
3468 550 3565 610 καὶ

2026 628 2181 696 αὐτὸς
2202 632 2256 689 ἐν
2289 631 2486 702 Νήσοις
2513 634 2602 693 vel
2642 631 2934 714 ἔμπροσθεν
2965 636 3061 694 vel
3097 634 3348 718 ἐνδοτέρω
3375 639 3565 715 (infra

2031 720 2167 795 381)
2199 708 2355 780 οἶδεν.
2386 721 2476 779 καὶ
2505 720 3013 800 αὐτὸς-ἐξάγεσθαι
3038 743 3154 782 om.
3190 729 3271 783 Μ.
3307 714 3441 784 εἶδεν
3463 728 3565 800 Θ.,

2026 806 2125 884 qui
2163 803 2355 888 ἀπόρρ.
2396 798 2463 880 ἦν
2507 806 2817 869 τὰ·ἀπ.-
2850 819 2915 879 14
2960 801 3052 868 οὖν
3096 815 3179 870 Μ.
3202 810 3452 892 ἀποφέρει
3487 815 3565 873 Θ.

2028 893 2156 952 Ald.
2182 926 2262 939 -—
2294 898 2362 954 16
2393 900 2577 954 τοῦτον
2604 895 2940 975 ἀποπέμπειν
2969 904 3061 971 V.‚
3082 899 3184 976 qui
3220 919 3285 971 ¹7
3313 897 3384 957 τὰ
3403 897 3566 981 ἀπόρ-

2026 1002 2160 1061 ρητα
2184 994 2316 1058 post
2346 980 2622 1055 Ἀθήνηθεν
2652 985 2836 1063 ponit.
2861 985 3186 1043 Delendum
3228 1004 3352 1043 esse
3388 986 3559 1044 vide-

2029 1079 2125 1127 tur
2142 1068 2464 1128 Dindorfi0.
2486 1102 2563 1117 --
2591 1074 2660 1130 18
2688 1068 2963 1152 ἀπόρρητα
2998 1062 3063 1142 ἦν
3087 1069 3154 1131 τὰ
3183 1077 3249 1130 V.
3285 1070 3566 1153 ἀπόρρητα

2022 1154 2090 1213 τὰ
2109 1157 2178 1217 Θ.
2204 1157 2334 1216 Ald.
2350 1157 2412 1216 τὸ
2429 1157 2560 1238 πρὸς
2578 1163 2802 1218 M.—2o
2820 1157 2857 1231 ἢ
2883 1158 2936 1228 ἐξ
2957 1158 3173 1238 Αἰγίνης
3194 1161 3563 1219 FritzschiuS.

2023 1245 2302 1326 ἕμπορεῖον
2326 1253 2398 1306 V.
2422 1284 2485 1299 --
2515 1267 2586 1306 αι
2630 1251 2659 1306 ὁ
2683 1248 2978 1329 Θωρυκίων
3018 1247 3135 1317 ταξ.
3171 1253 3241 1308 R.
3276 1247 3567 1329 ταξιάρχης

2022 1337 2099 1392 Μ.
2128 1346 2185 1393 et
2218 1334 2423 1394 Suidas
2456 1355 2500 1393 s.
2526 1334 2843 1416 Θωρυκίων.
2863 1373 2924 1386 -
2957 1355 3034 1395 αα
3065 1337 3173 1394 τῶν
3199 1355 3314 1394 om.
3343 1342 3417 1396 R.
3441 1374 3505 1387 -
3528 1339 3563 1395 3

2023 1422 2209 1480 ίαυτοῦ
2238 1423 2413 1481 etiam
2437 1422 2663 1484 Suidas.
2690 1424 2850 1483 αὐτοῦ
2876 1422 3006 1482 Ald.
3030 1424 3231 1482 ἑαυτῶν
3254 1422 3373 1481 (1υο
3397 1424 3569 1482 codi-

2024 1528 2118 1568 ces
2132 1510 2346 1570 Suidae.
2368 1510 2815 1582 Πελοποννησίοις
2835 1515 2963 1578 ναῦς
2990 1509 3267 1594 προδιδοὺς
3287 1512 3379 1571 καὶ
3403 1511 3567 1590 Αἴγι-

2021 1619 2116 1655 ναν
2144 1594 2239 1668 τὴν
2271 1600 2457 1657 ἑαυτοῦ
2501 1597 2734 1678 πατρίδα
2777 1603 2918 1676 Reg.
2943 1632 3004 1649 -
3026 1608 3098 1667 ²4
3140 1617 3226 1674 sq.
3254 1593 3312 1655 δὲ
3335 1614 3451 1653 om.
3480 1599 3549 1652 M

2021 1684 2314 1765 Θωρυκίων
2332 1709 2417 1767 γρ.
2444 1693 2516 1747 V.
2546 1686 2879 1768 Θωρυκίωνα
2905 1708 2989 1768 γρ.
3018 1688 3089 1746 Θ.
3117 1685 3280 1745 Idem
3306 1681 3571 1762 μιμούμε-

2020 1795 2119 1834 νοι.
2166 1774 2342 1852 Apud
2366 1774 2635 1849 Suidam,
2666 1777 2717 1834 οἱ
2753 1773 2809 1834 δὲ
2841 1772 2922 1834 ὅτι
2958 1772 3049 1833 τὸν
3089 1770 3425 1855 Θωρακίωνα
3465 1794 3565 1850 μι-

2023 1857 2281 1939 μούμενος
2297 1859 2353 1928 ὃς
2374 1851 2439 1934 ἦν
2467 1860 2753 1941 Αἰγινήτης
2772 1859 3053 1944 ταξίαρχος
3104 1874 3216 1921 etc.
3251 1887 3276 1912 ι
3306 1861 3404 1920 Bis
3422 1879 3567 1918 cor-

2021 1948 2208 2025 rigere
2249 1949 2383 2008 licet
2414 1948 2703 2032 Θορικίων.
2750 1950 2886 2010 Fuit
2918 1950 3073 2009 enim
3109 1946 3336 2030 Θόρικος
3381 1965 3569 2025 pagus

2023 2035 2207 2095 tribus
2250 2038 2671 2111 Acamantidis,
2716 2037 2883 2115 cujus
2928 2037 3064 2116 pagi
3099 2036 3201 2113 qui
3242 2047 3417 2107 esset,
3446 2046 3566 2092 tam

2020 2121 2268 2205 Θορίκιος
2299 2145 2471 2203 quam
2505 2124 2762 2208 Θορικεὺς
2806 2124 3225 2203 appellabatur.
3272 2126 3350 2181 At
3389 2124 3567 2204 Θορι-

2019 2208 2148 2269 κίων
2178 2209 2254 2270 ὢν
2301 2232 2479 2291 quum
2518 2213 2771 2292 permire
2806 2213 3027 2271 dictum
3070 2223 3185 2280 est,
3223 2224 3344 2269 tum
3376 2223 3567 2268 metro

2022 2318 2259 2378 prorsus
2290 2312 2594 2379 repugnat.
2638 2307 2908 2361 Fortasse
2935 2321 3010 2360 ex
3048 2300 3227 2359 Suida
3264 2317 3563 2378 reponen-

2019 2384 2158 2445 dum
2180 2386 2476 2470 Θωρακίων
2505 2410 2590 2470 γρ.
2619 2389 2737 2447 ἀντὶ
2759 2393 2854 2449 τοῦ
2878 2387 2968 2448 τὸν
3001 2386 3342 2467 Θωρακίωνα
3386 2408 3510 2464 μιμ.
3537 2411 3563 2438 ι

2018 2477 2327 2534 Farrzscn.
2354 2477 2391 2535 Ι.
2421 2495 2471 2535 c.
2507 2497 2565 2555 p.
2596 2477 2690 2554 59.

2103 2563 2237 2635 363,
2264 2582 2335 2636 27
2365 2583 2481 2622 om.
2504 2569 2573 2625 R.
2606 2569 2679 2625 V.
2711 2570 2925 2643 Regius
2950 2584 2966 2624 ε
2996 2559 3408 2641 Εἰκοστολόγος,
3436 2562 3564 2643 πρὶν

2018 2647 2109 2708 καὶ
2153 2649 2383 2723 τελώνης
2429 2649 2680 2732 ὑπάρχων
2720 2652 3103 2731 (Thorycion)
3150 2650 3242 2711 καὶ
3283 2655 3378 2721 τῆς
3414 2649 3568 2709 κάτω

2021 2736 2225 2819 μοίρας.
2251 2740 2300 2797 οἱ
2322 2740 2547 2799 τελῶναι
2571 2737 2629 2797 δὲ
2654 2737 2908 2821 πρότερον
2935 2734 3032 2816 μὶν
3050 2734 3413 2809 πεντηκοστὴν
3436 2736 3569 2814 μοῖέ

2023 2847 2117 2907 ραν
2146 2828 2251 2885 τῶν
2275 2826 2679 2908 ἀπαιτουμένων
2705 2825 3007 2906 ἕλάμὸανον
3025 2872 3043 2902 ,
3078 2826 3168 2887 καὶ
3198 2846 3568 2896 πεντηκοστο-

2018 2913 2169 2995 λόγοι
2205 2919 2489 2978 ἐκαλοῦντο
2508 2941 2523 2956 ·
2558 2908 2671 2977 εἶτα
2714 2916 3065 2997 εἷκοστολόγοι
3078 2962 3096 2991 ,
3136 2916 3229 2977 καὶ
3264 2917 3568 2976 τελευταῖον

2021 3009 2373 3089 δεκατολόγοι.

2104 3099 2240 3173 364,
2275 3100 2350 3157 32
2376 3098 2584 3182 γράψας
2608 3103 2639 3160 ὁ
2662 3097 2956 3182 Θωρυκίων
2977 3097 3251 3171 suidas-s.
3280 3094 3569 3173 Ἀσκώμα-

2019 3209 2106 3246 τα.
2133 3184 2338 3270 ἔπεμψε
2359 3192 2433 3248 R.
2461 3226 2521 3237 -
2547 3191 2619 3248 33
2660 3187 2961 3265 ἀσκώματα
3000 3184 3073 3244 τὶ
3115 3186 3169 3243 ἐν
3209 3191 3325 3250 ταῖς
3355 3182 3567 3253 κώπαις

2021 3275 2385 3357 σκεπαστήρια
2413 3276 2475 3335 ix.
2499 3275 2753 3358 δέρματος
2767 3319 2784 3348 ,
2832 3265 2906 3341 οἷς
2928 3278 3169 3356 χρῶνται
3198 3274 3254 3331 ἐν
3276 3280 3391 3337 ταῖς
3413 3271 3569 3352 τριή-

2022 3385 2134 3443 ρεσι
2170 3364 2393 3422 Suidas.
2436 3363 2573 3436 ὃὶν,
2622 3366 2693 3433 34
2728 3360 2865 3422 καθὰ
2909 3367 2944 3433 ἡ
2993 3367 3061 3419 V.
3099 3359 3217 3419 καθ’
3247 3358 3278 3418 ὃ
3317 3362 3502 3441 τρῆμα
3528 3365 3566 3431 ἡ

2021 3450 2245 3510 Suidas.
2274 3488 2338 3501 —
2361 3451 2435 3510 35
2459 3449 2610 3517 πόλις
2654 3449 2940 3522 Λακωνική
2984 3455 3078 3522 V.‚
3115 3467 3233 3507 om.
3281 3454 3351 3507 G.
3394 3472 3420 3500 α
3456 3452 3568 3507 So—

2021 3538 2277 3598 mniabat
2298 3540 2370 3598 de
2392 3560 2461 3598 ea
2477 3539 2795 3618 Epidauro,
2813 3539 2909 3597 cui
2928 3555 3250 3615 cognomen
3268 3536 3378 3594 fuit
3394 3540 3428 3607 ἡ
3456 3540 3567 3595 Λυ-

2022 3629 2186 3774 Ξηρά.
2210 3632 2607 3775 »dFr-itzschias.
2636 3627 2935 3710 Δυρράχιον
2971 3640 3057 3686 est
3096 3628 3158 3684 in
3198 3627 3289 3696 Θ.,
3318 3624 3565 3683 librario

2062 3739 2095 3776 e
2125 3723 2170 3775 E
2219 3719 2233 3775 i
2277 3736 2448 3776 amno
2473 3735 2545 3775 co
2588 3717 2782 3775 'tante.

2103 3737 2216 3862 3615>
2240 3811 2453 3886 προεῖτο
2481 3736 2861 3886 γὰξιχρήματα
2885 3798 3059 3861 πολλὰ
3086 3795 3282 3877 (πολλὰ
3300 3797 3562 3878 χρήματα

2019 3893 2090 3953 Θ.
2106 3890 2308 3958 πόλεως
2326 3889 2580 3973 χρήματα
2605 3891 2708 3970 Μ.)
2730 3893 2900 3972 Κῦρος
2926 3887 3219 3969 Λυσάνδρῳ
3231 3884 3350 3946 τότε
3368 3887 3563 3955 εἰςπό-

2019 3982 2078 4039 λι
2123 4002 2179 4039 ον
2207 3985 2282 4041 V.
2309 3981 2378 4042 Θ.
2411 3985 2486 4038 Μ.

2081 4003 2235 4140 μ366,
2263 4076 2293 4136 4
2309 4090 2328 4125 ι
2359 4066 2627 4146 εἰσήνεγκε
2646 4068 2824 4149 δρᾶμα
2845 4065 2936 4124 καὶ
2960 4065 3167 4124 suidas
3185 4083 3232 4122 S.
3258 4063 3562 4145 Κατατιλᾷ.

2019 4165 2131 4224 -42
2177 4153 2515 4228 κατετίλησεν
2565 4155 2725 4226 αὐτῆς
2766 4153 2993 4213 Suidas.
3043 4152 3352 4223 κατείλησει
3394 4152 3561 4223 αὐτὴν

2017 4245 2085 4299 V.
2122 4241 2460 4315 κατετίλησεν
2489 4239 2652 4313 αὐτὴν
2680 4246 2763 4300 Μ.
2788 4239 3159 4319 καθωμίλησεν
3191 4237 3355 4311 αὐτὴν
3392 4239 3464 4299 Θ.
3494 4281 3564 4293 -

2020 4338 2054 4398 4
2084 4329 2340 4410 ἠρυφίασε
2368 4330 2591 4389 Suidas.
2618 4329 2953 4412 ἐγεφυρίαζε,
2991 4328 3392 4397 cavillabatur,
3425 4332 3562 4385 illu-

2017 4417 2220 4487 debat,
2262 4422 2623 4477 Hermannus
2648 4437 2741 4495 ap.
2774 4417 3189 4490 Fritzschium‚
3216 4416 3317 4493 qui
3357 4434 3430 4473 ex
3464 4415 3563 4473 Al-

2018 4503 2156 4563 dino
2175 4506 2394 4564 scholio
2420 4505 2590 4585 ponit
2606 4505 3006 4585 ἐπανηγυρίαζε.
3032 4543 3089 4555 -
3108 4505 3178 4572 43
3201 4506 3276 4569 εἰς
3299 4501 3462 4573 αὐτήν
3481 4504 3558 4565 Θ.

2017 4597 2094 4652 Μ.
2123 4593 2436 4670 Sequentia
2456 4612 2573 4653 om.
2599 4593 2772 4650 etiam
2796 4594 2868 4652 Θ.
2895 4597 2977 4652 Μ.

2101 4682 2236 4756 367,
2270 4681 2346 4739 50
2374 4683 2446 4746 εἷς
2482 4678 2726 4761 ἀργύριον
2758 4681 3006 4738 codices.
3026 4679 3193 4738 conf.
3221 4677 3404 4736 schol.
3430 4680 3553 4735 Ec-

2018 4769 2152 4830 cles.
2180 4788 2306 4826 102.
2330 4805 2393 4818 --
2418 4770 2491 4827 52
2519 4767 2793 4844 ἱστάμενοι
2817 4767 3111 4826 iidem.-1
3139 4762 3225 4824 διὰ
3248 4763 3339 4824 τὸν
3368 4761 3561 4845 Ἀγύρ-

2018 4877 2125 4939 ριον
2153 4857 2494 4917 Brunckius.

2098 4944 2231 5004 368.
2272 4949 2419 5004 Cum
2460 4944 2573 5002 hoe
2619 4943 2840 5001 scholio
2889 4961 3158 5020 compara
3207 4939 3560 4999 Philemonis

398 5025 520 5091 iius..
549 5029 873 5109 Legebatur
899 5030 1134 5103 ἥκουσιν.
1185 5031 1406 5105 ἤκουσεν
1428 5032 1827 5100 Dobraeus....-
1858 5054 1923 5090 ιο
2022 5033 2268 5092 Lexicon
2293 5053 2345 5090 v.
2364 5031 2531 5098 Τέλος
2549 5045 2607 5091 et
2627 5032 2992 5091 Favorinum.
3017 5067 3078 5082 -
3098 5030 3133 5087 8
3157 5028 3455 5106 Euripidis
3481 5048 3559 5087 ex
