3859 5725
1784 177 2068 242 AVIUM.
3367 157 3476 252 ⁴31*

333 313 625 385 ἀλαζονεία.
672 313 813 391 Qua
857 314 1071 375 inserta
1114 323 1252 374 sunt
1298 332 1373 372 ex
1422 312 1620 372 Suidae
1655 311 1864 390 glossis
1957 310 2040 368 ait
2066 310 2266 370 solitos
2286 329 2409 370 esse
2439 325 2640 390 poetas
2660 315 2894 375 nomina
2920 315 2996 375 de
3019 317 3224 379 vicinis
3253 333 3483 382 mutua·

332 404 574 464 duabus.
601 410 786 463 Dum.

421 515 549 570 199,
578 497 652 552 23
688 492 723 564 ἢ
753 513 866 552 om.
903 497 1055 550 R...
1076 492 1153 548 26
1176 489 1334 571 φησὶν
1363 509 1478 547 om.
1509 494 1581 548 V.

413 601 528 639 ηοω
558 586 633 640 R.
670 582 790 639 haec
820 591 1043 638 tantum
1073 576 1275 645 habet,
1308 573 1461 643 τόπος
1488 572 1774 657 σύμφυτος.

414 671 549 738 203,
588 689 665 745 ²9
691 667 846 728 Ἐπεὶ
874 673 909 740 ἡ
946 666 1163 748 Πρόκνη
1191 664 1398 743 γαμετὴ
1430 667 1587 724 αὐτοῦ
1620 653 1718 737 ἦν,
1746 661 1861 734 ἥτις

328 762 403 817 R.
426 791 489 805 —
507 759 581 816 30
608 760 679 825 εἷς
706 755 921 829 ἀηδόνα.
948 756 1193 814 Videtur
1231 755 1325 813 hic
1368 754 1701 814 scholiastes
1742 771 1859 831 pu-

332 858 478 920 tare,
503 851 762 904 Procnen
788 864 1030 904 uxorem
1055 843 1226 903 Terei
1252 843 1315 901 in
1341 843 1641 901 lusciniam
1669 854 1857 900 trans-

331 933 635 1004 formatam
668 933 872 1004 fuisse,
910 952 1091 1010 quum
1122 931 1197 989 sit
1225 931 1489 1009 vulgata,
1526 941 1584 990 et
1633 928 1857 1004 melior,

329 1022 527 1092 credo,
556 1023 781 1099 opinio,
804 1041 931 1080 eam
971 1021 1033 1078 in
1063 1018 1450 1094 hirundinem,
1478 1017 1855 1077 Philomelam

329 1127 472 1167 vero
505 1129 763 1168 sororem
808 1110 867 1166 in
912 1106 1243 1180 lusciniam,
1273 1118 1517 1165 mutatas
1553 1106 1725 1163 fuisse
1753 1127 1767 1162 :
1798 1116 1857 1163 et

328 1198 411 1255 sic
440 1196 675 1273 quidem
717 1215 791 1255 ex
821 1197 1071 1254 nominis
1111 1196 1408 1256 notatione
1443 1194 1595 1253 ratio
1625 1193 1851 1253 suadet.

325 1289 475 1344 Nam
502 1284 813 1346 Philomela
840 1282 945 1343 ἀπὸ
963 1287 1056 1342 τοῦ
1095 1284 1261 1365 φιλεῖν
1286 1281 1357 1341 τὰ
1387 1281 1525 1361 μέλη
1559 1282 1714 1341 dicta
1741 1294 1855 1355 est,

325 1372 483 1449 quod
512 1372 761 1436 lusciniae
786 1373 1052 1451 apprime
1080 1372 1383 1444 convenit;
1405 1391 1535 1448 quae
1562 1384 1620 1429 et
1647 1370 1776 1449 plus
1798 1381 1857 1428 et

326 1460 510 1536 multo
560 1461 765 1520 melius
812 1460 996 1534 canit,
1045 1479 1216 1536 quam
1275 1478 1630 1537 quaecunque
1676 1459 1857 1516 altera

324 1550 485 1622 avis;
515 1550 676 1610 nullo
709 1548 885 1608 modo
924 1567 1064 1606 vero
1101 1546 1431 1621 hirundini,
1485 1566 1610 1626 quae
1651 1566 1853 1606 vocem

324 1636 566 1711 exilem,
621 1655 854 1695 raucam
889 1648 949 1693 et
991 1636 1228 1694 minime
1264 1648 1487 1713 gratam
1529 1635 1771 1708 emittit;
1798 1645 1856 1693 et

323 1726 521 1801 plures
543 1743 615 1783 ex
637 1724 888 1801 antiquis
909 1722 988 1781 ita
1006 1736 1375 1783 censuerunt.
1397 1724 1660 1801 Hyginus
1681 1735 1854 1796 certe,

324 1812 429 1889 qui
471 1812 545 1872 de
592 1812 802 1872 sabulis
838 1831 913 1870 ex
958 1811 1221 1889 professo
1262 1812 1526 1889 scripsit,
1571 1831 1700 1889 cap.
1742 1830 1855 1894 arv

321 1920 449 1959 eam
480 1912 658 1959 totam
690 1899 941 1960 fabulam
987 1910 1201 1972 narrat,
1245 1910 1304 1955 et
1347 1904 1609 1958 Procnen
1651 1900 1710 1956 in
1754 1899 1852 1956 hi-

320 1989 649 2063 rundinem,
677 1987 1046 2048 Philomelam
1072 1987 1133 2046 in
1155 1986 1453 2046 lusciniam
1483 1999 1733 2046 mutatas
1760 2008 1855 2045 as-

320 2079 504 2139 serit:
535 2075 693 2155 quod
732 2096 767 2133 a
811 2071 1063 2154 quodam
1112 2076 1354 2160 antiquo
1395 2080 1597 2134 Graeco
1650 2076 1850 2153 procul

320 2165 505 2228 dubio
539 2174 879 2245 acceperat:
910 2163 1058 2222 forte
1092 2184 1164 2222 ex
1193 2164 1487 2224 Nicandro
1514 2164 1577 2224 in
1610 2162 1851 2245 Ἑτεροι-

319 2254 575 2331 ουμένοις.
607 2257 679 2314 Et
710 2252 971 2310 maximae
998 2251 1358 2311 auctoritatis
1381 2265 1552 2331 poeta
1576 2254 1854 2332 Virgilius

321 2343 539 2421 Georg.
578 2347 610 2407 4
640 2340 721 2398 ita
746 2340 943 2410 sentit,
968 2359 1147 2416 quum
1175 2340 1255 2398 ait
1281 2361 1294 2397 ε

443 2471 619 2524 absint
636 2472 688 2521 et
709 2469 830 2533 picti
847 2469 1117 2533 squalentia
1138 2471 1272 2534 terga
1291 2471 1462 2522 lacerti

444 2541 703 2604 pungutbus
724 2554 754 2590 a
770 2538 1000 2600 stabulis3
1021 2551 1356 2603 meropesque,
1379 2542 1586 2605 alioeque
1604 2543 1852 2607 volucres,

445 2617 501 2664 et
515 2611 738 2666 manibus
755 2615 938 2661 Procne
962 2613 1130 2673 pectus
1147 2613 1334 2675 signata
1352 2614 1583 2663 cruentis.

443 2682 619 2732 Omnia
637 2695 750 2732 nam
770 2682 865 2732 late
884 2683 1092 2744 vastant,
1114 2683 1340 2746 ipsasque
1361 2686 1582 2735 volantes

442 2765 525 2802 ore
544 2752 725 2813 serunt,
749 2751 940 2801 dulcem
962 2751 1088 2802 nidis
1105 2752 1374 2803 immitibus
1391 2767 1568 2805 escam.

322 2874 466 2945 Quae
511 2869 707 2929 omnia
737 2868 1030 2928 hirundini
1057 2871 1443 2943 conveniunt,
1484 2890 1848 2951 nequaquam

320 2958 592 3017 lusciniae.
635 2961 782 3017 Nam
822 2956 1160 3016 hirundines
1199 2978 1339 3035 apes
1380 2972 1438 3017 et
1482 2961 1595 3019 alia
1633 2962 1851 3020 insecta

321 3047 576 3113 volatilia
604 3058 993 3122 assequuntur
1024 3047 1293 3121 volando,
1323 3060 1381 3104 et
1421 3068 1489 3106 ea
1525 3049 1849 3128 depascun-

320 3146 458 3193 tur:
497 3146 559 3193 at
593 3133 852 3191 luscinias
893 3152 1117 3192 vermes
1149 3147 1475 3211 terrestres,
1516 3157 1750 3213 erucas,
1793 3153 1852 3199 et

314 3225 429 3285 alia
470 3225 532 3283 id
572 3244 752 3302 genus
799 3237 1133 3285 sectantur:
1172 3239 1231 3284 et
1273 3226 1356 3285 ibi
1398 3241 1649 3305 nugatur
1697 3230 1850 3289 serio

317 3315 577 3385 Servius,
598 3314 701 3391 qui
727 3314 811 3371 sic
839 3313 1043 3373 scribit
1081 3335 1096 3371 ε
1138 3318 1356 3373 Nomen
1387 3324 1582 3393 posuit
1599 3339 1706 3394 pm
1744 3340 1849 3376 no-

315 3411 481 3462 mine.
526 3408 677 3463 Nam
716 3405 1027 3463 Philomela
1048 3411 1105 3461 in
1153 3406 1502 3465 hirundinem
1535 3429 1703 3466 versa
1743 3424 1844 3466 est.

316 3497 395 3552 Et
418 3492 659 3570 Virgilio
686 3493 804 3551 vim
840 3492 1006 3565 facit,
1031 3506 1098 3551 ut
1125 3513 1258 3552 eum
1281 3496 1353 3552 ad
1393 3515 1556 3554 suam
1586 3496 1850 3556 traducat

316 3581 677 3653 sententiam,
708 3593 767 3639 et
792 3581 847 3638 ei
873 3601 1131 3639 errorem
1165 3583 1465 3657 attribuit,
1494 3597 1559 3641 ut
1586 3589 1847 3645 Procnen

316 3688 427 3745 pro
455 3667 770 3727 Philomela
810 3671 1096 3747 posuerit.
1148 3674 1221 3729 Et
1261 3672 1525 3748 quamvis
1558 3673 1618 3731 in
1641 3676 1847 3733 eodem

316 3756 466 3815 libro
508 3757 748 3815 iuferius
785 3777 912 3815 eam
964 3774 1162 3818 rursus
1199 3756 1458 3837 proferat
1501 3767 1846 3825 sententiam

315 3846 611 3923 Virgilius»,
634 3844 775 3903 dum
799 3847 913 3904 ait:

437 3971 607 4027 Qualis
624 3973 829 4036 populea
844 3987 1051 4025 moerens
1071 3975 1332 4039 philomela
1349 3980 1441 4029 sub
1461 3982 1631 4033 umbra
1643 4018 1658 4045 ,

434 4044 643 4092 unissos
662 4044 884 4106 queritur
907 4046 1071 4105 t'oetus,
1092 4060 1218 4110 quos
1237 4048 1391 4101 durus
1412 4057 1574 4102 arator

436 4111 705 4165 oboervans
720 4113 837 4162 nido
852 4113 1113 4178 implumes
1136 4118 1349 4171 detraxit
1369 4134 1385 4171 2
1409 4125 1463 4172 at
1478 4122 1559 4173 illa

436 4182 521 4232 flet
542 4186 756 4245 noctem,
782 4197 1014 4249 ramoque
1036 4187 1213 4239 sedens
1232 4191 1502 4243 miserabile
1525 4207 1721 4246 carmen

435 4253 672 4316 integrat,
692 4255 742 4304 et
761 4254 944 4305 moestis
962 4257 1058 4307 late
1077 4257 1183 4308 loca
1204 4261 1457 4325 questibus
1476 4262 1656 4328 implet.

313 4359 429 4419 Ubi
460 4360 650 4438 palam
683 4361 963 4440 Virgilius
1000 4383 1108 4441 per
1145 4366 1518 4427 Philomelam
1544 4371 1841 4430 lusciniam

312 4448 613 4526 intelligit:
636 4449 795 4507 nulla
819 4450 973 4511 enim
997 4452 1108 4509 alia
1137 4454 1260 4511 avis
1279 4453 1516 4533 (praeter
1545 4457 1842 4535 lucifugas,

312 4555 443 4612 quae
468 4534 659 4595 dirum
687 4537 828 4614 quid
853 4536 1097 4617 ejulant)
1126 4555 1295 4600 nocte
1320 4544 1492 4601 canit.
1524 4546 1614 4603 Ibi
1654 4558 1841 4605 tamen

310 4624 576 4701 pertinax
626 4627 860 4685 Servius
901 4647 1103 4686 rursus
1144 4629 1385 4707 Virgilio
1412 4633 1531 4690 vim
1580 4633 1741 4709 facit,
1785 4648 1843 4693 et

308 4712 394 4770 ait
426 4732 441 4768 :
466 4715 780 4773 Philomela
794 4737 906 4791 pro
943 4722 1136 4791 quavis
1170 4738 1274 4775 ave
1300 4740 1319 4773 .·
1344 4739 1477 4775 nam
1505 4728 1711 4796 speclea·
1759 4736 1845 4779 est

310 4815 422 4872 pro
455 4819 674 4876 genere.
720 4806 795 4860 Et
837 4823 1038 4863 rursus
1081 4805 1154 4863 ad
1191 4808 1313 4864 haec
1363 4806 1537 4867 verba
1585 4809 1838 4886 ejusdem

311 4884 487 4945 libri:

556 4978 799 5028 Remeato
820 4991 849 5028 a
870 4980 1101 5041 sanguine
1123 4981 1330 5032 Teucri:

552 5067 723 5114 Senot..
758 5074 1019 5117 Anus-torn.

1950 416 2042 472 re,
2070 410 2127 456 et
2150 398 2387 458 adducit
2415 401 2526 459 hoc
2558 402 2924 481 exemplum:

2074 519 2134 566 Et
2153 517 2379 568 manibus
2399 523 2581 569 Procne
2602 520 2773 582 pectus
2793 520 2982 584 signata
3004 523 3233 574 cruentis.

1947 626 2060 679 Pm
2100 624 2433 684 Philomela.
2476 627 2690 683 Contra
2741 627 3007 685 Servium
3050 641 3236 688 tamen
3283 644 3480 709 aperte

1949 721 2170 787 pugnat
2197 710 2485 768 Martialis
2510 709 2710 789 Epigr.
2745 709 2847 771 lib.
2885 722 2952 782 14

2069 840 2171 890 Flet
2188 840 2453 890 Philomela
2471 841 2607 892 nefas
2630 842 2798 893 incesti
2815 848 2993 894 Tereos
3006 881 3023 907 ,
3043 847 3095 895 et
3112 860 3223 910 quas

2123 914 2262 961 muta
2282 912 2444 975 puella
2463 912 2575 975 suit,
2601 914 2791 976 garrula
2814 913 2970 965 fertur
2986 915 3109 966 avis.

1945 1021 2092 1078 Nam
2126 1031 2285 1076 muta
2329 1020 2525 1097 puella
2567 1039 2686 1077 non
2719 1020 2828 1079 fuit
2867 1019 3122 1092 Procne,
3152 1022 3253 1082 sed
3282 1023 3483 1082 Philo-

1947 1108 2123 1181 mela;
2151 1127 2256 1166 nec
2281 1109 2403 1166 avis
2427 1108 2542 1168 ulla
2570 1109 2744 1186 magis
2766 1110 2997 1188 garrula
3024 1130 3196 1188 quam
3220 1110 3483 1184 luscinia,

1945 1214 2073 1271 quae
2100 1193 2360 1252 canendo
2394 1195 2512 1254 fere
2551 1196 2862 1274 rumpitur.
2913 1201 3168 1268 Tamen,
3215 1218 3289 1256 ne
3340 1200 3482 1275 quid

1945 1279 2327 1354 dissimulem,
2375 1282 2712 1342 scholiastes
2762 1284 2994 1343 videtur
3035 1286 3202 1364 sequi
3247 1287 3480 1346 Aristo-

1946 1368 2150 1445 phanis
2196 1372 2571 1446 sententiam,
2618 1372 2720 1449 qui
2762 1374 2900 1431 satis
2953 1374 3107 1434 clare
3153 1374 3377 1450 innuit,
3420 1396 3484 1434 se

1945 1469 2153 1533 putare
2179 1476 2424 1516 uxorem
2455 1459 2624 1518 Terei
2649 1460 2710 1517 in
2741 1460 3060 1532 lusciniam,
3084 1461 3314 1536 ἀηδόνα,
3346 1483 3479 1522 mu-

1945 1551 2122 1602 tatam
2151 1545 2357 1616 fuisse,
2387 1544 2525 1604 dum
2556 1552 2819 1625 Epopem
2856 1569 2959 1606 seu
2997 1554 3250 1608 Tereum
3277 1549 3480 1610 dicen·

1945 1643 2058 1690 tem
2082 1632 2323 1705 inducit,
2346 1630 2443 1704 τὴν
2470 1633 2602 1710 ἐμὴν
2629 1634 2858 1710 ἀηδόνα,
2888 1649 2967 1709 et,
2989 1636 3087 1715 ἄγι
3110 1635 3335 1716 σύννομέ
3363 1660 3483 1715 μου

1943 1730 2001 1776 et
2037 1719 2220 1777 multo
2270 1720 2830 1799 expressius,quum
2873 1724 2957 1782 ait
3003 1724 3304 1784 lusciniam
3333 1727 3482 1785 allo-

1943 1827 2157 1884 quens,
2197 1803 2288 1865 τὸν
2332 1805 2459 1883 ἐμὸν
2506 1806 2596 1865 καὶ
2640 1807 2732 1867 σὺν
2777 1808 3111 1893 πολύδακρυν
3137 1809 3306 1873 Ἴτυν.
3358 1817 3482 1892 Itys

1944 1895 2098 1953 enim
2141 1907 2268 1953 erat
2310 1895 2481 1954 Terei
2522 1907 2580 1953 et
2626 1901 2906 1973 Procnes,
2950 1920 3067 1960 non
3098 1920 3239 1960 vero
3276 1902 3479 1962 Philo-

1945 1982 2136 2057 melae3
2181 1996 2243 2042 et
2290 1983 2695 2061 Aristophanis
2740 1988 3080 2047 sententiam
3120 2001 3352 2048 secutus
3393 2004 3482 2050 est

1945 2075 2148 2130 Varro.
2185 2071 2298 2131 Sed
2325 2072 2385 2156 in
2414 2090 2483 2130 ea
2526 2073 2845 2149 quaestione
2891 2096 3008 2135 non
3059 2089 3146 2136 est
3190 2078 3479 2137 altercan-

1944 2158 2118 2234 dum,
2147 2173 2280 2219 utra
2307 2161 2383 2218 sit
2412 2160 2610 2219 verior
2651 2162 2967 2231 sententia,
3007 2164 3244 2242 quando
3286 2164 3479 2225 fabula

1944 2247 2077 2305 ficta
2117 2260 2174 2306 et
2214 2268 2245 2306 a
2281 2249 2525 2307 veritate
2556 2249 2744 2308 aliena
2775 2262 2877 2308 est.
2905 2250 3020 2311 Sed
3050 2266 3229 2330 quum
3266 2273 3480 2312 conve-

1944 2336 2344 2394 niatlusciniae
2378 2356 2586 2394 nomen
2619 2335 2973 2415 philomelae,
3003 2339 3073 2396 iis
3105 2339 3349 2413 acced0,
3375 2343 3478 2419 qui

1943 2423 2313 2482 Philomelam
2370 2423 2674 2482 lusciniam
2732 2435 2971 2494 vocant,
3028 2431 3289 2485 Procnen
3335 2448 3479 2488 vero

1942 2510 2335 2569 hirundinem.
2371 2515 2623 2570 Pausa.

2025 2619 2162 2677 209,
2196 2600 2270 2657 35
2303 2598 2358 2659 δὲ
2385 2620 2501 2658 om.
2527 2604 2595 2658 R.

2024 2708 2057 2744 α
2071 2708 2089 2744 1
2105 2709 2159 2761 2,
2184 2690 2258 2756 45
2278 2708 2401 2765 sqq.
2424 2692 2572 2746 Cum
2591 2688 2704 2746 hoc
2720 2689 3094 2748 recentissimi
3118 2692 3471 2768 grammatici

1942 2775 2163 2835 scholio
2184 2777 2382 2834 confer
2427 2777 2740 2835 Eudociam
2767 2797 2824 2855 p.
2857 2781 2990 2852 3²7·
3012 2784 3195 2837 Diuo.

2024 2866 2140 2922 216
2165 2863 2317 2946 Ἠχὼ
2342 2865 2456 2924 ἀντὶ
2487 2871 2579 2925 τοῦ
2609 2869 2640 2937 ἡ
2677 2864 2823 2946 φωνή
2858 2889 2970 2925 σου.
3001 2866 3116 2925 ἀντὶ
3143 2874 3239 2927 τοῦ
3284 2869 3472 2952 χωρή-

1942 2975 2023 3011 σει
2050 2958 2120 3013 R.

2025 3062 2162 3117 217,
2194 3041 2260 3099 15
2287 3038 2527 3119 Ἐλέγοις
2545 3049 2650 3106 τοῖς
2679 3040 2883 3121 θρήνοις
2908 3048 2977 3104 R.

2024 3134 2160 3203 218,
2199 3151 2267 3207 ¹9
2292 3128 2431 3189 Ἀντὶ
2461 3135 2556 3189 τοῦ
2586 3150 2707 3188 om.
2738 3134 2808 3188 R.
2833 3154 2894 3180 -·
2917 3152 2992 3189 ao
3025 3130 3125 3213 γὰρ
3150 3156 3264 3217 κυρ.
3284 3140 3352 3194 R.

2022 3218 2139 3275 225
2165 3217 2460 3295 διελέγοντο
2485 3223 2551 3277 V.

2023 3307 2163 3381 228,
2190 3308 2262 3364 33
2298 3306 2361 3366 τὸ
2390 3304 2444 3364 δὲ
2480 3304 2670 3366 immi
2698 3308 2790 3368 καὶ
2823 3302 2889 3365 τὰ
2913 3312 3130 3367 τοιαῦτα
3155 3310 3235 3368 δεῖ
3260 3311 3390 3371 Ald.
3408 3345 3473 3363 --

1942 3392 2013 3459 34
2046 3396 2113 3471 τῇ
2143 3395 2292 3475 φωνῇ
2320 3411 2436 3451 om.
2470 3397 2538 3450 V.
2569 3392 2701 3453 Ald.

2026 3480 2161 3554 231,
2193 3490 2268 3550 4ο
2295 3482 2481 3548 κοινῶς
2520 3484 2590 3540 R.
2625 3486 2695 3540 V.
2724 3523 2786 3534 -
2824 3488 2892 3548 41
2926 3471 3102 3541 εἶπεν·
3136 3481 3248 3542 ἐπεὶ
3293 3486 3354 3543 οὗ
3395 3491 3470 3551 V.

1939 3568 2073 3626 ald.
2098 3607 2159 3620 -
2184 3580 2255 3639 [04
2286 3572 2353 3648 τῇ·
2378 3590 2493 3628 om.
2512 3574 2583 3628 R.

2028 3665 2165 3733 244,
2203 3678 2272 3716 ιιι
2299 3660 2328 3716 ὁ
2354 3658 2515 3724 ἑλιῖος
2548 3656 2670 3716 Ald.
2706 3658 2733 3713 ὁ
2759 3656 2927 3721 ἑλείας
2963 3662 3031 3716 V.

2023 3744 2160 3819 245,
2197 3765 2262 3817 17
2295 3744 2509 3804 ἐσθίετε.
2539 3747 2673 3803 Haec
2712 3743 3115 3822 interpretatio
3143 3759 3366 3824 spectat
3398 3747 3468 3807 ad

1935 3830 2192 3906 κᾶπτετε,
2221 3834 2315 3891 cui
2339 3833 2733 3912 superscripta
2754 3833 2924 3891 estin
2953 3836 3024 3893 V.
3053 3838 3233 3892 Dum.

2018 3930 2155 3999 249,
2188 3941 2262 3981 ao
2289 3923 2429 3980 ἔλεῖα
2455 3927 2526 3981 V.
2557 3920 2690 3981 Ald.
3443 3968 3450 3973 .

2018 4009 2164 4081 250,
2205 4019 2391 4085 ²9·l⁸2
2423 4008 2623 4068 iisdem
2655 4008 2846 4068 verbis
2874 4010 3145 4087 leguntur
3165 4010 3319 4088 apud
3345 4016 3467 4070 Eu-

1933 4094 2157 4155 dociam
2200 4117 2258 4175 p.
2299 4099 2478 4155 36.-
2514 4098 2585 4171 37
2619 4094 2764 4176 παρὰ
2798 4100 2875 4177 τῷ
2919 4096 3102 4178 σίλλῳ.
3147 4102 3277 4156 Imo
3323 4118 3465 4158 vero

1933 4181 2079 4263 παρὰ
2107 4186 2183 4263 τῷ
2221 4185 2464 4266 αἰγιαλῷ.
2494 4185 2786 4243 Lucianus
2816 4185 2988 4243 etiam
3024 4186 3084 4243 in
3113 4185 3282 4243 initio
3323 4188 3468 4246 Hal-

1934 4273 2163 4345 cyonis,
2192 4271 2297 4331 ἀπὸ
2324 4275 2428 4330 τῶν
2444 4273 2720 4351 αἰγιαλῶν,
2740 4284 2798 4330 et
2830 4272 3095 4350 plerique
3120 4273 3218 4331 alii
3242 4274 3467 4351 halcyo-

1932 4380 2063 4422 nem
2099 4361 2154 4419 ἐν
2178 4368 2283 4427 τοῖς
2313 4362 2565 4439 αἰγιαλοῖς
2597 4361 2864 4439 quiritari
2888 4362 3141 4419 tradunt.
3161 4365 3467 4421 nausa-sn·-

1932 4471 2064 4509 nus.
2105 4449 2176 4507 ad
2206 4450 2443 4509 Lucian.
2471 4451 2748 4526 Halcyon.
2783 4469 2834 4506 c.
2861 4470 2904 4522 1,
2945 4469 3004 4526 p.
3048 4450 3175 4521 178.
3209 4450 3316 4508 Vir
3350 4451 3462 4509 do-

1929 4549 2057 4595 ctus
2083 4556 2256 4615 penes
2284 4557 2454 4615 quem
2484 4538 2621 4595 olim
2655 4538 2765 4595 suit
2788 4537 3087 4615 exemplar
3116 4556 3307 4594 meum
3339 4539 3464 4597 edi-

1932 4626 2103 4684 tionis
2131 4626 2366 4683 Kusteri
2409 4626 2530 4683 haec
2554 4624 2861 4701 adscripsit
2885 4643 2899 4679 ε
2928 4647 2953 4675 α
2976 4622 3182 4703 xmo]
3207 4625 3463 4685 Eudocia

1930 4729 1987 4788 p.
2032 4712 2106 4768 36
2147 4710 2242 4769 dat
2281 4709 2501 4791 τύμὸῳ,
2527 4710 2683 4788 quod
2708 4708 2883 4770 habet
2908 4720 2967 4765 et
2991 4711 3278 4783 Varinus,
3309 4711 3460 4771 unde

1927 4818 2030 4857 sua
2055 4799 2245 4857 hausit
2268 4799 2642 4879 ψευδευδοκία,
2671 4817 2820 4875 quae,
2850 4798 2962 4856 nisi
2997 4818 3087 4856 me
3124 4798 3318 4857 omnia
3339 4796 3458 4861 fal-

1928 4885 2085 4963 lunt,
2113 4901 2197 4945 est
2222 4888 2346 4964 ipse
2373 4886 2643 4945 varinus.
2668 4890 2734 4943 V.
2760 4903 2853 4945 me
2878 4885 2951 4943 ad
2975 4886 3268 4945 Van-inum.
3290 4909 3317 4938 n
3348 4890 3459 4947 Re·

1929 4973 2058 5052 cepi
2097 4974 2517 5034 Heinsterhusii
2554 4972 3031 5033 emendationem.
3080 4972 3266 5055 τύμὸιρ
3314 4995 3457 5038 vero

3195 5082 3251 5130 31
