3859 5725
1583 230 1858 292 Ava.
2037 253 2044 260 ²
3186 239 3303 294 493

271 367 397 421 1288
415 363 498 423 sic
523 361 583 421 in
606 362 761 437 Ald.‚
781 363 851 429 ὥς
880 359 1303 439 ἔπῌαιμῶνας.
1330 358 1507 429 ἔπαιξε
1533 357 1590 418 δὲ
1615 361 1686 425 εἰς

196 449 425 530 ..βιὸλία,
444 448 710 510 τουτέστιν
731 452 802 517 εἰς
821 448 891 510 τὰ
908 449 1246 532 ψηφίσματα.

268 539 415 614 1289,
448 539 519 606 45
556 559 665 618 pro
688 560 816 598 voc.
844 538 1065 598 διελόντι
1087 544 1156 596 R.
1187 535 1297 611 διὰ,
1324 539 1397 594 V.
1423 533 1578 594 διατί.

265 643 415 701 1292,
450 626 520 684 53
551 626 640 685 καὶ
675 626 838 699 ἀηδής
862 627 987 685 Ald.
1013 660 1090 673 —
1120 628 1192 694 54
1223 624 1425 708 εἴρηται
1456 630 1554 699 V.‚
1583 623 1683 701 qui

196 731 216 768 1
248 731 346 770 0111.
377 711 591 781 Ἄλλως.
631 750 710 760 -
739 717 773 774 6
811 714 901 774 καὶ
945 712 1018 793 μὴ
1053 713 1242 788 Πέρδιξ
1274 711 1397 794 χθὲς
1427 705 1491 786 ἦν
1511 709 1684 792 χωλός

188 801 245 856 R.
270 798 316 875 γ’
338 805 636 862 Porsonus.
665 803 992 880 Legebatur
1017 800 1139 883 γὰρ.

262 896 414 962 1294,
450 910 469 945 1
485 898 516 958 4
542 893 571 948 ὁ
597 886 689 956 τὰς
721 889 1036 957 Ἀταλάνταις
1057 889 1278 971 γράψας.
1303 889 1461 948 Idem
1490 900 1682 968 poeta,

185 972 449 1050 diversus,
484 990 546 1035 ut
570 978 820 1053 videtur,
848 1000 882 1038 a
901 979 1208 1050 Strattide,
1234 979 1334 1056 qui
1361 979 1682 1037 Atalantam

182 1064 411 1140 scripsit,
444 1066 653 1123 citatur
684 1066 758 1124 ab
785 1068 1078 1145 Hesychio
1109 1087 1153 1126 s.
1182 1070 1684 1147 Διονυσιοκουροπυ-

180 1148 558 1229 ρώνων.1)11111.
587 1155 754 1213 Conf.
796 1157 1043 1214 Meinek.
1075 1156 1221 1214 Hist.
1247 1161 1407 1215 Com.
1444 1174 1504 1232 p.
1546 1153 1679 1210 225.

181 1270 246 1284 -
286 1238 346 1294 15
372 1238 644 1322 Ταξιάρχῃ
678 1248 748 1304 V.
785 1242 1115 1325 Ταξιάρχαις
1155 1243 1283 1301 Ald.
1323 1276 1403 1288 —
1450 1264 1515 1316 17
1557 1239 1683 1301 αὐτὸ

176 1328 241 1381 V.
265 1358 337 1371 --
362 1346 433 1384 20
459 1343 592 1406 post
617 1328 885 1409 Αἴγυπτον
911 1332 1248 1390 exciderunt
1276 1330 1509 1407 syllabae
1549 1344 1681 1404 tres»,

172 1413 316 1471 velut
333 1413 536 1492 ἄγοντα.
566 1416 787 1500 φέροντα
806 1421 997 1489 οἰκείας
1022 1418 1183 1489 λέξεις
1201 1420 1431 1498 scripsit
1451 1426 1681 1494 Portus,

170 1505 462 1577 sententiae,
494 1527 612 1564 non
633 1522 818 1567 metro
836 1512 1153 1568 consulens.
1176 1514 1360 1567 Dum.
1393 1556 1456 1567 .-
1491 1529 1566 1566 20
1584 1510 1680 1590 Κρ.

169 1588 347 1656 δειλίας
366 1597 435 1650 V.
466 1592 697 1653 τούτοισι
729 1597 775 1653 δ’
800 1597 1101 1656 Dobraeus.
1133 1596 1457 1675 Legebatur
1483 1594 1703 1664 τούτοις

166 1675 236 1735 δὲ.
271 1675 431 1759 φέρων
461 1681 639 1764 δίφρον
667 1683 798 1741 Ald.
832 1691 902 1743 V.
927 1687 1177 1744 Meinek.
1224 1691 1388 1745 Com.
1417 1689 1479 1758 1,
1514 1706 1573 1764 p.
1607 1687 1673 1743 31

164 1786 248 1843 sq.
275 1812 335 1824 ..
365 1786 436 1824 22
471 1768 849 1882 Κιφησόδημος
876 1776 942 1830 V.

245 1859 417 1933 1295,
445 1867 517 1925 24
549 1881 614 1929 ην
644 1879 759 1916 om.
790 1864 853 1917 V.
877 1861 930 1918 ἐν
960 1861 1034 1940 τῷ
1069 1857 1179 1920 ἄνω
1208 1859 1338 1920 Ald.
1367 1880 1482 1919 om.
1511 1865 1578 1920 V.
1603 1893 1682 1906 —

162 1942 235 1999 25
264 1940 315 2000 δὲ
337 1943 425 2002 καὶ
457 1949 525 2004 R.
566 1946 698 2003 Ald.
730 1952 866 2005 Post
898 1937 964 2019 ἦν
998 1951 1064 2005 V.
1099 1947 1225 2006 Ald.
1256 1946 1344 2007 καὶ
1375 1968 1490 2007 om.
1514 1995 1576 2005 .-
1605 1969 1677 2023 27

161 2026 239 2085 διὸ
255 2049 363 2087 0111.
388 2036 460 2089 V.
488 2065 569 2076 —
594 2033 666 2090 28
692 2031 772 2091 ὅτι
798 2035 858 2092 οὔ
883 2033 1041 2112 μόνον
1070 2033 1370 2114 (ὁμώνυμον
1406 2036 1503 2116 V.)
1530 2037 1681 2096 ἀναί-

160 2120 342 2188 σθητον
360 2163 378 2196 ,
399 2124 552 2178 τοῦτο
577 2118 678 2202 γὰρ
706 2122 826 2202 (γὰρ
845 2129 998 2181 τοῦτο
1019 2126 1112 2202 V.)
1145 2122 1236 2182 καὶ
1265 2123 1483 2206 φανερὸν
1502 2169 1518 2197 ,
1544 2124 1679 2185 ἀλλὰ

156 2203 243 2261 καὶ
258 2205 692 2286 πονηρόνῖΤ.Α1(1.
718 2253 780 2264 ...
809 2231 884 2286 29
899 2210 1171 2291 Θεαγένην
1186 2211 1277 2270 καὶ
1291 2210 1594 2286 Φιλοκλίην
1610 2220 1679 2275 R.

240 2297 414 2369 1296,
457 2298 532 2353 3ο
574 2295 861 2374 Αἰγύπτιον
888 2306 958 2359 V.
990 2344 1053 2357 -
1090 2304 1156 2361 31
1194 2302 1583 2383 μακροσκελοῦς
1610 2309 1677 2363 R.

154 2379 538 2462 μακρυσκέλους
571 2389 645 2442 V.
695 2386 1076 2467 μακρισκέλους
1103 2395 1175 2449 G.
1207 2436 1270 2449 -
1295 2391 1368 2448 32
1396 2388 1560 2469 μέγας
1588 2391 1678 2451 καὶ

152 2469 322 2551 ἰσχνὸς
343 2472 472 2533 ΑΜ.
505 2470 618 2532 ἔστι
642 2472 696 2533 δὲ
722 2478 879 2559 Χαιρ.
906 2483 973 2537 R.

235 2579 377 2636 1297
397 2605 415 2635 ,
452 2563 638 2632 35-43
668 2563 748 2623 sic
772 2565 832 2623 in
858 2572 960 2638 R.‚
994 2568 1194 2627 Τοῦτον
1227 2565 1318 2629 καὶ
1356 2567 1587 2640 Εὔπολις
1608 2572 1678 2639 ὥς

146 2644 305 2704 λάλον
340 2647 599 2730 διασύρει,
632 2651 990 2733 Συρακούσιον
1020 2653 1076 2714 δὲ
1103 2654 1137 2728 ἢ
1165 2659 1237 2724 ὣς
1260 2656 1399 2727 ξένον
1425 2658 1458 2732 ἢ
1488 2660 1559 2726 ὡς
1576 2681 1678 2718 πο-

143 2730 460 2812 sumptim-36
474 2736 673 2797 Πόλεσι
686 2744 984 2805 KusteruS.
999 2742 1189 2803 πύλεσι
1199 2750 1266 2804 V.
1278 2745 1466 2815 πύλαις
1474 2748 1604 2806 Ald.
1614 2793 1679 2806 .-

144 2823 218 2894 37
231 2842 314 2901 sq.
331 2824 773 2889 κυνιδίοισιτοῖσιν
786 2831 1424 2913 Bentleius.Legebatur
1436 2837 1679 2904 κυνιδίοις

138 2918 261 2976 τοῖς.
276 2957 340 2970 .-
360 2915 433 2971 38
450 2914 662 2993 τειχίων
681 2919 986 2980 Dobraeus.
1008 2923 1334 3001 Legebatur
1350 2925 1586 3005 τειχέων.
1615 2927 1678 2986 τὸ

137 3018 255 3087 0111,
286 3000 517 3059 Α111.--
546 3005 621 3080 39
648 3004 919 3086 ψήφισμα,
949 3030 1003 3068 v.
1029 3012 1281 3071 Meinek.
1322 3016 1468 3072 nist.
1505 3020 1669 3075 Com.

134 3106 195 3163 p.
222 3093 316 3152 40.
344 3132 409 3145 ...
442 3095 510 3155 41
543 3092 676 3171 ψῶρ’
708 3091 801 3172 ἔχε
823 3099 1152 3176 corruptela
1178 3100 1495 3160 manifesta.
1524 3105 1675 3161 Sen-

132 3190 264 3229 sum
295 3174 658 3252 probabilem
686 3183 989 3241 restituere
1013 3186 1164 3256 licet,
1191 3184 1346 3267 ψώρα
1366 3187 1413 3245 δ’
1434 3188 1549 3269 ἔχοι
1569 3191 1676 3248 Συ-

132 3258 402 3339 ρακόσιον.
434 3263 547 3322 Sed
576 3267 741 3342 plura
769 3269 862 3327 hic
898 3272 1177 3332 excidisse
1204 3275 1491 3336 videntur.
1524 3284 1670 3339 Pro-

128 3348 359 3406 ximum
389 3350 647 3432 ἐπιφανὴς
684 3355 746 3412 in
785 3356 1030 3440 ἐπιφανὲς
1070 3362 1408 3421 mutandum
1444 3367 1675 3426 videtur

125 3449 189 3493 et
212 3435 390 3515 ὄνομα
411 3440 862 3519 intelligendum.
893 3452 1072 3506 Dum.
1098 3451 1432 3529 Elegantem
1473 3456 1673 3535 conje-

123 3537 358 3583 cturam
401 3526 655 3588 Cobetus
684 3534 967 3613 protulit,
1001 3535 1165 3615 cujus
1207 3558 1263 3598 v.
1314 3540 1477 3600 Obss.
1519 3547 1670 3604 critt.

119 3612 188 3670 in
244 3614 394 3672 Plat.
457 3637 608 3680 com.
675 3640 735 3699 p.
781 3623 856 3679 38
908 3643 992 3703 sq.
1053 3625 1198 3708 αὐτῷ
1249 3647 1364 3686 0111.
1415 3633 1487 3686 V.
1510 3679 1574 3692 ...
1594 3640 1670 3703 44

115 3699 367 3778 Didymi
390 3705 605 3765 excidit
633 3709 958 3787 explicatio.
990 3717 1175 3772 Dum.
1201 3761 1264 3774 -
1282 3715 1358 3784 45
1381 3717 1579 3777 Μιδίαν
1599 3726 1667 3781 R.

113 3792 210 3862 V„
236 3808 362 3847 non
384 3793 456 3850 G.
478 3838 539 3850 -
567 3797 641 3861 46
663 3794 808 3878 γύρῳ
832 3802 1039 3860 Paulus
1066 3806 1345 3881 Leopard.
1366 3808 1667 3867 Emendat.

113 3897 177 3947 2,
203 3878 258 3934 5.
284 3877 452 3937 Libri
470 3885 637 3962 πυρῷ.
661 3884 826 3966 σκίρῳ
845 3888 1094 3948 Lobeck.
1111 3893 1393 3971 Aglaoph.
1416 3916 1473 3974 p.
1499 3899 1667 3958 1316.

107 3963 233 4024 Sed
254 3984 468 4024 verum
491 3968 702 4027 vidisse
730 3975 1093 4050 Leopardum
1116 3980 1449 4042 Dindorfius
1472 3984 1672 4046 obser-

108 4065 219 4111 vat
242 4073 325 4111 ex
344 4054 528 4113 Suida
551 4055 612 4113 in
632 4056 1042 4138 Ὀρτυγοκόπος.
1070 4110 1134 4122 -.
1167 4076 1237 4139 47
1263 4079 1476 4130 σκοπεῖν
1506 4079 1579 4132 V.
1608 4122 1669 4133 ...

108 4142 193 4208 48
224 4140 629 4224 Ἀριστοφάνης.
657 4149 845 4204 11111110
868 4149 1052 4210 Plato.
1084 4153 1402 4216 Scholiasta
1431 4162 1668 4221 Luciani

101 4228 235 4286 vol.
290 4248 361 4302 2,
399 4250 459 4308 p.
498 4233 614 4308 696
651 4256 665 4291 :
701 4236 731 4292 δ
764 4230 818 4291 δὲ
852 4236 1072 4304 Μειδίας
1102 4240 1449 4320 ὀρτυγοκόπος
1465 4236 1564 4321 ἦν,
1598 4251 1669 4316 ὡς

101 4314 367 4377 Πλάτων
404 4319 705 4400 Περιαλγεῖ.
733 4322 824 4381 καὶ
865 4324 937 4389 ὡς
961 4326 1189 4407 πονηρὸν
1220 4328 1274 4389 δὲ
1315 4331 1404 4391 καὶ
1439 4334 1666 4396 κόὸαλον

97 4404 197 4464 καὶ
240 4408 362 4465 τῶν
406 4406 674 4485 δημοσίων
703 4411 987 4490 νοσφιστὴν
1016 4414 1284 4496 Φρύνιχος
1317 4418 1408 4479 καὶ
1436 4423 1666 4484 Πλάτων

100 4492 528 4561 διαὸάλλουσιν.
547 4499 772 4557 Deinde
788 4502 848 4558 in
872 4506 940 4557 V.
970 4505 1217 4580 spatium
1243 4527 1488 4568 vacuum
1509 4515 1667 4590 quod

97 4582 388 4643 absurde
428 4587 688 4664 explevit
727 4588 999 4649 librarius
1028 4593 1088 4650 in
1125 4598 1194 4652 G.
1228 4596 1421 4656 verbis
1449 4601 1669 4671 Μειδίας

98 4668 153 4725 δ’
198 4670 324 4728 ἐκεῖ
375 4671 532 4754 ὄρτυξ
568 4675 827 4736 ἐκαλεῖτο.
875 4682 1060 4739 Dum.
1103 4713 1176 4727 —
1224 4691 1300 4760 49
1339 4686 1570 4768 χρηστόν
1606 4713 1667 4768 γε

95 4759 331 4833 Bergk.
381 4765 732 4822 Commentt.
779 4786 838 4844 p.
894 4770 1031 4835 425.
1058 4770 1306 4850 Χρηστόν
1334 4777 1455 4854 (τιν’
1477 4776 1662 4859 ἄνδρα)

93 4844 254 4922 μηδὲ
290 4848 443 4906 κατὰ
477 4848 567 4908 τὸν
601 4852 827 4913 Μειδίαν
886 4854 977 4914 τὸν
1011 4858 1363 4939 ὀρτυγοκόπον
1413 4862 1665 4926 Cobetus

91 4932 133 4990 Ι.
182 4953 244 4990 c.
282 4954 353 5011 p.
402 4957 530 5008 171.
560 4986 624 4997 ...
649 4941 723 4999 50
773 4945 802 5000 6
854 4943 1022 5012 αὐτὸς.
1064 4951 1250 5008 11111110
1280 4950 1660 5030 Phrynichus,

91 5027 397 5100 Apparet
440 5025 604 5103 plura
630 5030 685 5088 in
713 5032 1183 5096 antecedentibus
1208 5039 1523 5100 excidisse:
1552 5043 1660 5102 nisi

1771 359 1891 418 haec
1904 360 2043 418 olim
2059 360 2450 420 inferius-lecta
2461 373 2594 420 sunt
2610 374 2746 441 post
2773 358 3037 444 Φρύνιχος
3047 362 3100 420 ἐν
3116 359 3309 444 Ἐφιά-

1771 449 1887 526 λτῃ.
1914 449 2064 507 Vide
2089 449 2289 507 Cobet.
2315 450 2352 507 l.
2374 471 2423 508 c.
2452 456 2628 509 Dum.
2658 448 2932 530 ἀλέκτορος
2950 456 3023 507 V.
3050 448 3308 531 ἀλέκτορα

1772 539 1839 595 G.
1863 582 1928 595 ...
1962 537 2031 594 51
2068 536 2124 594 δὲ
2160 535 2250 594 καὶ
2290 538 2362 603 εἰς
2392 542 2464 596 V.
2486 585 2549 596 ...
2578 536 2780 608 κλοπὴν
2804 538 3189 598 Schneiderus
3217 544 3307 597 De

1773 623 1979 682 sehon:
2006 625 2184 682 Arist.
2215 644 2273 701 p.
2302 645 2395 697 77.
2429 624 2591 683 Libri
2614 625 2829 694 κλοπῆς.
2855 671 2916 681 .-.
2944 624 3016 682 53
3048 647 3310 703 συκοφαν-

1770 709 1889 769 τίαν
1941 711 2294 769 Dindorfius.
2363 712 2686 789 Legebatur
2728 709 3066 792 συκοφαντία.
3113 756 3177 768 -
3230 712 3304 779 54

1772 798 2135 857 scribebatur
2157 798 2441 879 Ἐπιάλτῃ.
2462 805 2490 859 ὁ
2510 796 2779 858 δὲ-ἐώκει
2795 819 2911 856 0111.
2930 801 2998 857 G.
3018 835 3081 846 —
3108 820 3127 855 1
3160 797 3307 878 ᾔκειν

1771 891 1840 943 V.
1871 885 2022 957 ἤῖκον
2058 889 2187 947 Ald.
2219 935 2281 947 -
2322 911 2354 947 2
2395 890 2449 947 ἐν
2488 908 2601 946 0111.
2631 893 2695 946 V.
2719 931 2783 944 ...
2813 897 2845 956 4
2876 885 3142 952 Διονύσιος
3190 886 3246 946 δὲ
3280 892 3309 948 ὁ

1773 971 2040 1053 Ζώπυρος.
2087 977 2210 1033 Nisi
2253 976 2559 1053 legendum
2598 979 2897 1050 Dionysius
2939 988 2999 1032 et
3035 978 3304 1050 Zopyrus.

1770 1068 1917 1123 Nam
1938 1075 2005 1120 ut
2024 1066 2287 1122 Laertius
2309 1066 2367 1136 6,
2406 1085 2543 1137 100,
2575 1075 2755 1136 notat,
2784 1064 3095 1139 Dionysius
3120 1076 3179 1120 et
3197 1068 3310 1121 Zo-

1772 1171 1952 1228 pyrus
1992 1153 2346 1229 Colophonii
2386 1153 2496 1211 sub
2542 1151 2800 1230 Menippi
2847 1152 3035 1227 cynici
3076 1154 3309 1210 nomine

1771 1237 1952 1295 libros
1998 1237 2320 1297 ediderunt.
2367 1244 2676 1298 Functus
2745 1238 2891 1297 Bibl.
2943 1243 3044 1299 Gr.
3092 1242 3207 1297 vol.
3252 1262 3308 1314 2,

1774 1345 1829 1402 p.
1861 1330 1973 1382 802
2006 1326 2083 1402 (4,
2105 1348 2160 1404 p.
2217 1328 2328 1395 413
2357 1328 2446 1385 ed.
2473 1324 2738 1404 Harles.).
2759 1373 2823 1385 ....
2853 1326 2888 1384 5
2912 1329 3074 1386 εἰπεῖν
3095 1329 3312 1410 ὀρτυγο-

1770 1410 1981 1489 κόμπου
2007 1417 2074 1470 V.

1857 1525 2041 1582 1299,
2067 1525 2097 1576 7
2126 1507 2155 1562 ὁ
2178 1502 2232 1562 δὲ
2260 1503 2472 1583 λέγεται
2495 1510 2524 1564 ὁ
2550 1528 2610 1583 μ.
2634 1504 2747 1585 ὄρτ.
2778 1503 2814 1577 ἢ
2847 1504 2992 1589 παρὰ
3016 1511 3085 1565 Β..

1859 1595 2026 1664 1301,
2059 1616 2080 1651 1
2098 1615 2121 1651 1
2156 1595 2383 1672 corrige
2402 1594 2603 1673 χελιδοῖ
2632 1614 2704 1652 ex
2727 1595 2950 1655 scholio
2975 1616 3030 1654 v.
3061 1606 3229 1665 1410.

1858 1682 2005 1737 1303
2030 1701 2143 1738 0111.
2164 1683 2233 1740 G.

1861 1768 2007 1843 1309
2031 1773 2100 1825 R.
2137 1765 2312 1825 babet
2339 1768 2585 1845 glossam
2617 1761 2749 1836 εἶδος
2791 1769 3020 1850 κοφίνου.
3045 1816 3108 1829 -
3146 1791 3216 1848 19
3241 1770 3311 1831 Ἥ

1771 1851 1965 1934 ἀρρίχη
1994 1855 2232 1925 θηλυκῶς
2258 1858 2322 1912 V.
2349 1901 2411 1910 -
2432 1875 2504 1912 22
2529 1859 2619 1913 νῦν
2644 1853 2723 1913 ἔτι
2742 1857 2942 1915 Suidas
2955 1877 3000 1914 s.
3024 1855 3310 1938 Ἀρρίχους.

1855 1947 2035 2017 1310,
2064 1963 2139 2018 29
2166 1933 2301 2002 οἶνον
2328 1942 2443 2002 ἐπεὶ
2473 1942 2631 2023 φάγες
2656 1944 2918 2027 ἀνδρόμεα
2941 1944 3070 2027 κρέα
3097 1947 3228 2006 Ald.
3249 1992 3313 2004 -

1772 2031 1844 2088 33
1872 2030 2048 2090 ίσταθι
2071 2031 2216 2090 αὐτοὶ
2245 2032 2334 2090 καὶ
2366 2031 2488 2105 ἵστη
2524 2033 2763 2111 πίπλημι
2800 2031 3043 2092 πίπλαθι.
3085 2034 3311 2094 Ἀττικοὶ

1769 2117 1825 2176 δὲ
1844 2119 2047 2178 τελείαν
2077 2119 2347 2192 ἀποὸολὴν
2369 2124 2463 2192 τῆς
2494 2124 2566 2188 εἷς
2593 2145 2655 2198 μι
2686 2121 2992 2201 ποιούμενοι
3016 2121 3189 2194 πίπλη
3215 2121 3311 2181 λε’-

1767 2228 1948 2284 γουσιν
1969 2205 2147 2291 ὥσπερ
2179 2208 2270 2267 καὶ
2298 2209 2434 2269 κατὰ
2464 2216 2555 2268 τοῦ
2581 2213 2713 2286 τῆμι
2751 2216 2820 2269 V.
2848 2210 3072 2271 Ἀττικοὶ
3107 2210 3162 2268 δὲ
3188 2235 3234 2268 τ.
3257 2214 3308 2268 ά.

1766 2299 1860 2366 τῆς
1880 2319 1942 2373 μι
1967 2301 2196 2372 ποιοῦσι,
2224 2297 2395 2371 πίπλη
2409 2296 2644 2377 λέγοντες
2663 2298 2754 2359 καὶ
2775 2299 3016 2378 ἐμπίπλη
3038 2299 3238 2358 Suidas
3262 2320 3307 2358 s.

1770 2384 2071 2461 Ἔμπίπλη.

1855 2474 2026 2548 1317,
2052 2473 2120 2530 51
2150 2473 2306 2544 δῆλον
2336 2472 2416 2534 ὅτι
2437 2473 2508 2535 τὰ
2532 2473 2661 2556 πρὸς
2689 2481 2759 2534 V.

1852 2563 2036 2636 1323,
2087 2562 2161 2621 53
2209 2563 2366 2621 addit
2403 2570 2472 2623 V.
2508 2563 2639 2646 πρὸς
2678 2563 2745 2624 τὰ
2784 2563 2892 2624 ἄνω
2916 2563 3174 2648 γράφεται
3218 2565 3309 2626 καὶ

1766 2658 2051 2731 μετασχεῖν
2068 2697 2086 2726 ,
2112 2672 2240 2730 quae
2260 2673 2373 2711 om.
2395 2657 2464 2715 G.
2487 2654 2550 2715 τὸ
2578 2652 2635 2713 δὲ
2670 2652 2864 2736 ἐξόρμα
2891 2660 2960 2714 R.

1852 2742 2026 2817 1329,
2059 2749 2091 2809 4
2118 2742 2477 2823 Ἀποφατικῶς
2499 2749 2567 2803 R.
2584 2791 2649 2803 ....
2680 2765 2748 2802 10
2775 2742 2998 2803 εἷσθέσει
3023 2745 3154 2803 Ald.

1851 2832 2023 2905 1331,
2047 2839 2114 2899 14
2135 2828 2322 2891 κύκνον
2346 2832 2437 2891 καὶ
2464 2831 2660 2905 ἀηδόνα
2685 2839 2755 2893 V.
2779 2832 2908 2893 Ald.
2934 2832 3025 2891 καὶ
3047 2830 3210 2893 ὅτιΒ.
3236 2839 3305 2893 V.

1853 2922 2025 2992 1337,
2050 2921 2126 2978 28
2151 2918 2393 3001 πρόσεισι
2424 2919 2480 2980 δὲ
2501 2927 2571 2980 V.

1853 3010 2026 3083 1342,
2059 3019 2128 3078 41
2162 3008 2564 3092 Ἀριστοφάνους
2591 3011 2839 3090 conjecit
2859 3012 3121 3070 Dindorf.
3147 3054 3208 3068 -
3231 3012 3303 3080 43

1764 3095 1932 3175 ἔγωγε
1952 3097 2079 3155 Ald.

1852 3185 2032 3257 1354,
2069 3185 2143 3244 52
2173 3184 2399 3269 Κύρὸιες
2426 3192 2496 3247 R.
2532 3194 2602 3247 V.
2627 3235 2690 3246 .-
2723 3198 2755 3257 4
2782 3186 2989 3270 κύρὸιες
3011 3189 3140 3248 Ald.
3171 3187 3305 3269 κύρ-

1763 3272 1903 3338 6ιδες
1942 3279 2013 3332 V.
2040 3317 2104 3332 ....
2138 3273 2173 3331 5
2221 3273 2357 3333 κατὰ
2395 3278 2499 3333 τῶν
2524 3282 2591 3333 V.
2618 3320 2683 3333 ...
2713 3278 2749 3334 6
2791 3277 2925 3336 libri
2969 3276 3304 3356 Θεόπομπος.

1763 3361 2148 3421 Scribendum
2196 3360 2552 3444 Θεόφραστος.
2610 3369 2771 3423 Inter
2834 3367 3307 3445 Theophrasteos

1748 3450 1855 3512 'hic
1910 3452 2057 3512 liber
2078 3466 2413 3513 recensetur
2452 3475 2485 3513 a
2526 3456 2790 3534 Diogene
2840 3462 3030 3515 Laert.
3080 3459 3148 3526 5,
3203 3459 3298 3517 50.

1763 3544 2244 3604 Emendationem
2278 3565 2421 3603 vero
2452 3545 2623 3623 plane
2658 3546 3002 3605 confirmant
3033 3547 3300 3625 Porphy-

1761 3632 1881 3689 rius
1901 3645 1960 3690 et
1987 3633 2262 3705 Photius‚
2285 3633 2384 3691 illa
2414 3634 2540 3712 ipsa
2561 3632 2734 3693 verba
2751 3679 2769 3709 ‚
2794 3634 3008 3713 quibus
3029 3633 3238 3716 κύρὸεις
3264 3657 3298 3696 a

1761 3718 2192 3796 Corybantibus
2252 3742 2464 3779 nomen
2514 3723 2799 3783 invenisse
2862 3724 3164 3797 dicuntur,
3224 3745 3299 3783 ex

1758 3808 2162 3886 Theophrasto
2187 3808 2510 3869 asserentes.
2541 3812 2704 3869 Alter
2733 3817 2822 3870 De
2858 3811 3003 3871 abst.
3031 3813 3207 3870 anim.
3242 3832 3296 3884 2,

1763 3918 1827 3953 21
1861 3918 1874 3953 :
1901 3906 2248 3976 μαρτυρεῖται
2266 3895 2320 3956 δὲ
2338 3904 2505 3958 ταῦτα
2530 3900 2588 3957 οὗ
2609 3897 2766 3978 μόνον
2788 3900 2890 3960 ὑπὸ
2909 3924 3015 3960 των
3040 3899 3295 3982 κύρὸεων,

1760 3984 1817 4043 αἳ
1844 3988 1949 4044 τῶν
1985 3984 2262 4064 Κρήτηθέν
2286 3987 2388 4044 εἰσι
2412 3986 2817 4068 Κορυὸαντικῶν
2839 3992 2991 4071 ἱερῶν
3013 3980 3118 4049 οἷον
3148 3988 3299 4048 ἀντί-

1757 4094 1935 4155 γραφα
1967 4071 2086 4133 τινὰ
2112 4072 2242 4156 πρὸς
2267 4073 2530 4146 ἀλήθειαν.
2568 4077 2664 4137 Sic
2695 4079 2793 4136 ille
2828 4078 2990 4137 locus
3028 4078 3295 4137 scriben-

1758 4161 1886 4218 duS.
1913 4162 2078 4219 Alter
2108 4163 2327 4220 Lexico
2350 4185 2364 4220 2
2396 4161 3060 4248 Κύρὸεις.-Θεο’φραστος
3084 4165 3169 4239 δὲ,
3190 4164 3296 4225 ἀπὸ

1756 4251 1861 4306 τῶν
1891 4249 2170 4329 Κρητικῶν
2201 4249 2582 4332 Κορυὸάντων·
2609 4257 2715 4313 τῶν
2749 4252 2853 4336 γὰρ
2886 4254 3292 4337 Κορυὸαντικῶν

1757 4337 1910 4416 ἱερῶν
1939 4326 2045 4393 οἷον
2072 4335 2365 4420 ἀντίγραφα
2390 4338 2576 4408 αὐτοὺς
2608 4332 2760 4401 εἶναι.
2792 4349 3110 4402 Romnum.
3143 4346 3290 4403 Hist.

1757 4426 1881 4482 crit.
1907 4437 2203 4484 oratorum
2234 4447 2291 4505 p.
2322 4429 2429 4485 163
2452 4429 2544 4487 ed.
2568 4431 2757 4489 Reisk.
2781 4478 2845 4490 ..
2870 4452 2903 4505 7
2925 4432 3053 4514 φησὶ
3076 4431 3132 4490 δὲ
3149 4431 3294 4513 Ἀρι-

1759 4512 2023 4587 στοτέλης.
2047 4516 2196 4574 Vide
2214 4517 2451 4575 Suidam
2485 4539 2540 4574 v.
2569 4517 2986 4602 Ἀντιπελαργεῖν
3002 4533 3060 4579 et
3083 4542 3189 4581 nos
3218 4523 3293 4581 ad

1754 4602 1918 4659 illum
1953 4603 2165 4662 locum.
2199 4610 2382 4664 Kus‘r.
2423 4652 2488 4663 -
2530 4606 2566 4663 8
2606 4606 2793 4675 αὐτοὺς
2824 4613 2894 4667 R.
2941 4617 3012 4667 V.
3061 4607 3294 4691 μέροπας

1755 4688 1927 4747 habet
1981 4693 2214 4749 Aristot.
2237 4697 2309 4751 Η.
2331 4698 2398 4750 Α.
2422 4706 2485 4768 9,
2517 4697 2619 4769 13,
2648 4698 2743 4757 cui
2783 4697 3071 4780 ἀερόποδας
3119 4700 3294 4758 resti-

1756 4777 2034 4836 tuendum
2045 4799 2167 4838 esse
2186 4782 2835 4845 ostenditSchneiderus
2857 4788 2967 4845 vol.
2991 4790 3046 4859 3,
3075 4809 3131 4867 p.
3159 4790 3301 4866 399,

1752 4910 1815 4922 ...
1839 4886 1876 4942 9
1896 4866 1987 4925 καὶ
2010 4888 2126 4925 0111.
2148 4874 2218 4928 R.
2243 4870 2369 4928 ΑΜ.
2398 4870 2495 4949 μὲν
2526 4871 2675 4931 ἀετὸν
2703 4879 2773 4934 R.
2797 4921 2857 4933 ...
2888 4876 2954 4932 13
2979 4875 3197 4936 addunt
3220 4883 3290 4936 V.

1754 4954 1877 5011 Ald.
1898 4953 2021 5035 περὶ
2044 4956 2138 5032 μὲν
2158 4947 2246 5015 οὗν
2266 4962 2356 5015 τοῦ
2388 4957 2496 5036 (τὸν
2519 4957 2722 5042 πατέρα
2738 4962 2900 5022 πάλιν
2922 4962 3147 5045 τρέφειν.
3170 4965 3291 5044 περὶ

1755 5048 1848 5102 τοῦ
1874 5046 1968 5123 V.)
1987 5041 2104 5111 τοὺς
2131 5042 2423 5126 πελαργοὺς
2446 5047 2765 5130 ἀντιτρέφειν
2798 5050 2887 5110 τὸν
2915 5050 3119 5132 πατέρα
3150 5052 3290 5135 ’Ἀρι-
