3859 5725
1408 253 1794 316 scnoLlA
1846 253 1943 357 m
1987 206 2307 315 ustus,

328 423 431 465 ωε.
475 398 647 483 [ὢὸπ,
678 396 779 470 aa,
823 392 969 467 ὠὸπ,
997 390 1068 451 ὀπ
1097 410 1113 451 2
1157 387 1399 455 Εἴσθεσις
1434 384 1620 465 μέλους
1652 389 1817 466 χοροῦ

251 484 654 571 μονοστροφική·
683 476 746 555 ἧς
772 478 1073 563 προτίθεται
1097 478 1158 537 τὸ
1183 482 1413 536 τοιοῦτον
1436 475 1605 534 κῶλον
1624 475 1817 532 δακτυ-

249 576 403 639 λικὸν
433 575 491 635 δν
521 574 757 654 δίμετρον
786 567 1175 639 ἀκατάληκτον.
1206 562 1348 624 κατὰ
1369 560 1472 643 γὰρ
1502 559 1815 640 μονοποδίαν

253 669 527 748 μετρεῖται
553 661 620 722 τὰ
650 655 959 719 δακτυλικά.
1001 652 1070 714 τὰ
1098 652 1154 713 δὲ
1196 659 1289 712 τοῦ
1328 656 1490 734 χοροῦ
1529 649 1678 710 κῶλά
1716 651 1819 708 εἶσι

191 774 227 814 ὅ
255 753 605 828 δυοκαίδεκα,
654 740 726 808 ῶν
774 746 836 806 τὸ
874 748 1081 827 πρῶτον
1126 740 1219 802 καὶ
1264 740 1502 821 δεύτερον
1559 736 1819 820 τροχαῖκὰ

251 843 618 926 ἑφθημιμερῆ,
657 834 745 894 τὸν
781 836 987 917 πρῶτον
1014 831 1204 911 ἔχοντα
1226 828 1366 888 πόδα
1388 827 1676 909 τρίὸραχυν
1704 826 1821 897 ἤτοι

250 932 481 1014 χορεῖον.
507 930 553 986 εἰ
585 923 641 985 δὲ
668 922 843 1033 βούλει
858 966 876 998 ,
906 916 1170 1067 παῖωέιιρὲὰ
1191 918 1347 1065 gig&
1444 915 1823 1081 ὲᾶἐιῗρὲτοὲλςῖκὲἒ,

252 1016 1200 1186 ΐαρῗέίὲῗοδίιῖζξζαρτίζτζληκτικζ,
1231 1051 1347 1165 ἤτοι
1377 1090 1727 1170 ἑφθημιμερῆ.
1762 1084 1825 1145 τὸ

169 1208 228 1248 10
255 1191 502 1272 πέμπτον
531 1188 805 1267 τρίμετρον
846 1177 1255 1253 καταληκτικόν.
1298 1178 1359 1238 τὸ
1399 1177 1547 1238 ἕκτον
1592 1173 1824 1255 μονόμε-

252 1304 399 1363 τρον,
421 1278 457 1350 ἢ
486 1273 714 1354 ἰαμὸικὴ
742 1272 909 1354 βάσις.
940 1270 1002 1329 τὸ
1022 1268 1244 1345 ἕὸδομον
1270 1266 1509 1347 δίμετρον
1534 1261 1828 1344 ὑπερκατά-
1866 1280 1871 1284 ·

252 1372 453 1441 ληκτον
482 1363 715 1426 Ἰωνικὸν
757 1360 863 1420 ἀπὸ
891 1357 1139 1437 μείζονος.
1170 1355 1230 1415 τὸ
1269 1354 1447 1434 ὄγδοον
1474 1348 1825 1433 χοριαμὸικὸν

253 1456 533 1539 τρίμετρον
564 1448 952 1520 ἀκατάληκτον,
976 1450 1065 1504 τοῦ
1096 1442 1191 1521 μὲν
1220 1440 1430 1523 πρώτου
1456 1440 1614 1507 ποδὸς
1640 1461 1829 1497 πεντα-

258 1541 530 1605 συλλάὸου
575 1543 670 1610 τῆς
696 1533 910 1617 πρώτης
939 1540 1146 1613 μακρᾶς
1182 1533 1255 1598 εἰς
1291 1528 1382 1589 δύο
1424 1525 1677 1609 βραχείας
1707 1527 1829 1585 δια-

169 1659 230 1699 15
254 1630 518 1709 λυομένης
536 1631 596 1686 ἐκ
622 1623 829 1706 χορείου
857 1621 947 1680 καὶ
977 1619 1190 1698 ἰάμὸου·
1211 1617 1325 1676 ὅθεν
1349 1616 1477 1681 ἴσως
1496 1613 1587 1674 καὶ
1604 1634 1828 1692 χοριαμ-

258 1719 410 1780 ὃικὸν
441 1714 657 1787 ἐκλήθη·
686 1716 776 1771 τοῦ
811 1708 866 1768 δὲ
895 1705 1134 1787 δευτέρου
1164 1705 1399 1764 Ἰωνικοῦ
1437 1701 1542 1761 ἀπὸ
1572 1699 1829 1778 μείζονος,

255 1812 352 1867 τοῦ
376 1805 429 1863 δὲ
449 1801 626 1885 τρίτου
648 1795 915 1874 διιάμὸου.
936 1793 996 1852 τὸ
1014 1791 1193 1852 ἔνατον
1216 1786 1567 1873 χοριαμὸικὸν
1589 1784 1829 1865 δίμετρον

260 1891 652 1964 ἄκατάληκτον.
682 1884 743 1945 τὸ
771 1883 888 1956 ἑξῆς
917 1880 1114 1960 ὅμοιον.
1144 1877 1204 1938 τὸ
1235 1876 1622 1957 παρατέλευτον
1648 1872 1832 1954 τρίμε-

256 2002 384 2061 τρον
414 1975 799 2045 ἄκατάληκτον·
825 1970 854 2030 ὃ
877 1970 1116 2029 καλεῖται
1138 1962 1522 2047 προσῳδιακὸν,
1548 1959 1633 2021 διὰ
1660 1960 1722 2019 τὸ
1743 1958 1832 2019 τὸν

170 2092 232 2133 20
259 2070 473 2148 πρῶτον
502 2063 642 2145 ἔχειν
667 2059 808 2120 πόδα
849 2054 1078 2119 Ἰωνικὸν
1122 2052 1229 2112 ἀπὸ
1268 2051 1517 2131 μείζονος.
1559 2048 1622 2108 τὸ
1655 2051 1834 2108 τελευ-

259 2156 413 2214 ταῖον
440 2156 510 2219 ὡς
546 2149 608 2210 τὸ
644 2152 871 2230 πρῶτον.
900 2144 990 2205 ἐπὶ
1030 2146 1106 2224 τῷ
1141 2140 1280 2200 τέλει
1319 2135 1584 2220 κορωνίς]
1631 2135 1767 2216 (ὠόπ
1813 2156 1829 2195 :

263 2240 510 2301 ἐλατικὸν
562 2235 880 2317 ἐπίφθεγμα.
936 2232 1193 2296 ναυτικῶς
1246 2220 1334 2287 οὗν
1384 2224 1613 2287 κελεύων
1666 2222 1835 2284 ταῦτά

341 2352 412 2388 σι.

259 2330 445 2476 mmo).
492 2410 794 2494 (βατράχων
814 2403 1269 2488 παραχορήγημα.
1290 2400 1586 2484 ἐπίφθεγμα
1610 2399 1665 2460 δὲ
1685 2398 1835 2459 ποιὸν

173 2535 236 2577 25
261 2503 459 2583 τοῦτο.)
483 2499 742 2580 κέχρηται
771 2495 825 2555 δὲ
850 2497 993 2575 αὐτῷ
1014 2496 1084 2560 ὣς
1111 2490 1347 2571 ἐφυμνίῳ
1370 2493 1397 2548 ὁ
1418 2492 1521 2547 τῶν
1555 2485 1837 2569 βατράχων

266 2589 445 2673 χορός.
569 2584 805 2664 (Ἄλλως.
839 2588 1007 2642 ταῦτα
1035 2581 1277 2639 καλεῖται
1304 2574 1836 2657 παραχορηγήματα,

266 2677 453 2750 ἐπειδὴ
479 2679 580 2756 οὐχ
619 2677 845 2756 ὁρῶνται
873 2672 926 2729 ἕν
955 2672 1033 2750 τῷ
1063 2666 1267 2748 θεάτρῳ
1315 2667 1365 2725 οἱ
1406 2662 1693 2744 βάτραχοι,
1720 2659 1838 2721 οὐδὲ

265 2772 300 2827 δ
328 2766 507 2849 χορὸς,
538 2764 657 2822 ἀλλ’
688 2760 879 2820 ἔσωθεν
922 2761 1208 2837 μιμοῦνται
1233 2752 1353 2821 τοὺς
1382 2751 1697 2833 βατράχους.
1728 2754 1756 2809 δ
1785 2749 1841 2809 δὲ

267 2837 480 2926 ἀληθῶς
519 2847 674 2932 χορὸς
720 2848 780 2907 ἐκ
819 2848 926 2905 τῶν
973 2843 1204 2904 εὗσεὸῶν
1239 2843 1436 2923 νεκρῶν
1481 2837 1838 2915 συνέστηκεν.)

182 2972 243 3013 30
278 2939 511 3003 ἐλλείπει
547 2941 575 2996 ὁ
601 2935 722 3009 καί,
754 2933 821 2992 ἵν’
855 2925 892 3015 ἦ
929 2935 1130 3011 λιμνῶν
1159 2931 1251 2992 καί
1287 2931 1493 3013 κρηνῶν
1532 2926 1708 2987 τέκνα.
1750 2923 1843 2985 καὶ

269 3028 380 3112 γὰρ
408 3031 462 3088 ἐν
490 3025 707 3107 κρήναις
740 3021 972 3102 γίνονται
1001 3019 1095 3079 καὶ
1125 3018 1452 3099 εὑρίσκονται
1481 3018 1529 3075 οἱ
1561 3014 1839 3095 βάτραχοι.

351 3136 450 3178 212.
493 3113 591 3186 τὴν
620 3113 734 3191 μετ’
760 3111 936 3169 αὐλῶν
965 3107 1165 3180 κοινήν.
1197 3118 1257 3166 R.
1282 3118 1344 3164 V.
1375 3101 1628 3183 ὁμόηχον.
1664 3106 1736 3165 Θ.

355 3224 454 3265 213.
501 3203 645 3260 δεῦτε
663 3198 769 3257 ἵνα.
794 3200 869 3259 Θ.
893 3193 1029 3275 ἐμὰν
1053 3192 1232 3254 ἀοιδὰν
1255 3214 1270 3255 2
1290 3192 1373 3254 Τὸ
1392 3191 1648 3272 ἡμέτερον
1667 3189 1844 3269 μέλος,

270 3291 312 3365 ἢ
341 3290 399 3351 ὃν
429 3287 683 3364 εἰώθαμεν
712 3285 876 3363 ὕμνον
904 3285 1059 3361 ἡμεῖς
1077 3280 1412 3363 προσφέρειν.
1435 3282 1507 3341 Θ.
1535 3291 1671 3338 Junt.

188 3408 249 3449 aa
356 3400 454 3441 216.
494 3375 616 3442 Διὸς
650 3372 899 3436 Διόνυσον
941 3374 997 3431 ἐν
1041 3372 1268 3447 Λίμναις
1315 3389 1330 3429 :
1371 3367 1590 3449 [Λείπει
1626 3365 1845 3448 παῖδα.]

279 3465 406 3547 (ἀπὸ
446 3468 551 3524 τῶν
594 3463 795 3522 ἑαυτῶν
842 3461 1045 3536 λιμνῶν
1095 3455 1472 3539 μεταφέρουσιν
1523 3453 1610 3513 ἐπὶ
1654 3452 1742 3513 τὸν
1792 3455 1846 3512 ἓν

274 3554 506 3630 Λίμναις
544 3548 795 3610 Διόνυσον
839 3545 1144 3625 λεγόμενον.
1193 3544 1395 3622 Λίμναι
1424 3540 1481 3601 δὲ
1521 3541 1714 3623 χωρίον
1755 3546 1848 3614 τῆς

275 3644 550 3713 Ἀττικῆς,
576 3640 630 3696 ἐν
656 3628 701 3696 ὦ
729 3633 981 3696 Διονύσου
1010 3631 1201 3714 ἱερόν.)
1324 3630 1505 3709 Λίμνη
1532 3629 1688 3697 τόπος
1715 3628 1850 3708 ἱερὸς

276 3726 533 3791 Διονύσου
549 3770 565 3798 ,
589 3726 644 3782 ἐν
668 3749 696 3804 q
736 3721 828 3782 καὶ
850 3713 989 3788 οἰκος
1011 3720 1105 3779 καὶ
1134 3717 1260 3785 νεὼς
1280 3724 1375 3779 τοῦ
1397 3723 1531 3779 θεοῦ.
1557 3729 1615 3777 R.
1639 3716 1850 3776 Καλλί-

193 3840 254 3881 ⁴0
283 3837 456 3895 μαχος
481 3815 537 3872 ἐν
582 3809 786 3890 Ἑκάλῃ
820 3816 902 3881 [fr.
946 3815 1046 3880 280]
1091 3834 1117 3861 κ
1159 3805 1402 3887 Λιμναίῳ
1437 3804 1492 3864 δὲ
1527 3804 1852 3885 χοροστάδας

278 3896 411 3982 ἦγον
440 3899 640 3982 ἑορτάς.
672 3924 698 3951 ¹·
726 3936 788 3945 —
815 3899 970 3957 Νῦσα
1000 3895 1055 3954 δὲ
1084 3894 1241 3963 τόπος
1281 3898 1375 3966 τῆς
1425 3891 1700 3973 Ἄραὸίας,
1730 3891 1852 3951 ἔνθα

279 4000 531 4070 γεννᾶται
552 3992 580 4047 δ
608 3985 875 4051 Διόνυσος.
904 3982 965 4042 τὸ
994 3980 1297 4062 ἰαχήσαμεν
1328 3981 1441 4040 ἀντὶ
1467 3985 1560 4040 τοῦ
1584 3983 1850 4060 ἰαχοῦμεν.

278 4090 347 4138 V.
373 4078 461 4136 τὸν
504 4078 559 4135 ἐν
586 4072 741 4153 Νύσῃ
769 4070 924 4153 χώρα
957 4067 1234 4136 Αἰθιοπίας
1273 4066 1585 4148 γεννηθέντα
1616 4067 1724 4126 υἱὸν
1754 4068 1854 4139 δη-

279 4163 476 4227 λονότι.
506 4165 578 4223 Θ.
606 4159 831 4243 [Νύσιος
859 4157 913 4217 δὲ
943 4163 971 4218 ὁ
997 4156 1245 4223 Διόνυσος
1271 4163 1377 4224 τοῖς
1405 4155 1582 4222 Ἰνδοῖς
1605 4154 1856 4232 ὀνομάζε-

199 4276 258 4316 45
282 4275 378 4314 ται
401 4250 507 4311 ἀπὸ
528 4254 621 4321 τῆς
644 4251 699 4307 ἐν
724 4247 903 4313 Ἰνδοῖς
925 4244 1125 4317 Νύσης·
1150 4245 1209 4303 οὗ
1232 4242 1385 4321 μόνον
1411 4241 1466 4302 δὲ
1491 4242 1697 4314 Ἰνδοῖς,
1719 4240 1856 4301 ἀλλὰ

285 4341 383 4402 καὶ
408 4348 542 4398 πᾶσι
568 4344 676 4404 τοῖς
702 4333 833 4415 πρὸς
856 4334 1043 4392 ἀκτῖνα
1071 4332 1286 4404 ἔθνεσιν,
1307 4331 1377 4398 ὥς
1399 4353 1529 4413 φησι
1552 4328 1857 4410 Φιλόστρα-

285 4453 378 4497 τος
401 4429 453 4487 ἐν
479 4430 557 4507 τῷ
577 4420 926 4484 Ἀπολλωνίου
959 4427 1049 4479 τοῦ
1073 4417 1321 4487 Τυανέως
1346 4418 1443 4500 βίῳ
1472 4419 1540 4496 (p.
1564 4416 1685 4498 51).]
1709 4441 1858 4499 κραι-

285 4512 610 4591 παλόκωμος
638 4531 652 4572 :
689 4513 718 4569 ὁ
745 4508 1006 4587 κωμάζων
1035 4511 1088 4567 ἐν
1117 4506 1431 4588 κραιπάλοις
1456 4508 1562 4574 τοῖς
1589 4509 1760 4588 ἱεροῖς.
1790 4524 1854 4571 v.

3352 269 3462 323 281

1906 410 1932 439 α
1964 408 2096 464 ματι
2117 386 2542 466 προσαγορεῦσαι
2568 383 2662 443 καὶ
2686 383 2782 458 τὴν
2809 381 2993 466 ἑορτὴν
3020 384 3252 448 ἅπασαν.
3286 386 3469 450 ἔπειτα

1903 498 1927 525 «ι
1957 470 2096 532 θύειν
2139 472 2313 539 αὗτοῖς
2342 470 2451 540 ἔθος
2488 471 2697 551 ἔχουσι,
2725 476 2829 531 τῶν
2859 471 2954 550 μὲν
2983 472 3300 552 Ὀλυμπίων
3340 481 3470 538 θεῶν

1906 589 1930 614 κ
1964 559 2131 620 οὐδενὶ
2154 561 2216 619 τὸ
2238 558 2514 640 παράπαν,
2534 559 2713 642 Ἑρμῇ
2743 561 2799 620 δὲ
2815 560 3007 642 χθονίῳ
3024 562 3228 635 καὶτῆς
3243 561 3474 646 χύτρας,

1908 675 1932 701 α
1962 648 2029 720 ἢν
2057 647 2240 730 ἕψουσι
2266 646 2463 714 πάντες
2488 649 2537 707 οἱ
2570 646 2709 706 κατὰ
2736 647 2835 719 τὴν
2862 648 3041 725 πόλιν,
3070 650 3237 718 οὐδεὶς
3261 650 3476 729 γεύεται

1907 761 1932 790 σι
1962 739 2066 795 τῶν
2106 734 2305 817 ἱερέων.
2337 740 2491 796 τοῦτο
2531 735 2587 794 δὲ
2615 741 2824 796 ποιοῦσι
2861 740 2929 817 τῇ
2971 736 3181 818 ἡμέρα,
3219 738 3312 798 καὶ
3350 740 3469 809 τοὺς
3498 756 3525 797 5

1909 849 1935 875 <t
1963 822 2083 882 τότε
2109 821 2565 904 παραγενομένους
2592 821 2725 905 ὑπὲρ
2751 827 2857 883 τῶν
2888 825 3248 884 ἀποθανόντων
3279 825 3475 887 ἱλάσα-

1911 937 1935 964 α
1966 916 2086 971 σθαι
2106 910 2196 970 τὸν
2223 911 2451 992 Ἑρμῆν.
2486 938 2512 965 υ
2541 911 2733 990 ἤγοντο
2760 909 2816 970 δὲ
2845 915 3041 991 ἀγῶνες
3069 912 3247 974 αὐτόθι
3274 919 3322 974 οἱ
3356 916 3479 978 Χύ-

1909 1022 2076 1080 τρινοι
2112 999 2460 1077 καλούμενοι,
2495 997 2635 1059 καθά
2668 1022 2799 1081 φησι
2836 998 3134 1082 Φιλόχορος
3162 1004 3215 1061 ἓν
3241 1007 3309 1083 τῇ
3351 1002 3478 1086 ἕκτῃ

1909 1091 2015 1146 τῶν
2044 1086 2306 1146 Ἀτθίδων.
3380 1150 3385 1157 ,

1991 1210 2091 1251 219.
2133 1191 2358 1269 [ἑαυτῶν
2394 1188 2610 1269 τέμενος
2654 1190 2869 1272 λέγουσι
2915 1192 2979 1252 τὸ
3026 1194 3081 1252 ἐν
3128 1193 3353 1274 Λίμναις
3389 1202 3482 1257 τοῦ
3513 1218 3564 1258 10

1911 1277 2165 1340 Διονύσου
2194 1277 2377 1360 ἱερόν.]
2404 1278 2562 1360 [πρὸς
2597 1277 2654 1338 δὲ
2696 1278 2792 1352 τὴν
2821 1284 3149 1360 ὁμωνυμίαν,
3189 1283 3270 1344 ὅτι
3298 1288 3352 1344 ἐν
3385 1287 3485 1347 Λί-

1913 1389 2069 1442 μναις
2092 1367 2220 1426 εἰσὶν
2241 1369 2290 1426 οἱ
2317 1366 2593 1447 βάτραχοι.
2615 1366 2796 1446 λίμναι
2820 1367 2987 1429 δὲκαὶ
3009 1369 3068 1429 τὸ
3086 1374 3242 1452 ἱερόν.
3366 1376 3487 1456 ἐφε-

1914 1452 2003 1524 ξῆς
2048 1453 2103 1511 δὲ
2158 1451 2406 1530 σύστημα
2455 1452 2547 1512 καὶ
2596 1454 2836 1536 περίοδος
2885 1457 3143 1534 ἀμοιὸαία
3185 1459 3488 1529 ἑπτάκωλος

1915 1539 2181 1618 ἰαμὸικῶν
2222 1540 2480 1620 διμέτρων
2518 1542 2924 1617 ἀκαταλήκτων,
2966 1544 3106 1618 πλὴν
3152 1552 3245 1606 τοῦ
3283 1547 3485 1622 κώλου,

1914 1620 1960 1710 ᾧ
1986 1632 2274 1708 κέχρηνται
2294 1632 2365 1695 ὣς
2391 1628 2626 1711 ἐφυμνίιρ
2648 1628 2831 1707 ὁμοίου
2857 1634 2934 1713 τῷ
2953 1631 3150 1716 πρώτῳ
3175 1642 3266 1694 τοῦ
3295 1635 3484 1714 μέλους
3520 1666 3568 1706 ης

1917 1719 2107 1776 αὗπῖν.
2131 1717 2221 1776 ἐπὶ
2245 1720 2323 1798 τῷ
2350 1715 2491 1775 τέλει
2511 1716 2906 1801 παράγραφος.]

1996 1839 2094 1881 222.
2139 1817 2245 1899 ἐγὼ
2265 1819 2321 1880 δὲ
2344 1820 2392 1898 γ’
2425 1821 2604 1899 ἀλγεῖν
2629 1819 2867 1901 ἄρχομαι
2898 1842 2912 1883 :
2944 1822 3010 1885 Ὁ
3033 1823 3280 1895 Διόνυσος
3313 1827 3489 1910 (λέγει)

1918 1909 2236 1968 δεινοπαθῶν
2264 1907 2352 1967 ἐπὶ
2380 1911 2456 1989 τῷ
2488 1910 2842 1981 κωπηλατεῖν·
2871 1910 3024 1992 ὄρρον
3052 1911 3107 1972 δὲ
3122 1959 3138 1986 ,
3169 1914 3259 1973 τὸν
3298 1915 3493 1976 καλού-

1920 2018 2075 2072 μενον
2102 2002 2312 2076 ταῦρον.
2345 1994 2497 2078 μέρος
2525 1996 2580 2055 δέ
2609 1998 2720 2056 ἔστι
2746 2000 2840 2069 τῆς
2867 2003 3057 2076 πυγῆς.
3091 1999 3412 2079 Ἡρωδιανὸς
3435 2005 3491 2064 δὲ

1923 2082 2035 2162 (καὶ
2061 2085 2139 2165 τῷ
2164 2081 2305 2164 λόγῳ
2334 2082 2428 2141 καὶ
2456 2081 2597 2143 κατὰ
2623 2082 2719 2154 τὴν
2745 2083 3035 2165 διάλεκτον)
3065 2086 3285 2170 βαρέως.

2001 2208 2098 2248 223.
2141 2178 2215 2269 [ὦ
2236 2186 2390 2260 κοὰξ,
2417 2186 2544 2257 κοάξ
2571 2209 2584 2249 :
2616 2186 2722 2249 Διὰ
2747 2187 2808 2248 τὸ
2837 2188 3053 2270 συνεχὲς
3083 2194 3257 2252 αὐτῶν
3282 2194 3495 2277 ἐπίφθε-

1919 2298 2067 2353 γμα,
2103 2275 2306 2345 παίζων
2340 2275 2500 2354 λέγει·
2529 2275 2680 2358 ὄρρον
2710 2274 2796 2351 δὲ,
2834 2277 2924 2336 τὸν
2955 2277 3236 2358 λεγόμενον
3282 2289 3494 2364 ταῦρον,

1921 2361 1983 2421 τὸ
2030 2360 2224 2440 μεταξὺ
2274 2366 2379 2421 τῶν
2424 2362 2676 2442 διδύμων.
2722 2364 3149 2448 Καλλίστρατος,
3190 2368 3286 2440 τὴν
3334 2373 3495 2454 ὀσφῦν

1922 2452 2020 2511 καὶ
2047 2449 2109 2509 τὸ
2139 2450 2280 2532 ἱερὸν
2304 2453 2511 2513 ὀστοῦν.
2543 2451 2804 2530 Δίδυμος,
2828 2451 2925 2524 τὴν
2954 2452 3167 2533 τράμιν,
3199 2458 3296 2536 οὐχ
3328 2456 3398 2526 ὥς
3417 2482 3499 2516 τι-

1922 2559 2007 2605 νες
2032 2535 2093 2595 τὸ
2118 2537 2305 2617 ἰσχίον.
2336 2537 2478 2597 ἔνθεν
2502 2537 2594 2597 καὶ
2621 2538 2683 2597 τὸ
2717 2539 2982 2620 ὀρρωδεῖν,
3012 2540 3098 2599 τὸν
3131 2542 3281 2623 ὄρρον
3301 2545 3495 2624 ἱδροῦν.
3526 2578 3577 2619 25

1922 2622 2170 2707 ’Όμηρος
2194 2633 2309 2698 [od.
2342 2638 2414 2699 Υ,
2456 2634 2556 2699 20⁴]
2589 2654 2611 2678 α
2644 2624 2775 2686 ἴδιον
2815 2629 2886 2694 ὡς
2913 2626 3125 2698 ἐνόησα.
3161 2657 3185 2681 υ
3213 2637 3367 2692 τοῦτο
3395 2633 3499 2714 γὰρ

1924 2714 2221 2793 πάσχουσιν
2241 2717 2288 2772 οἱ
2312 2712 2678 2796 φοὸούμενοι.]
2723 2763 2726 2765 Α
2784 2714 2844 2774 τὸ
2859 2715 3164 2796 ὀρροπύγιον
3179 2716 3214 2790 ἢ
3231 2718 3291 2778 τὸ
3307 2720 3497 2802 ἰσχίον.

1927 2802 2221 2862 δεινοπαθεῖ
2250 2800 2304 2860 δὲ
2326 2805 2355 2859 ὁ
2378 2800 2625 2872 Διόνυσος
2653 2800 2742 2863 ἐπὶ
2770 2806 2847 2885 τῷ
2875 2805 3233 2876 κωπηλατεῖν.
3266 2806 3418 2889 ὄρρον
3444 2807 3499 2868 δὲ

1928 2887 2017 2947 τὸν
2076 2888 2400 2967 καλούμενον
2442 2895 2656 2971 ταῦρον.
2707 2889 2818 2949 ἔστι
2865 2890 2920 2950 δὲ
2970 2892 3127 2973 μέρος
3173 2898 3268 2965 τῆς
3311 2901 3500 2974 πυγῆς.

1926 2977 2147 3046 Ἄλλως.
2187 2977 2337 3060 ὄρρον
2369 2978 2457 3038 τὸν
2487 2978 2768 3058 λεγόμενον
2794 2987 3005 3062 ταῦρον·
3039 2984 3087 3040 οἱ
3121 2979 3175 3040 δὲ
3210 2981 3308 3054 τὴν
3335 2985 3499 3066 ὀσφῦν
3528 3028 3581 3068 ³0

1929 3067 2021 3127 καὶ
2048 3067 2109 3127 τὸ
2135 3065 2273 3148 ἱερὸν
2301 3065 2503 3126 ὀστοῦν.
2533 3070 2646 3152 πῶς
2672 3058 2761 3126 οῦν
2790 3069 2844 3126 ἕν
2873 3068 3211 3150 Λυσιστράτῃ
3231 3070 3358 3149 [964]
3378 3069 3500 3129 διώ-

1934 3178 2107 3236 ρισται
2137 3181 2161 3207 «
2184 3153 2313 3213 ποία
2342 3153 2385 3213 δ’
2414 3152 2599 3235 ὀσφὺς,
2630 3159 2778 3222 ποῖος
2809 3155 2856 3215 δ’
2883 3154 3032 3238 ὄρρος
3066 3181 3121 3230 »;
3157 3161 3224 3236 τῇ
3262 3167 3502 3241 προφορᾷ

1932 3242 1988 3302 δὲ
2017 3241 2321 3322 Τιμαχίδας
2360 3240 2511 3323 ὀρρόν
2543 3244 2614 3310 ὥς
2636 3241 2805 3324 ὀρθόν.
2838 3241 3070 3320 Δίδυμος
3103 3243 3158 3302 δὲ
3183 3243 3279 3315 τὴν
3307 3214 3593 3327 τροίμινεκ

1932 3329 2111 3409 φησὶν,
2136 3333 2233 3409 οὐχ
2255 3327 2326 3396 ὥς
2347 3352 2481 3397 τινες
2500 3327 2559 3387 τὸ
2594 3328 2782 3409 ἰσχίον.
2816 3331 3212 3408 ἕτυμολογεῖται
3239 3330 3295 3391 δὲ
3321 3332 3383 3393 τὸ
3414 3337 3505 3416 ὀρ-

1936 3420 2133 3501 ρωδεῖν·
2159 3420 2207 3477 οἱ
2232 3415 2333 3496 γὰρ
2358 3415 2642 3483 δεδοικότες
2675 3416 2860 3476 ἰδίουσι
2887 3416 2977 3476 τὸν
3004 3417 3175 3501 ὄρρον.
3206 3431 3263 3478 V.

2014 3542 2114 3582 220.
2164 3520 2317 3599 (ἀλλ’
2358 3518 2603 3589 ἐξόλοισθ’
2633 3521 2778 3601 αύτῷ
2805 3517 2932 3589 κοάξ
2966 3539 2981 3581 :
3007 3520 3117 3581 Σὺν
3142 3525 3286 3605 αὐτῷ
3315 3524 3506 3596 δηλον-

1935 3607 2015 3668 ότι
2045 3613 2121 3690 τῷ
2167 3607 2312 3677 κοάξ.
2334 3604 2582 3691 ‘'Op-upon
2608 3615 2701 3690 [11.
2726 3609 2803 3688 ᾤ’,
2821 3616 2877 3680 8]
2904 3637 2929 3662 σι
2954 3609 3073 3669 ἀλλ’
3100 3613 3272 3680 αὐτοῖς
3297 3610 3506 3674 ἵπποισι

1935 3695 2027 3755 καὶ
2049 3694 2317 3777 ἀνδράσιν.
2331 3696 2389 3774 n)
3029 3694 3039 3705 ’

2018 3820 2119 3860 228.
2165 3799 2429 3882 [εἰκότως
2471 3820 2486 3860 t
2519 3799 2764 3867 Εἰσθεσις
2803 3799 2993 3878 μέλους
3014 3800 3193 3885 ἑτέρου
3218 3827 3507 3887 μονοστρο-

1939 3892 2089 3970 φικοῦ
2119 3889 2180 3947 ἐκ
2206 3887 2390 3947 κώλων
2411 3886 2671 3968 διαφόρων
2692 3885 2848 3946 ὀκτώ·
2875 3878 2950 3947 ὧν
2973 3888 3034 3948 τὸ
3054 3893 3261 3972 πρῶτον
3287 3901 3508 3972 τροχαῖ-
3535 3953 3593 3993 40

1939 3976 2029 4034 κὸν
2060 3974 2335 4057 τρίμετρον
2361 3975 2888 4055 βραχυκατάληκτον.
2921 3975 2983 4035 τὸ
3003 3975 3237 4055 δεύτερον
3276 3978 3508 4038 Ἰωνικὸν

1939 4060 2213 4145 τρίμετρον
2261 4062 2626 4134 ἀκατάληκτον
2644 4108 2663 4141 ,
2707 4067 2802 4122 τοῦ
2836 4060 3048 4145 πρώτου
3087 4065 3244 4133 ποδὸς
3282 4064 3510 4133 παίωνος

1941 4149 2191 4231 τετάρτου
2209 4194 2226 4227 ,
2248 4152 2352 4208 τῶν
2382 4148 2439 4208 δὲ
2468 4148 2585 4221 ἑξῆς
2604 4149 2937 4229 διτροχαίων.
2978 4148 3038 4209 τὸ
3071 4150 3244 4233 τρίτον
3279 4174 3510 4232 χοριαμ-

1945 4236 2091 4296 ὅικὸν
2131 4235 2373 4318 δίμετρον
2418 4236 2923 4317 βραχυκατάληκτον
2964 4238 3025 4295 ἐκ
3064 4237 3291 4306 παίωνος
3318 4238 3510 4321 τετάρ-

1943 4346 2035 4382 του
2081 4324 2173 4383 nal
2220 4328 2506 4406 τροχαϊκῆς
2546 4321 2809 4402 συζυγίας.
2865 4323 2925 4382 τὸ
2975 4322 3223 4405 τέταρτον
3265 4325 3506 4406 δίμετρον
3569 4386 3594 4424 ⁶

1947 4410 2313 4485 ἀκατάληκτον
2342 4412 2402 4470 ἐκ
2432 4410 2661 4478 παίωνος
2690 4403 3062 4493 τετάρτουκαί
3098 4412 3413 4494 διτροχαίου.
3445 4412 3508 4473 τὸ
3540 4388 3563 4427 ⁴

1946 4497 2186 4577 πέμπτον
2240 4497 2587 4579 χοριαμὸικὸν
2638 4496 2877 4581 δίμετρον
2933 4499 3395 4581 ὑπερκατάληκτον
3447 4503 3509 4562 ἐκ

3519 2131 3572 2172 20

3531 3472 3582 3512 35

316 4609 475 4664 τοῦτο
506 4597 813 4679 μετωνυμία
840 4597 1105 4656 καλεῖται·
1165 4597 1195 4652 ὃ
1228 4592 1369 4652 κατὰ
1397 4591 1563 4671 μέθην
1591 4591 1860 4674 γινόμενος
1945 4585 2172 4653 παίωνος
2192 4586 2442 4667 τετάρτου
2472 4583 2563 4644 καὶ
2592 4584 2852 4663 ἰαμῧικῶν
2891 4588 3144 4665 συζυγιῶν
3172 4587 3290 4660 ἤτοι
3318 4587 3509 4666 ’διιάμ-

205 4718 265 4761 ⁸⁰
292 4690 473 4838 ὔμζῗζ.
513 4776 620 4840 τοῖς
637 4775 821 4854 ἱεροῖσι
844 4769 1098 4852 Χύτροισι
1118 4789 1134 4832 2
1155 4766 1357 4851 Χύτροι
1377 4767 1528 4850 ἑορτὴ
1548 4771 1675 4851 παρ’
1697 4767 1856 4841 Ἀθη-

290 4864 474 4931 ναίοις.
499 4860 686 4940 ἄγεται
709 4858 766 4919 δὲ
787 4858 935 4939 παρὰ
956 4857 1154 4930 ταύτην
1179 4857 1276 4928 τὴν
1303 4855 1494 4929 αἰτίαν,
1516 4856 1581 4928 ἣν
1604 4855 1698 4915 καὶ
1721 4854 1858 4916 Θεό-

291 4973 508 5031 πομπος
531 4947 788 5008 ἐκτίθεται
805 4945 1019 5027 γράφων
1037 4944 1200 5013 οὕτως
1222 4972 1246 4999 α
1271 4943 1618 5011 διασωθέντας
1634 4934 1723 5003 οὗν
1743 4941 1861 5011 τοὺς

297 5071 323 5099 ι
355 5034 683 5120 ἀνθρώπους,
704 5027 840 5117 ᾗπερ
868 5033 1163 5115 ἐθάρρησαν
1187 5031 1497 5115 ἡμέρα,.τῷ
1523 5030 1718 5103 ταύτης
1739 5029 1858 5089 ὀνό-

1893 4730 1902 4740 ,
1949 4673 2073 4734 em.
2103 4672 2165 4733 τὸ
2210 4673 2357 4732 ἕκτον
2394 4672 2632 4755 δίμετρον
2673 4671 3059 4748 ἅκατάληκτον,
3092 4674 3214 4756 ἔχον
3243 4673 3404 4757 ἄμφω
3434 4675 3511 4736 τὼ

1946 4761 2073 4821 πόδε
2097 4759 2465 4830 .ἔξασυλλάὸο).
2490 4760 2551 4820 τὸ
2579 4758 2799 4837 ἕὸδομον
2827 4760 3075 4840 ἰαμὸικὸν
3108 4761 3348 4844 δίμετρον
3371 4766 3511 4823 ἀκα-

1949 4848 2230 4919 τάληκτον.
2272 4849 2334 4908 τὸ
2379 4848 2674 4908 τελευταῖον
2715 4847 2888 4919 δῆλον.
2935 4847 3024 4907 ἐπὶ
3067 4853 3144 4932 τῷ
3171 4849 3310 4912 τέλει
3345 4874 3513 4934 κορω-

1946 4935 2036 5004 vec.
2064 4935 2095 5017 ]

3538 4825 3593 4864 Μ)

1891 4985 1905 5097 l
2035 5029 2276 5109 (εἰκότως
2315 5029 2460 5089 οὐδὲν
2516 5029 2645 5092 ἄλλο
2689 5030 2846 5110 ἐσμὲν
2917 5032 2991 5113 ἢ)
3041 5033 3187 5104 κοάξ·
3214 5011 3361 5095 ἀὐτὸ
3407 5031 3511 5122 γᾴρ
