3859 5725
399 223 515 275 8οθ

1495 208 1951 270 ADNOTATIO
1992 205 2078 267 IN
2119 207 2388 269 SGROL.

396 313 482 403 esi
503 341 918 420 Aristophanes
952 337 1263 416 Byzantius
1279 339 1437 418 apud
1458 339 1637 398 schol.
1665 339 1739 398 ad
1764 336 1919 397 Nub.
2010 340 2069 397 in
2090 340 2264 401 Thes.
2299 359 2358 417 p.
2394 339 2479 408 16,
2505 343 2558 397 Α
2589 360 2604 395 ι
2638 359 2816 417 quare
2846 358 2966 396 non
2999 338 3142 396 satis
3180 347 3372 394 caute
3401 336 3585 393 Sora-

404 434 573 490 1003.
615 436 828 489 Verum
863 428 1020 506 quod
1047 427 1282 487 additur
1302 427 1592 487 Nitarium
1626 428 1798 485 istum
1830 425 1921 484 vel
2011 448 2122 485 nus
2153 428 2225 486 de
2249 429 2605 506 Hippocrate
2627 427 2857 505 scripsit
2883 428 2942 484 in
2966 426 3094 503 ejus
3121 425 3294 499 Vita,
3328 420 3582 501 δεῦτερσν

394 520 665 579 Nitarum
685 561 702 589 ,
744 536 874 595 quae
895 536 968 574 ne
1005 516 1205 574 Graeca
1237 515 1472 592 quidem
1509 515 1747 572 nomina
1769 525 1923 584 sunt,
2012 514 2168 573 αὐτὸν
2184 511 2607 595 ἀφ’Ἧρακλέους
2627 513 2857 594 δημοσία
2882 524 2989 580 τοῖς
3008 513 3378 575 Ἐλευσινίοις
3401 507 3580 586 ἐμύη-

396 610 457 666 in
490 608 616 666 aliis
638 625 874 685 quoque
898 603 1122 663 Comici
1162 600 1372 661 fabulis
1417 602 1699 677 exagitari
1723 646 1740 678 ‚
1789 601 1850 659 id
1878 600 1926 657 si

398 696 547 753 dixit
566 693 941 770 Symmachus
955 734 970 761 ‚
991 691 1115 750 fieri
1134 711 1248 747 non
1282 704 1472 767 potest
1483 692 1623 767 quin
1643 688 1928 748 mendacii

398 783 732 843 stultissime
751 780 1060 857 excogitati
1080 798 1212 836 reus
1223 777 1523 835 habeatur.
1551 779 1723 848 Quod
1749 795 1928 855 quum

384 870 590 930 'minus
614 867 918 947 probabile
945 866 1226 935 videatur,
1261 865 1404 924 illud
1427 867 1481 924 ἐν
1517 872 1625 931 τοῖς
1653 863 1767 935 ἑξῆς
1796 863 1929 944 δροί-

401 982 563 1035 μασιν
599 956 941 1016 recentioris
967 955 1289 1012 scholiastae
1327 954 1516 1011 errori
1542 952 1741 1011 deberi
1772 950 1932 1010 arbi-

403 1061 545 1118 tror,
569 1046 672 1122 qui
702 1043 849 1101 male
872 1041 1187 1099 reddiderit
1209 1041 1554 1117 antiquioris
1577 1039 1934 1117 grammatici

404 1133 741 1191 seutentiam
764 1176 787 1204 ,
833 1126 1081 1211 Νιτάριον
1126 1127 1214 1187 ἐπὶ
1267 1127 1502 1207 μαλακία
1557 1126 1935 1186 διαὸάλλεσθαι

402 1218 581 1297 ὥσπερ
609 1218 698 1277 καὶ
729 1218 918 1281 ἄλλους
942 1213 1165 1283 πολλοὺς
1192 1217 1247 1274 ἐν
1274 1223 1380 1281 τοῖς
1405 1213 1519 1286 ἑξῆς
1547 1214 1804 1294 δράμασι.
1845 1212 1936 1273 Τὰ

402 1307 516 1378 ἑξῆς
557 1320 750 1365 autem
782 1305 1027 1387 δράματα
1066 1306 1148 1363 ita
1181 1304 1457 1362 dicuntur
1483 1316 1548 1361 ut
1574 1304 1776 1362 Plutus
1808 1303 1932 1380 pri-

404 1415 559 1452 mum
583 1414 706 1453 esse
736 1394 910 1474 δρᾶμα
933 1393 1287 1469 intelligatur
1321 1392 1632 1451 seeundum
1659 1392 1937 1451 usitatum

402 1486 462 1540 in
492 1482 793 1541 codicibus
815 1481 1080 1539 ordinem
1102 1479 1451 1540 fabularum.
1476 1484 1748 1539 Ceterum
1774 1481 1939 1538 inve-

404 1586 649 1631 teratum
680 1574 982 1648 scripturae
1002 1571 1207 1631 vitium
1232 1585 1390 1629 recte
1417 1591 1450 1629 a
1466 1569 1658 1628 Fabro
1683 1583 1742 1628 et
1762 1572 1939 1630 Bent-

402 1662 516 1718 leio
536 1680 658 1718 esse
678 1670 1001 1717 correctum
1022 1657 1290 1716 restituto
1308 1657 1585 1739 νηττάριον
1597 1656 1690 1715 καὶ
1705 1655 1940 1739 φάττιον,

404 1751 461 1805 iu
500 1748 875 1805 annotatione
911 1745 987 1805 ad
1029 1746 1209 1804 verba
1248 1760 1437 1823 poetae
1478 1758 1564 1805 est
1614 1759 1935 1804 ostensum.

404 1840 585 1893 Dum.
604 1871 669 1882 —
695 1833 762 1891 15
786 1832 1083 1910 legebatur
1099 1831 1372 1911 βατύλους.
1395 1834 1637 1893 Correxi
1655 1852 1728 1890 ex
1748 1831 1938 1891 Suida.

404 1926 565 1979 Vana
595 1921 1016 1981 Hemsterhusii
1035 1921 1369 1999 conjectura
1390 1934 1477 1980 est
1498 1920 1728 2001 βατάλας
1741 1933 1800 1977 et
1824 1920 1943 1977 Βα-

405 2007 564 2081 τάλη.
596 2012 778 2071 Idem.
807 2047 872 2060 —
912 2011 984 2066 16
1014 2030 1173 2090 φησιν
1199 2011 1401 2069 om.8.
1420 2045 1485 2060 -—
1527 2008 1592 2066 17
1628 2005 1855 2066 νεόττιον
1885 2019 1945 2065 et

406 2098 649 2180 κοράσιον
683 2101 783 2178 qui
830 2099 1201 2177 interpretati
1240 2112 1407 2172 sunt,
1439 2119 1540 2157 eos
1576 2101 1650 2158 de
1674 2097 1943 2180 νοττάριον

407 2190 469 2266 (i.
501 2210 553 2245 e.
587 2186 912 2268 νεοττάριον)
953 2189 1237 2264 cogitasse
1272 2187 1681 2245 animadvertit
1720 2190 1942 2244 Hemst.

408 2312 471 2325 -—
503 2278 572 2335 18
601 2275 850 2357 Νιτάριον
877 2276 971 2333 καὶ
1000 2274 1210 2351 βάττιον
1224 2271 1630 2354 φιλοφρονητικὴ
1653 2294 1845 2353 προσφ.
1871 2273 1942 2333 Θ.

409 2401 471 2413 -
495 2384 569 2421 20
588 2383 674 2441 sq.
702 2361 953 2441 Νιτάριος
986 2358 1251 2441 δὶ-παρὰ
1276 2360 1338 2419 τὸ
1360 2363 1598 2418 accessit
1616 2381 1686 2418 ex
1716 2364 1783 2416 V.
1790 2401 1813 2430 ,
1845 2360 1948 2437 qui

411 2449 590 2530 βάτον.
631 2476 656 2501 α
678 2450 943 2525 Imperiti
973 2449 1096 2507 haec
1124 2448 1421 2506 annotatio
1449 2448 1807 2524 grammatici
1837 2459 1945 2518 est,

411 2536 578 2616 cujus
598 2540 658 2596 in
688 2537 886 2596 codice
912 2535 1072 2614 βάτον
1097 2555 1207 2613 pro
1242 2534 1421 2614 βάτιον
1464 2537 1745 2614 scriptum
1780 2536 1905 2594 fuit.
1924 2564 1948 2586 ι

411 2633 592 2687 Dum.
620 2662 685 2677 -
713 2645 780 2682 αι
808 2626 881 2690 ὥς
916 2621 1123 2702 εἴρηται
1156 2627 1222 2681 V.
1269 2621 1495 2703 βάταλον
1543 2621 1601 2681 δὲ
1638 2621 1736 2695 τὴν
1773 2621 1947 2702 ἕδραν,

411 2712 551 2794 παρὸ
573 2709 664 2771 καὶ
690 2708 752 2768 τὸ
789 2711 968 2788 βάτιον
998 2709 1161 2768 addit
1183 2712 1254 2769 Θ.
1280 2711 1411 2770 Ald.
1436 2747 1499 2762 —
1534 2730 1606 2768 αα
1637 2709 1952 2782 ἀδιανόητον

410 2806 478 2858 V.
501 2802 572 2860 Θ.
601 2796 757 2879 βάτον
781 2799 856 2859 Θ.
888 2798 1021 2856 Ald.
1052 2834 1099 2848 -·
1138 2798 1211 2854 23
1233 2787 1340 2856 οἷον
1364 2802 1394 2856 ὁ
1433 2800 1589 2877 βᾶτος
1606 2803 1677 2856 V.
1698 2840 1715 2869 ,
1749 2825 1772 2851 α
1795 2811 1951 2858 recte

412 2891 654 2948 sortasse
677 2887 752 2946 ad
770 2899 1016 2945 mentem
1042 2886 1381 2946 scholiastae.
1403 2914 1428 2940 x·
1448 2892 1623 2946 Dum.
1643 2922 1707 2934 —
1732 2893 1809 2947 at
1830 2887 1954 2947 Νίτ-

410 2998 566 3057 ταρος
591 2972 684 3035 καὶ
703 2974 903 3040 Βάττος
922 2981 1059 3052 Beg.
1080 2972 1295 3052 duplici
1315 2998 1347 3032 τ
1362 2975 1453 3033 hic
1482 2989 1539 3033 ct
1562 2976 1598 3033 l.
1616 2975 1709 3032 26.
1731 2974 1816 3033 Ib.
1846 2997 1950 3033 πα-

413 3066 638 3147 ρῄκαζεν
669 3067 759 3124 vel
776 3065 1088 3147 παρείκαζεν
1117 3065 1222 3143 (sic
1243 3063 1401 3143 Reg.)
1424 3070 1644 3125 Hemst.
1666 3064 1954 3146 παρήκμα-

414 3158 497 3222 ζεν
526 3155 706 3214 Paris,
741 3192 805 3205 -
835 3155 911 3211 αδ
939 3150 1051 3223 εἴδη
1087 3154 1263 3229 φυτῶν
1297 3151 1425 3225 ἄνθη
1465 3151 1759 3212 ποιούντων
1783 3151 1952 3226 εὐώδη

414 3248 557 3318 Reg.

502 3329 676 3402 1013,
707 3328 782 3385 36
805 3324 1054 3404 γινόμενα
1076 3338 1211 3403 post
1230 3324 1503 3408 Ἡρακλέα
1525 3330 1659 3405 poni
1669 3332 1771 3386 tV.
1801 3325 1956 3405 γενό-

416 3438 549 3494 μενα
574 3426 661 3471 est
691 3415 753 3473 in
778 3420 849 3473 R.
877 3450 938 3463 -
971 3416 1041 3486 37
1076 3412 1217 3483 ξένον
1248 3413 1324 3495 μὴ
1362 3423 1532 3493 μυεῖν.
1574 3415 1845 3492 Ejusdem
1874 3416 1953 3473 le-

417 3503 796 3578 gismeminit
832 3503 1011 3561 schol.
1053 3502 1222 3574 adv,
1260 3503 1377 3560 846
1400 3546 1416 3572 ,
1466 3514 1528 3559 ut
1558 3500 1634 3559 ab
1663 3504 1959 3581 Eumolpo

420 3590 548 3646 latae
577 3593 766 3648 Tzetz.
817 3589 889 3646 ad
928 3589 1220 3667 Lycophr.
1253 3610 1303 3648 ν.
1344 3590 1524 3665 13283
1565 3590 1721 3647 illam
1765 3604 1956 3650 tamen

418 3677 733 3758 aliquando
792 3678 1042 3754 migrare
1097 3676 1359 3734 virorum
1419 3676 1727 3736 illustrium
1774 3680 1953 3756 gratia

418 3789 536 3826 non
575 3764 916 3825 dubitarunt
956 3764 1094 3822 olim
1140 3765 1535 3823 Athenienses.
1581 3764 1676 3823 Ab
1713 3769 1957 3826 Hercule

421 3861 634 3918 factum
669 3869 754 3914 est
781 3855 1009 3913 initium
1036 3877 1049 3913 ε
1082 3854 1215 3912 huic
1244 3854 1398 3912 enim
1429 3855 1621 3931 primo
1640 3856 1860 3931 petenti
1891 3869 1956 3914 ut

422 3966 639 4006 morem
683 3957 991 4022 gererent,
1032 3944 1303 4018 mysteria
1343 3961 1463 3999 non
1515 3953 1735 3998 tantum
1777 3960 1959 4019 parva

420 4047 561 4094 sunt
589 4035 824 4091 inventa
845 4076 862 4104 ,
902 4031 1005 4088 sed
1032 4043 1091 4088 et
1114 4031 1224 4108 legi
1252 4029 1360 4087 sub
1387 4028 1581 4107 specie
1600 4026 1750 4104 juris
1781 4030 1954 4088 adhi—

422 4122 544 4182 bita
575 4123 681 4180 fuit
713 4124 895 4191 fraus,
932 4120 1238 4197 l‘yliusque
1256 4119 1455 4196 jussus
1481 4137 1611 4176 eum
1642 4116 1753 4176 sibi
1779 4120 1957 4179 filium

421 4212 717 4290 adoptare.
775 4211 1009 4267 Leviter
1055 4208 1316 4265 vitiatum
1369 4209 1547 4284 patris
1597 4204 1960 4284 adoptatoris

420 4301 636 4357 nomen
664 4297 723 4354 in
748 4302 896 4374 Epp.
929 4301 1147 4356 Socrat.
1184 4297 1280 4367 28,
1309 4315 1368 4373 p.
1402 4294 1513 4352 59:
1544 4290 1814 4374 Ἡρακλῆς
1837 4293 1960 4377 γὰρ,

421 4386 568 4452 ὄντος
592 4382 754 4461 νόμου
786 4383 846 4442 τὸ
870 4382 1094 4443 παλαιὸν
1125 4387 1254 4460 ἡμῖν
1284 4381 1485 4460 μηδένα
1519 4379 1659 4449 ξένον
1696 4387 1960 4458 μυεῖσθαι,

426 4472 699 4552 βουληθεὶς
727 4476 970 4550 μυεῖσθαι
994 4469 1194 4550 γίνεται
1224 4468 1433 4540 Πηλίου
1472 4467 1614 4533 θετὸς
1642 4468 1768 4533 υἱός.
1810 4471 1961 4528 Hinc

423 4560 858 4632 emendationi,
887 4579 1000 4637 qua
1026 4564 1167 4617 Tan.
1192 4557 1378 4618 Faber
1401 4558 1820 4636 Apollodorum
1853 4579 1961 4617 ex-

424 4652 631 4729 polivit
675 4670 728 4719 2,
762 4650 816 4719 5,
858 4668 1025 4720 ιαμ,
1069 4648 1492 4706 firmamentum
1528 4647 1763 4705 additur
1802 4668 1817 4703 τ
1853 4667 1962 4726 pro

424 4734 658 4801 Θέσπιος
696 4736 847 4794 enim
893 4756 963 4792 ex
1010 4754 1190 4812 parvo
1232 4747 1419 4811 poetae
1461 4734 1637 4793 schol.
1678 4734 1751 4793 ad
1790 4737 1854 4794 Il.
1886 4737 1964 4808 θ,

427 4826 571 4896 368,
608 4825 731 4882 siue
762 4822 1154 4881 controversia
1194 4822 1500 4899 legendum
1527 4835 1645 4895 est,
1675 4821 1816 4890 θετὸς
1838 4824 1964 4883 Πυ-

423 4911 538 4971 λίου
580 4919 704 4978 παῖς
748 4909 1021 4992 γενόμενος
1064 4912 1291 4985 ἐμυεῖτο.
1348 4910 1505 4968 Idem
1548 4911 1649 4987 qui
1695 4911 1959 4981 Herculi,

424 5000 725 5059 Dioscuris
741 5000 911 5058 ctiam
925 4998 1111 5056 honos
1128 5009 1215 5055 cst
1235 4996 1490 5072 habitus,
1511 5010 1657 5056 teste
1672 4999 1960 5056 Plutarch.
2007 5035 2014 5056 .

2015 624 2141 675 σαν,
2169 603 2259 661 καὶ
2292 601 2515 673 πολίτην
2544 600 2776 682 ἔγραψαν
2801 620 2815 634 ·
2853 614 3246 679 praeterquam
3294 597 3478 676 quod
3513 615 3578 653 ea

2016 702 2181 747 aetate
2213 690 2553 767 jamdudum
2603 690 2853 748 desierat
2893 690 3034 767 legis
3076 689 3353 764 antiquae
3391 685 3580 761 vigor,

2016 777 2359 836 Anacharsis
2387 799 2620 856 quoque
2659 778 2856 837 Soloni
2885 778 3118 854 aequalis
3150 773 3381 851 ἐμυήθη
3419 770 3580 846 zulte<

2022 862 2300 944 βαρὸάρων
2325 865 2677 943 δημοποίητος
2699 866 2992 944 γενόμενος,
3017 877 3080 922 ut
3106 861 3437 921 Theoxeni
3469 859 3580 916 fide

2019 952 2200 1010 refert
2255 955 2490 1012 Lucian.
2538 955 2600 1011 in
2648 954 2845 1029 Scyth.
2876 974 2926 1013 c.
2972 954 3028 1010 8.
3081 955 3172 1010 Ex
3202 950 3331 1006 hoc
3376 959 3576 1005 antem

2020 1040 2460 1099 Atheniensium
2491 1061 2650 1100 more
2668 1041 2906 1118 Diogeni
2931 1041 3169 1116 cynico,
3203 1037 3316 1113 qui
3345 1049 3580 1110 myste-

2024 1125 2106 1183 ria
2135 1141 2468 1205 respuerat,
2519 1130 2906 1207 patrocinium
2947 1128 3092 1205 petit
3128 1125 3358 1184 Julian.
3393 1125 3500 1181 Or.
3525 1142 3582 1192 7,

2022 1242 2079 1299 p.
2113 1223 2251 1293 238,
2278 1227 2322 1280 B
2350 1243 2364 1279 ε
2395 1223 2565 1290 συνεὶς
2598 1221 2681 1282 ὅτι
2706 1222 2797 1282 τὸν
2829 1221 3121 1300 μυούμενον
3144 1221 3320 1299 ἐχρῆν
3353 1217 3583 1275 πολιτο-

2022 1314 2358 1391 ΥραῬηθῆναῑ
2378 1309 2651 1393 πρότερον,
2674 1310 2767 1370 καὶ
2786 1310 3074 1382 Ἀθηναῖον,
3094 1310 3144 1366 εἰ
3161 1306 3260 1364 καὶ
3287 1302 3375 1381 μὴ
3403 1301 3582 1384 φύσει,

2022 1401 2100 1477 τῷ
2137 1396 2283 1478 νόμῳ
2324 1395 2380 1456 δὲ
2405 1398 2646 1478 γενέσθαι
2672 1414 2781 1457 etc.
2839 1400 2909 1456 ni
2933 1397 3179 1456 civitatis
3216 1395 3324 1470 jus
3376 1391 3586 1468 adepti

2026 1485 2376 1563 δημοποίητοι
2400 1533 2418 1561 ,
2461 1488 2606 1547 Poll.
2650 1488 2706 1559 3,
2738 1488 2813 1543 56
2857 1509 2871 1543 ε
2921 1485 3195 1563 quoniam
3244 1483 3304 1538 in
3354 1492 3580 1537 certam

2028 1572 2245 1632 tribum
2284 1573 2631 1651 demumque
2672 1573 3115 1632 referebantur.-
3141 1568 3428 1628 Adriano
3473 1567 3582 1624 So·

2028 1662 2231 1739 phistae
2258 1665 2438 1739 Tyrio
2469 1663 2608 1744 φυλή
2627 1686 2685 1721 τε
2710 1653 2777 1734 ἦν
2805 1660 2893 1720 καὶ
2917 1663 3082 1737 δῆμος
3105 1656 3402 1729 Ἀθήνησιν
3437 1655 3580 1713 Phi·

2030 1752 2188 1808 lostr.
2215 1756 2302 1809 De
2325 1756 2395 1809 V.
2422 1755 2478 1809 S.
2513 1771 2571 1822 a,
2591 1771 2643 1829 p.
2672 1749 2806 1810 588.
2834 1751 3177 1809 Ptolemaeus
3199 1744 3584 1805 Naucratim

2027 1839 2318 1919 Μαραθῶνι
2361 1839 2517 1920 δήμῳ
2549 1838 2808 1923 ἐνεγράφη
2849 1836 3123 1916 Ἀθήνῃσιν
3165 1856 3221 1912 p.
3251 1836 3402 1908 595.
3438 1833 3584 1892 Vide

2029 1947 2160 2003 quae
2179 1927 2251 1984 de
2264 1926 2674 1985 Plataeensibus
2692 1939 2969 1987 notantur
2986 1927 3042 1983 in
3059 1922 3304 1983 miscell.
3321 1921 3580 1980 observ.

2030 2036 2081 2073 a.
2117 2013 2296 2086 1736,
2327 2033 2383 2090 p.
2425 2013 2560 2071 324.
2609 2014 2772 2071 Idem
2812 2013 2871 2070 in
2906 2013 3029 2070 aliis
3075 2008 3423 2068 civitatibus
3457 2009 3582 2086 pari

2033 2101 2214 2160 modo
2233 2100 2559 2159 distributis
2594 2101 2878 2172 obtinuit3
2908 2097 3400 2179 quemadmodum
3431 2099 3582 2174 uip-

2033 2192 2185 2269 piam
2207 2203 2401 2247 narrat
2420 2190 2798 2249 Philostratus
2815 2191 2997 2269 φυλαῖς
3018 2189 3349 2267 ἐγγραφῆναι
3365 2185 3581 2244 πόλεων

2033 2281 2236 2357 μικρῶν
2274 2300 2332 2335 τε
2359 2277 2450 2336 καὶ
2475 2277 2744 2354 μειζόνων.
2784 2275 3031 2344 Φυλέτας
3054 2273 3454 2353 δημοποιήτους
3481 2292 3581 2330 re-

2034 2367 2221 2443 peries
2255 2365 2412 2444 apud
2438 2367 2735 2425 Plutarch.
2781 2371 2982 2444 Symp.
3014 2387 3133 2440 1,c.
3169 2383 3256 2420 xo.
3295 2360 3408 2421 Adi
3444 2361 3578 2419 Sal-

2038 2472 2173 2510 mas,
2211 2453 2285 2511 ad
2305 2455 2591 2530 Spartian.
2620 2474 2677 2531 p.
2703 2455 2800 2521 33,
2829 2456 2924 2520 34.
2962 2458 3185 2512 Ηιιιετ.
3220 2488 3281 2500 -
3322 2449 3398 2506 38
3440 2450 3576 2524 βου-

2032 2539 2282 2619 λομένους
2306 2543 2539 2618 v.-39
2569 2540 2731 2622 μικρὰ
2756 2540 3016 2599 additum
3042 2560 3113 2598 ex
3151 2544 3224 2598 R.
3248 2575 3309 2588 —-
3344 2544 3379 2603 4
3397 2542 3577 2602 1-44

2035 2649 2150 2687 om.
2180 2630 2350 2687 etiam
2378 2629 2449 2689 Θ.

2123 2725 2271 2783 1014
2309 2716 2430 2774 haec
2457 2715 2636 2774 habet
2662 2720 2731 2776 R.
2749 2759 2765 2788 ,
2793 2719 2865 2782 ὣς
2895 2713 2981 2773 ἐπὶ
3008 2713 3227 2793 ἁμαξῶν
3255 2712 3574 2793 ὀχουμένων

2038 2804 2209 2863 αὐτῶν
2234 2805 2309 2870 εἰς
2331 2802 2401 2863 τὰ
2430 2802 2746 2864 Ἐλευσίνια.
2773 2841 2838 2856 -
2858 2809 2931 2874 48
2955 2802 3046 2862 ἐὰν
3074 2804 3147 2863 Θ.
3180 2840 3241 2853 -
3265 2812 3342 2879 49
3371 2802 3572 2863 Ἐλευ-

2037 2900 2157 2950 σῖνα
2184 2897 2491 2951 KusteruS.
2523 2890 2825 2952 Ἐλευσίνια
2849 2892 2983 2950 Ald.
3005 2889 3074 2949 τὰ
3103 2889 3415 2950 Ἐλευσίνια
3436 2891 3576 2949 Sui-

2038 2978 2141 3037 das
2164 3001 2208 3038 s.
2244 2978 2334 3038 Τὰ
2360 2980 2419 3037 ἐκ
2445 2982 2552 3038 τῶν
2579 2977 2796 3056 ἁμαξῶν
2831 2977 3134 3056 σκώμματα
3171 3002 3186 3036 :
3227 2977 3330 3036 scd
3358 2976 3428 3036 τὰ
3455 2998 3570 3035 om.

2038 3067 2165 3127 cod.
2199 3066 2376 3126 Paris,
2409 3074 2472 3126 A.
2501 3105 2563 3117 —-
2592 3069 2667 3125 50
2695 3065 2928 3137 ἀλλήλας
2957 3069 3032 3125 Θ.
3064 3078 3122 3124 et
3155 3065 3384 3124 SuidaS.
3404 3063 3576 3134 ἀλλή-

2036 3156 2153 3221 λαις
2174 3156 2303 3213 Ald.
2341 3169 2399 3214 et
2416 3156 2612 3215 Suidae
2630 3155 2764 3214 libri
2796 3156 3135 3213 deteriores.
3172 3190 3231 3203 -
3251 3154 3342 3210 δα
3361 3151 3578 3211 ἐθίασεν

2039 3257 2293 3300 sumtum
2329 3257 2417 3301 cst
2457 3263 2492 3302 a
2536 3245 2751 3321 vulgari
2794 3247 3003 3303 Graecae
3043 3243 3253 3319 lingnae
3276 3241 3577 3299 dialecto:

2039 3329 2241 3386 eodem
2269 3342 2491 3407 spectat
2506 3330 2745 3388 Thomae
2761 3331 3021 3408 Magistri
3040 3343 3417 3406 praeceptum,
3431 3329 3580 3398 825,

2039 3418 2099 3475 οὗ
2119 3416 2211 3475 θέα
2225 3463 2241 3490 ,
2262 3421 2308 3476 εἰ
2327 3416 2419 3476 καί
2441 3440 2575 3484 τινες
2596 3415 2856 3499 γράφουσι
2875 3437 2889 3452 ·
2918 3437 3152 3475 monere
3182 3417 3387 3486 voluit,
3406 3417 3580 3473 sicuti

2041 3518 2274 3563 notatus
2321 3506 2727 3585 Aristophanis
2761 3525 2962 3564 versus
2999 3526 3072 3563 ex
3108 3509 3250 3563 Rau.
3291 3505 3391 3561 ι3ι
3442 3505 3582 3561 satis

2043 3594 2330 3665 declarat,
2371 3607 2527 3652 recte
2560 3594 2676 3652 dici
2698 3597 2801 3652 θεῶ
2830 3615 2937 3672 pro
2961 3591 3148 3666 θεάου,
3189 3613 3356 3651 secus
3379 3606 3580 3650 autem

2042 3703 2112 3740 cx
2139 3681 2276 3740 θεάω
2304 3723 2319 3752 ,
2363 3679 2458 3740 θέα
2477 3727 2495 3755 ,
2525 3683 2659 3740 licet
2687 3702 2804 3741 non
2845 3682 3032 3740 desint
3066 3683 3165 3760 qui
3208 3700 3580 3740 communem

2042 3790 2207 3828 usum
2242 3771 2422 3828 secuti
2446 3790 2577 3828 eum
2603 3772 2663 3829 in
2690 3771 2919 3828 modum
2947 3769 3219 3829 scribant.
3252 3772 3481 3829 Ηιιιετ.

2131 3877 2279 3929 ¹0¹7
2301 3900 2319 3930 ,
2356 3878 2378 3914 1
2416 3857 2549 3916 fort.
2576 3857 2716 3939 οἰκία
2746 3856 3098 3938 διατρέφεται.
3140 3862 3319 3915 Dm».
3361 3860 3584 3914 Totum

2060 3946 2113 4003 rl.
2143 3964 2257 4004 om.
2278 3951 2348 4004 G.

2042 3966 2076 4023 b
2131 4052 2270 4090 που
2309 4035 2391 4093 sic
2423 4035 2481 4092 in
2505 4040 2572 4094 V.
2593 4078 2611 4109 ,
2639 4037 2669 4092 ὁ
2695 4031 2897 4098 Θάσιος
2932 4022 3069 4098 οἶνος
3107 4033 3213 4091 τῶν
3239 4030 3417 4089 ἄλλων
3458 4029 3584 4088 δια-

2043 4118 2206 4203 φέρει.
2242 4119 2420 4191 ἐπειδὴ
2447 4123 2554 4179 ἐκεῖ
2577 4123 2631 4180 ἐν
2661 4119 3163 4201 Θάσῳ-Διονύσου.
3197 4117 3279 4178 Τὸ
3309 4115 3584 4196 δὲ-ἐκίρ-

2045 4232 2155 4275 νας.
2179 4253 2244 4268 ...
2276 4220 2345 4278 14
2369 4207 2525 4268 Ἐπεὶ
2550 4214 2620 4268 R.
2646 4210 2717 4268 Θ.
2754 4209 2882 4266 Ald.
2914 4246 2977 4259 -
3013 4208 3084 4266 15
3102 4211 3197 4266 τοῦ
3222 4206 3485 4264 additum
3507 4226 3581 4264 cx

2045 4300 2112 4353 V.
2140 4322 2164 4348 α
2186 4298 2364 4355 Paulo
2397 4296 2627 4374 plenius
2664 4296 2830 4356 Suid.
2866 4297 2927 4353 in
2952 4293 3217 4374 Ἐνέχεις,
3245 4313 3420 4352 versu
3441 4295 3579 4350 Ari-

2045 4383 2347 4461 stephanis
2385 4383 2614 4461 prolato
2635 4425 2650 4452 ‚
2692 4385 2763 4450 ὡς
2798 4387 2891 4441 τοῦ
2924 4383 3131 4444 Θασίου
3167 4379 3306 4440 οἴνου
3347 4378 3579 4457 εὗόσμου

2045 4470 2222 4538 ὄντος·
2261 4475 2291 4530 ὁ
2348 4470 2414 4553 &p
2454 4472 2548 4531 Στ.
2576 4475 2606 4530 ὁ
2634 4473 2709 4551 ἐρ.
2738 4473 2802 4530 Δ.
2827 4472 2880 4530 ἕν
2909 4472 2980 4530 Θ.
3011 4467 3166 4551 ᾤκει·
3201 4468 3293 4527 καὶ
3315 4466 3401 4527 διὰ
3422 4472 3582 4526 τοῦτο

2047 4560 2094 4618 δ.
2122 4563 2152 4618 ὁ
2177 4560 2251 4619 Θ.
2277 4581 2307 4617 ο
2330 4580 2435 4626 νος.
2473 4558 2633 4617 Idem
2664 4560 2722 4617 in
2744 4556 2945 4625 Θάσιος
2977 4548 3110 4623 οἶνος
3141 4557 3381 4634 propius
3403 4574 3578 4614 acce-

2049 4647 2136 4705 dit
2155 4646 2227 4705 ad
2258 4647 2580 4706 scholiastae
2599 4646 2811 4706 verba:
2848 4644 2939 4704 καὶ
2970 4642 3233 4725 παροιμία
3253 4688 3271 4716 ,
3305 4645 3351 4701 εἰ
3373 4640 3574 4704 Θάσιον

2048 4732 2241 4814 ἐνέχεις
2262 4753 2276 4767 ·
2327 4733 2507 4806 ἐπειδὴ
2543 4737 2595 4793 ἐν
2621 4736 2694 4794 Θ.
2734 4732 2862 4815 ᾤκει
2889 4736 2985 4793 Στ.
3014 4736 3042 4790 ὁ
3065 4734 3142 4813 ἐρ.
3172 4736 3235 4790 Δ.
3270 4728 3352 4790 ὅτι
3381 4731 3426 4788 δ.
3450 4733 3480 4787 ὁ
3501 4730 3576 4790 Θ.

2048 4811 2182 4889 οἶνος
2201 4835 2307 4881 etc.
2334 4825 2517 4894 Quem
2537 4822 2878 4900 Staphylnm
2901 4833 3096 4880 noster
3112 4819 3323 4878 Bacchi
3345 4818 3577 4876 delicias

2050 4911 2226 4984 dicit,
2276 4911 2324 4968 is
2349 4910 2477 4968 aliis
2501 4923 2585 4968 est
2624 4912 2807 4981 filius,
2843 4910 3020 4967 modo
3049 4929 3123 4967 ne
3155 4907 3283 4986 quis
3319 4908 3579 4966 diversos

2051 4999 2220 5057 faciat
2245 5022 2258 5055 :
2291 5004 2557 5058 Ammon.
2576 5000 2638 5058 in
2662 4995 2942 5081 Σταφύλη,
2975 5003 3167 5057 Tzetz.
3191 4997 3262 5058 ad
3288 4994 3577 5076 Lycophr.
