3859 5725
468 270 579 320 410
1626 246 2080 313 ADNOT'ATIO
2120 245 2203 306 IN
2245 244 2507 306 SCHOL.

461 390 554 445 τοῦ
582 386 822 463 Μεγακλ.
841 385 914 443 G.
942 384 1168 443 Deinde
1186 382 1435 466 δραπέτις
1458 384 1620 454 αὗτῆς
1636 385 1672 452 ἡ
1701 378 1881 461 μήτηρ
1904 378 1993 435 vel

460 475 648 534 simile
673 474 812 552 quid
841 473 1056 551 requiri
1087 472 1359 531 observat
1388 470 1741 530 Dindorflus.

542 570 680 643 804,
715 572 783 628 ι3
804 566 997 646 ἴαμὸος
1024 567 1071 626 δ.
1101 567 1464 639 ἀκατάληκτος
1485 578 1545 625 et
1571 575 1636 635 14
1660 587 1747 644 sq.
1766 586 1996 644 χοριαμ-

462 653 1035 739 ὅικὸν-ξφθημιμερής
1060 675 1176 713 om.
1206 661 1280 714 G.
1312 676 1384 731 ¹9
1411 654 1501 713 καὶ
1536 653 1733 732 ἷάμὸου
1770 651 1994 711 addidit

463 750 848 805 Hei-mannus.

544 844 679 914 807,
711 843 787 899 30
815 838 878 899 ἂν
908 839 1060 919 θέλῃς
1091 846 1158 898 G.
1185 837 1276 898 ἐὰν
1302 838 1456 919 θέλῃς
1485 847 1558 899 V.
1589 836 1679 898 ἐὰν
1716 836 1892 918 βούλει
1921 839 1993 894 R.

543 938 611 995 81
633 960 681 1011 ι,
709 938 783 996 36
816 935 879 995 τὸ
898 956 1013 995 om.
1036 940 1198 995 Junt.
1217 973 1281 986 —
1303 939 1373 1008 37
1400 934 1488 994 ἵνα
1510 932 1606 1007 τὴν
1629 931 1842 1012 γενικὴν
1867 955 1997 991 συν-

461 1024 694 1099 τάξωσι,
722 1027 1009 1105 ληροῦσιν,
1046 1026 1121 1083 38
1150 1022 1436 1103 ἀπολάψεις
1474 1023 1566 1082 καὶ
1602 1019 1962 1102 ἀποκέρδησον
1981 1061 1996 1086 ,

466 1124 534 1182 4ι
588 1111 699 1171 ὕστ.
750 1108 1019 1190 ἐπαγάγῃς
1056 1114 1267 1174 MS..E
1294 1112 1470 1189 (Reg.
1518 1109 1809 1187 2820)...
1836 1118 1907 1180 47
1940 1109 1995 1165 ἐν

462 1201 682 1260 addidit
702 1205 1086 1260 Hermanuus.
1107 1241 1167 1253 -.
1193 1202 1267 1268 48
1287 1197 1574 1278 ἀπολάψεις
1599 1198 1791 1256 Suidae
1816 1196 1993 1256 codex

462 1290 643 1348 Paris.
693 1287 1020 1366 Legebamr
1074 1287 1355 1367 ἀπολάψῃς
1406 1299 1464 1345 et
1496 1286 1654 1367 ἐκπίῃ
1673 1330 1688 1356 ,
1725 1286 1884 1363 quod
1923 1306 1995 1344 ex

459 1379 637 1439 Suida
663 1391 1007 1436 correctum.
1029 1414 1094 1427 -
1121 1385 1195 1452 49
1215 1396 1301 1453 sq.
1322 1375 1627 1457 ἀπολάψεις,
1648 1374 1996 1456 ἀφαρπάσεις,

462 1465 831 1547 ἀποκερδανεῖς
869 1470 935 1524 V.
980 1477 1070 1538 et,
1119 1464 1332 1523 omisso
1374 1464 1695 1544 ἀπολάψεις,
1733 1468 1884 1524 R.-
1921 1464 1993 1522 52

464 1552 719 1633 λάψαντες
740 1552 872 1613 Ald.

543 1652 659 1707 812
688 1647 927 1708 τουτέστι
955 1644 1267 1725 συμὸαίνει,
1291 1645 1403 1715 ἔθος
1430 1644 1544 1727 ἔχει
1568 1645 1740 1712 ἄλλως
1763 1643 1996 1703 ἀποὸαί-

460 1759 566 1796 νειν
593 1735 629 1808 ἢ
653 1740 725 1805 ὡς
746 1737 1015 1818 προσδοκᾷ
1060 1758 1158 1801 τις.
1202 1733 1547 1813 εὖμετάὸολοι
1573 1734 1676 1815 γάρ
1703 1735 1831 1793 εἰσιν
1858 1736 1907 1793 οἱ
1943 1731 2005 1801 ἐξ.

460 1825 738 1903 ἐπιθυμίας
765 1822 957 1904 ἀλόγου
982 1822 1071 1881 ἐπί
1091 1846 1145 1882 τι
1173 1822 1397 1901 μάθημα
1420 1821 1696 1903 ἐρχόμενοι
1719 1823 1922 1883 Suidas
1948 1842 1994 1880 S.

461 1915 624 1974 Φιλεῑ
645 1912 749 1992 γάρ
769 1935 899 1978 πως.
917 1950 980 1963 --
1003 1912 1036 1968 3
1066 1910 1407 1989 εὖμετάὸολοι
1434 1911 1550 1989 (sic
1576 1917 1647 1970 G.
1678 1909 1997 1989 εὖμετάὸου-

459 2001 542 2058 λοι
571 2005 636 2059 V.
668 1997 1052 2078 εὖμετάὸλητοι
1087 1998 1521 2076 ΔΙά.)-γνῶμαι
1547 2017 1662 2055 om.
1687 2002 1780 2072 R„
1817 1997 1995 2055 babet

458 2092 530 2145 V.
552 2123 615 2137 -
640 2097 670 2156 4
696 2084 1419 2162 ἀσύμὸουλοι-ἇλίσκονται,
1468 2094 1597 2164 quae
1639 2086 1700 2142 in
1754 2084 1883 2143 Ald.
1907 2085 1995 2141 le-

458 2187 673 2252 guntur
694 2175 753 2233 in
775 2175 885 2232 fine
904 2173 1108 2232 scholii
1129 2195 1185 2232 v.
1210 2176 1349 2245 800,
1376 2173 1490 2231 huc
1519 2173 1874 2251 transposuit
1889 2175 1995 2230 Er-

458 2270 695 2327 nestius.

541 2360 678 2431 814,
703 2377 733 2428 7
758 2357 831 2427 οζ’
865 2356 1051 2415 codex
1081 2360 1225 2433 Reg.
1262 2356 1437 2414 2821.

542 2456 656 2513 815
680 2498 697 2528 ‚
742 2456 810 2513 15
862 2452 1276 2534 κατελείφθησαν
1325 2452 1531 2513 Suidas
1584 2470 1628 2510 s.
1655 2452 1802 2513 Ἀλλ’
1836 2450 1992 2512 ἔσθιε.

458 2541 843 2615 κατελείπησαν
869 2546 940 2600 R.

538 2640 677 2712 817,
712 2658 781 2710 27
821 2637 988 2696 ταῦτὰ
1027 2642 1407 2696 Her-mannus.
1452 2635 1784 2713 Legebatur
1808 2640 1991 2696 ταῦτα.

457 2731 524 2785 V.
544 2734 789 2809 πειρᾶται
806 2725 896 2784 καὶ
923 2726 971 2785 δ.
990 2761 1053 2774 --
1077 2725 1151 2782 28
1179 2723 1256 2802 μὴ
1284 2721 1341 2782 δὲ
1363 2722 1512 2792 ὄντος
1546 2721 1621 2801 μὴ
1658 2720 1713 2781 δὲ
1754 2721 1995 2797 διανομί-

456 2820 632 2886 ζοντος
657 2821 730 2877 V.
749 2815 852 2877 Δία
885 2829 1020 2875 aute
1042 2814 1339 2894 νομίζοντος
1378 2815 1624 2873 collocat
1648 2819 1719 2874 R.
1740 2850 1803 2865 -
1836 2815 1911 2873 30
1938 2811 1994 2872 δὲ

454 2911 548 2964 τοῦ
578 2906 892 2965 Ernestius.
1395 2951 1400 2958 .

538 3007 675 3078 82¹,
700 3007 772 3075 34
802 3003 863 3066 τὸ
886 3002 941 3062 δὲ
971 3003 1204 3085 ἀρχαῖκὰ
1228 3001 1342 3061 ἀντὶ
1371 3005 1463 3062 τοῦ
1494 3003 1563 3064 V.
1587 3003 1688 3081 qui
1711 3003 1851 3082 λῆρα
1874 3022 1991 3061 om.

537 3104 676 3175 824,
696 3104 771 3174 37
796 3102 865 3165 ὥς
885 3096 976 3159 ἐπὶ
996 3099 1166 3182 τούτῳ
1181 3096 1500 3179 φθονούντων
1517 3099 1620 3155 τῶν
1642 3097 1690 3159 δ.
1713 3102 1993 3156 Herman-

457 3211 582 3248 nus.
605 3192 677 3257 ὡς
704 3188 792 3247 ἐπὶ
833 3191 938 3248 τῶν
977 3186 1303 3268 φρονούντων
1329 3184 1687 3267 (φθονούντων
1715 3190 1786 3244 Β.
1811 3190 1913 3255 V.)
1942 3185 1990 3245 δ.

455 3277 587 3335 Ald.
611 3277 946 3336 Dindorfius
983 3275 1214 3353 conjicit
1242 3278 1315 3342 ὣς
1354 3273 1759 3354 ἐπιφθονούντων
1805 3275 1910 3331 τῶν
1943 3273 1990 3332 δ.

451 3363 595 3424 'Post
624 3362 887 3444 μυστήρια
910 3362 1030 3422 haec
1056 3361 1242 3421 verba
1267 3361 1510 3419 collocat
1532 3365 1601 3420 R.

536 3461 654 3517 830
668 3459 780 3517 hoc
803 3457 1007 3517 ordine
1027 3463 1122 3530 V.,
1148 3455 1284 3524 τινὲς
1308 3453 1778 3532 ἐδέξαντο-μῆλον
1802 3454 1992 3514 ἐκάλε-

455 3570 576 3606 σαν.
608 3547 799 3614 ἄλλως.
822 3544 1097 3628 Ἀρισταγό
1132 3543 1591 3624 ας--κωμῳδοῦσμ
1621 3541 1810 3608 ἄλλως.
1836 3546 1993 3600 τοῦτο

455 3633 582 3715 παρ’
599 3632 1050 3715 ἱστορίαν-αὐτὸν
1071 3568 1234 3692 ε’ῗπεν.
1258 3667 1320 3679 ·—
1343 3633 1416 3699 45
1440 3634 1593 3688 τοῦτο
1611 3625 1740 3708 παρ’
1757 3628 1989 3710 ἱστορίαν

453 3720 624 3797 λε’γει,
653 3722 727 3789 46
756 3717 937 3792 ἐπειδὴ
955 3726 1026 3779 V.
1047 3757 1108 3770 --
1133 3720 1207 3788 48
1233 3718 1338 3800 Ἀρ.
1358 3754 1422 3770 --
1452 3718 1517 3774 51
1564 3717 1646 3775 sic
1688 3717 1747 3775 in
1781 3717 1930 3792 Ald.,
1964 3721 1993 3776 ὀ

456 3807 694 3883 Μήλιος,
737 3806 853 3867 ἀντὶ
889 3811 981 3866 τοῦ
1029 3812 1057 3866 δ
1087 3804 1297 3877 ἀσεὸής.
1336 3803 1703 3887 Ἀρισταγόρου
1746 3802 1848 3885 γὰρ
1897 3811 1991 3865 τοῦ

455 3895 668 3969 Μηλίου
709 3893 948 3974 μαθητὴς
995 3898 1024 3954 δ
1065 3894 1372 3976 Σωκράτης.
1419 3890 1756 3964 διεὲέὸληντο
1797 3891 1852 3952 δὲ
1900 3895 1991 3954 ἐπὶ

454 3978 605 4065 ἀθεΐα
626 3985 674 4042 οἱ
705 3981 903 4054 Μήλιοι
931 3982 1036 4041 ἀπὸ
1063 3980 1322 4062 Διαγόρου
1341 4027 1358 4056 ,
1381 3979 1437 4048 ὃς
1468 3979 1720 4061 χρήματα
1748 3982 1987 4063 παραθέ-

454 4071 607 4145 μενός
651 4094 756 4130 τινι
800 4071 890 4129 καὶ
920 4070 1322 4153 ἀποστερηθεὶς,
1363 4071 1435 4136 εἷς
1478 4064 1656 4128 ἀθεΐαν
1675 4070 1887 4152 ’ἐτράπη
1914 4094 1927 4108 ·
1953 4070 1989 4144 ἢ

451 4157 584 4217 διότι
616 4159 800 4229 Μῆλον
845 4155 1184 4236 ἐπολέμησαν
1224 4157 1465 4217 Ἀττικοί.
1491 4160 1538 4217 οἱ
1563 4156 1646 4231 δὲ,
1690 4156 1870 4229 ἐπειδή
1911 4182 1990 4227 τις

453 4243 825 4326 Ἀρισταγόρας
855 4243 1291 4324 διθυραμὸοποιὸς
1322 4243 1661 4327 ἐξωρχήσατο
1695 4243 1764 4304 τὰ
1794 4246 1986 4306 Ἐλευ-

453 4333 612 4391 σίνια.
631 4367 695 4381 -·
718 4332 794 4400 48
829 4353 915 4409 sq.
940 4329 1149 4410 ἐγένετο
1170 4329 1226 4389 δὲ
1265 4331 1355 4390 καὶ
1388 4331 1755 4416 Ἀρισταγόρας
1781 4336 1987 4395 Suidas

452 4442 496 4480 s.
531 4419 836 4501 Σωκράτης.
860 4424 935 4477 Et
958 4420 1092 4476 huic
1123 4432 1183 4476 et
1214 4419 1537 4478 scholiastae
1580 4420 1844 4501 Διαγόρας
1886 4444 1985 4482 re-

453 4507 811 4566 stituendum
852 4505 1170 4565 arbitratur
1194 4511 1562 4566 Hermannus
1590 4508 1669 4567 ob
1721 4510 1983 4570 scholion

452 4604 597 4656 Ran.
632 4597 764 4654 323.
788 4632 853 4644 -
877 4595 948 4653 52
977 4606 1110 4672 post
1150 4594 1464 4677 κωμῳδοῦσι
1490 4596 1698 4654 suidas
1737 4595 1986 4656 τάττεται

452 4682 508 4742 δὲ
539 4683 630 4742 καὶ
658 4680 873 4741 ἐπὶτῶν
906 4680 1232 4763 βλασφήμων
1261 4682 1457 4756 addit,
1498 4685 1795 4762 sequentia
1840 4687 1888 4743 οἱ
1927 4684 1987 4744 δέ

445 4768 674 4829 -δασύν
742 4770 974 4827 omittit.
999 4806 1063 4818 —
1092 4770 1167 4827 53
1206 4771 1310 4827 τῶν
1355 4773 1603 4846 μαθητῶν
1664 4774 1982 4832 Ernestius.

450 4856 778 4936 legebatur
799 4860 904 4916 τῶν
930 4855 1171 4929 Μηλίων.
1190 4895 1253 4907 -
1280 4878 1301 4913 ι
1338 4856 1577 4926 ἐδέξαντο
1603 4864 1675 4918 V.
1706 4873 1763 4918 et
1790 4861 1984 4920 Suidae

451 4946 541 5004 cd.
579 4946 808 5005 Mediol.
833 4944 921 5004 τὸν
953 4957 1011 5003 et
1056 4945 1090 5001 5
1135 4942 1296 5010 οὕτως
1326 4965 1440 5004 om.
1484 4951 1555 5004 V.
1596 4944 1724 5005 αὐτὸ
1757 4949 1980 5008 Suidas.

2081 375 2306 435 SuidaS.
2326 374 2407 457 ἐφ’
2430 366 2492 433 οἶ
2524 381 2594 433 V.
2613 413 2676 426 —
2700 377 2735 434 8
2757 377 2944 449 Μ’ἥλον
2972 376 3231 438 ἐκάλεσαν
3254 385 3329 439 V.
3354 418 3389 429 -
3453 381 3525 439 15
3548 379 3638 439 διὰ

2081 480 2197 520 om.
2220 467 2294 523 R.
2314 500 2373 512 -
2405 465 2474 520 16
2501 461 2680 523 ἅλοιτο
2701 468 2771 521 V.
2805 463 2986 524 ἅλοιτο
3014 470 3082 525 R.

2163 550 2276 608 832
2301 555 2369 611 R.
2397 570 2527 608 cum
2551 551 2817 610 lemmate
2837 555 3059 630 μανιῶν.

2080 716 2115 797 ἦ
2164 637 2301 712 834,
2325 659 2394 710 27
2421 636 2659 697 λείπεται
2682 637 2739 697 δὲ
2767 640 2839 705 εἰς
2860 645 2955 716 V.,
2981 652 3308 700 correctum
3357 661 3434 700 ex
3462 647 3539 701 R.
3567 642 3639 700 ἶν’

2089 790 2100 806 .
2140 727 2212 793 εἷς
2242 746 2358 784 om.
2388 731 2458 787 R.

2163 814 2301 883 835,
2330 818 2403 872 30
2426 812 2614 880 ἄλλως.
2645 817 2717 882 ὡς
2736 818 2838 885 V.,
2861 815 2921 878 in
2961 836 3080 893 quo
3115 817 3239 876 haec
3261 820 3638 899 ὥς-σμικρο-

2079 899 2260 978 λογίαν
2285 914 2418 980 post
2440 892 2554 960 εἶπε
2573 901 2851 983 φειδωλίας
2877 906 3065 981 posita
3094 918 3249 964 sunt.
3273 945 3338 956 —
3362 909 3433 965 31
3460 912 3638 965 ταῦτα

2079 991 2189 1046 -οῖ
2225 987 2497 1069 φιλόσοφοι
2524 1005 2580 1048 οι
2615 992 2687 1048 33
2718 1009 2840 1067 seq.
2876 990 2909 1047 ἃ
2938 991 3290 1073 γοῦν-φησίν
3330 1014 3450 1051 om.
3480 996 3551 1051 V.
3574 1032 3638 1044 -

2083 1083 2157 1143 42
2188 1075 2564 1152 ἐκκομισθῆναι
2590 1076 2794 1135 Suidas
2813 1098 2854 1134 s.
2882 1077 3187 1158 Καταλούῃ.
3222 1081 3637 1158 εἰσκομισθῆναι

2082 1166 2150 1221 R.
2179 1168 2251 1223 V.
2280 1161 2414 1240 μετὰ
2440 1161 2537 1235 τὴν
2561 1163 2843 1242 ἐκκομιδὴν
2867 1169 2960 1223 τοῦ
3001 1173 3187 1245 νεκροῦ
3228 1166 3479 1226 λούεσθαι
3509 1167 3638 1234 τοὺς

2081 1249 2199 1309 κατ’
2222 1240 2363 1309 οἶκον
2392 1254 2665 1331 καθαρμοῦ
2690 1252 2849 1334 χάριν
2885 1253 3015 1311 ΑΙά.
3034 1291 3098 1303 -—
3133 1261 3205 1323 44
3241 1254 3448 1337 τρυφὴν
3490 1257 3638 1315 Sui-

2081 1337 2196 1396 das.
2219 1337 2412 1420 τροφὰς
2446 1344 2517 1398 R.
2544 1346 2612 1397 V.
2632 1376 2697 1388 —
2718 1341 2791 1409 45
2812 1339 3104 1416 λαμὸάνει,
3134 1343 3206 1411 ὣς
3231 1348 3302 1401 G.
3326 1380 3394 1390 —
3417 1345 3493 1412 46
3528 1367 3636 1401 κα-

2080 1423 2291 1484 ταλούει
2314 1432 2385 1485 G.
2409 1426 2716 1486 καταλούειν
2747 1432 2834 1499 V.,
2866 1429 2965 1505 qui
2990 1449 3105 1487 om.
3127 1427 3239 1507 βίον
3265 1428 3639 1490 δὲ-κατανα-

2079 1512 2294 1579 λίσκεις.
2315 1549 2377 1563 --
2404 1524 2477 1587 47
2503 1515 2575 1582 εἰς
2598 1512 2667 1574 τὰ
2698 1514 2892 1597 λουτρὰ
2916 1516 3142 1576 suidas·

2163 1601 2235 1669 84
2254 1622 2301 1673 ι,
2329 1602 2402 1658 52
2430 1605 2724 1683 ῥηματικοῦ
2753 1607 2822 1662 Β.

2163 1690 2279 1758 842
2314 1689 2431 1747 ἀντὶ
2454 1694 2547 1747 τοῦ
2573 1702 2630 1748 et
2665 1689 2838 1769 παχὺς
2867 1712 2984 1751 om.
3015 1696 3084 1751 V.

2164 1778 2301 1850 845,
2327 1779 2359 1835 3
2385 1775 2446 1836 τὸ
2476 1775 2531 1836 δὲ
2556 1780 2849 1857 εἰσαγαγῶν
2873 1779 3004 1857 [sic]
3023 1776 3131 1838 ἕλω
3153 1779 3271 1839 ἀντὶ
3297 1786 3393 1840 τοῦ
3412 1806 3543 1842 κατ.
3562 1788 3635 1843 V.

2164 1865 2302 1937 846,
2340 1885 2410 1923 10
2434 1866 2533 1946 οὐχ
2555 1863 2656 1934 ἔξει
2683 1867 2808 1926 Ald.
2837 1866 2979 1927 ἴασιν
3017 1868 3113 1927 οὐκ
3144 1866 3288 1928 ἐστιν
3318 1868 3518 1938 ἐξιέναι
3544 1872 3639 1929 τὸν

2082 1955 2129 2010 θ.
2151 1956 2221 2010 R.
2247 1988 2310 2001 -
2343 1973 2362 2009 ι
2382 1973 2405 2009 ι
2432 1950 2501 2011 τὰ
2523 1953 2652 2034 πρὸς
2691 1951 2788 2026 τὴν
2814 1952 2987 2036 ταφὴθ
3012 1956 3098 2014 ἐπ.
3125 1961 3215 2030 V.,
3251 1958 3353 2035 qui
3374 1955 3637 2017 ἴνα-θα-

2082 2039 2240 2099 νάτου
2269 2058 2385 2097 om.

2164 2129 2279 2185 853
2303 2128 2435 2186 cod.
2459 2134 2602 2207 Reg.
2634 2129 2817 2189 2821:
2848 2130 3093 2209 Γηγενεῖς
3109 2128 3323 2199 τούτους
3346 2136 3571 2215 εἴρηκεν
3600 2134 3639 2207 ἢ

2082 2216 2169 2275 διὰ
2190 2215 2252 2274 τὸ
2280 2213 2429 2287 δίκην
2455 2215 2747 2298 μυρμήκων
2789 2218 2843 2274 ἐν
2879 2217 3139 2295 ὑπογείοις
3180 2210 3317 2278 εἶναι
3335 2265 3352 2294 ,
3386 2220 3422 2292 ἢ
3450 2221 3546 2280 διὰ
3576 2222 3641 2281 τὸ

2081 2313 2280 2386 νεκροῖς
2297 2301 2521 2365 ἐοικέναι
2538 2302 2677 2363 κατὰ
2697 2301 2793 2375 τὴν
2820 2305 3007 2386 χροιάν
3029 2328 3043 2342 ·
3071 2303 3245 2382 ὅμοιοι
3276 2306 3379 2389 γὰρ
3424 2319 3639 2392 νεκροῖς

2083 2394 2132 2450 οἱ
2157 2393 2276 2474 περὶ
2310 2390 2622 2473 Σωκράτην.

2164 2481 2302 2554 855,
2333 2500 2408 2538 20
2438 2476 2733 2538 ὑπὸ-ἐτῶν
2764 2499 2878 2537 om.
2912 2485 3056 2539 V.—
3086 2500 3151 2539 αι
3189 2480 3383 2563 γῆρους
3404 2489 3474 2545 G.

2165 2567 2301 2642 857,
2315 2577 2385 2635 24
2401 2566 2653 2625 ἀνάλωσα
2666 2571 2734 2624 V.
2748 2579 2805 2625 et
2824 2567 3035 2627 Suidas
3056 2589 3101 2627 s.
3124 2570 3634 2652 Καταπεφρόντικα.

2082 2653 2332 2726 ἀνήλωσα
2351 2660 2420 2712 G.
2440 2660 2506 2713 R.
2531 2653 2784 2724 ἠνάλωσα
2803 2654 2928 2713 Ald.

2161 2742 2298 2819 859,
2332 2744 2409 2800 30
2441 2740 2684 2801 ἀνάλωσε
2709 2742 2917 2802 Suidas
2949 2762 2995 2801 s.
3024 2741 3177 2802 Δέον.
3206 2744 3451 2816 ἠνάλωσε
3499 2750 3634 2807 ΑΙά.

2084 2830 2305 2889 Deinde
2328 2826 2497 2896 διδοὺς
2512 2831 2838 2900 πεντήκοντα
2860 2829 3134 2890 ταλάντων
3162 2832 3379 2892 Suidas.
3408 2840 3639 2897 Decem

2083 2921 2295 2978 talenta
2327 2931 2593 2977 numerat
2632 2918 2976 2978 Plutarchus
3022 2920 3084 2977 in
3124 2922 3259 2979 Vita
3300 2925 3548 2983 Periclis
3585 2947 3639 2984 c.

2082 3028 2179 3080 22,
2204 3006 2536 3084 quindecim
2574 3007 2985 3084 grammaticus
3022 3007 3081 3065 in
3111 3008 3442 3068 Montefalc.
3476 3013 3640 3073 Bihl.

2082 3096 2319 3154 Coislin.
2363 3114 2420 3173 p.
2455 3096 2590 3151 608.
2612 3130 2675 3143 —
2699 3097 2765 3153 31
2802 3095 2965 3152 εἰπεῖν
2998 3095 3140 3169 Ald.‚
3187 3113 3527 3158 correctum
3560 3124 3635 3161 ex

2079 3183 2271 3242 Suidoe
2294 3183 2385 3240 ed.
2426 3181 2730 3240 Mediolan.
2758 3203 2772 3239 ε
2800 3202 2932 3239 nam
2963 3182 3196 3242 codices
3235 3187 3422 3244 εἰπεῖν.
3449 3225 3519 3236 -
3560 3192 3641 3248 33

2081 3270 2377 3351 Κλέανδρον
2405 3269 2629 3328 SuidaS.
2657 3268 3086 3332 Πλειστιάνακτα
3115 3272 3262 3345 ΑΙά.,
3298 3288 3639 3335 correctum

2078 3379 2149 3417 ex
2174 3359 2367 3418 Suidae
2393 3358 2522 3415 cod.
2553 3359 2733 3416 Paris.
2767 3364 2841 3430 Α,
2867 3371 2930 3415 et
2960 3360 3306 3436 Thucydide
3336 3382 3407 3435 2,
3445 3384 3552 3422 2ι.
3575 3404 3639 3414 -.

2082 3456 2113 3515 4
2144 3445 2894 3527 Κλεάνδρῳ-Πλειστάνακτι
2917 3447 3043 3505 Ald.
3071 3452 3412 3508 correctum
3435 3465 3510 3511 ut
3538 3475 3640 3511 su·

2079 3555 2204 3613 pra.
2232 3533 2636 3597 Πλειστάνακτα
2662 3535 2868 3592 iterum
2890 3535 3043 3593 infra
3066 3536 3192 3594 Ald.
3215 3574 3279 3586 —
3299 3547 3375 3615 49
3404 3539 3641 3621 ἐφόνευ-

2076 3643 2197 3681 σαν.
2231 3624 2427 3682 Minus
2457 3621 2768 3681 crudeliter
2795 3622 3103 3683 scholiasta
3131 3626 3297 3703 prior
3323 3626 3643 3704 ἐδήμευσαν

2076 3711 2231 3769 dicit.
2258 3708 2613 3790 ἐφυγάδευσαν
2654 3709 2950 3771 DobraeuS.
2970 3712 3105 3779 -54
3142 3712 3431 3796 Κλεάνδρῳ
3468 3723 3550 3776 R.
3574 3724 3643 3777 V.

2159 3801 2295 3866 860,
2330 3807 2361 3868 4
2380 3797 2452 3856 πὸ
2485 3796 2539 3856 δὲ
2567 3796 2871 3875 πειθόμενος
2896 3798 3014 3858 ἀντὶ
3044 3804 3137 3858 τοῦ
3161 3798 3244 3879 ἔχ.
3276 3807 3346 3858 V.

2157 3888 2270 3946 862
2290 3930 2311 3958 ,
2354 3908 2385 3959 7
2418 3884 2552 3954 ἐξέτι
2596 3890 2667 3944 V.
2697 3884 2856 3952 ἑξέτει
2889 3908 2974 3945 σοι
3018 3893 3091 3946 G.
3121 3925 3183 3936 —
3209 3891 3245 3947 8
3277 3889 3641 3971 τραυλίσαντι

2078 3976 2132 4036 δὲ
2158 3975 2453 4056 ψελλίζοντι
2484 3974 2699 4052 V.,qui
2734 3996 2771 4051 9
2795 3988 2854 4035 et
2890 3978 3192 4055 sequentia
3229 3980 3480 4053 omittit,
3528 3984 3641 4040 sed

2077 4063 2251 4121 habet
2270 4065 2513 4141 glossam
2534 4063 2995 4137 ἐκκλησιαστικὸν,
3020 4085 3137 4142 qua
3177 4078 3334 4123 caret
3370 4072 3440 4124 G.
3470 4069 3639 4138 ἡλια-

2078 4152 2254 4212 στικὸν
2285 4151 2341 4212 δὲ
2359 4153 2477 4211 ἀντὶ
2495 4157 2588 4211 τοῦ
2617 4172 2733 4212 om.
2757 4157 2828 4211 R.
2854 4153 3292 4225 ἐκκλησιαστικὸν
3322 4155 3469 4214 dicit
3495 4179 3655 4216 con-

2076 4254 2240 4299 sueto
2285 4241 2669 4319 grammaticis
2708 4260 2905 4299 errore
2939 4262 3050 4320 pro
3096 4243 3415 4304 δικαστικόν.
3446 4251 3639 4308 Conf.

2074 4330 2148 4388 ad
2168 4330 2350 4408 schol.
2368 4330 2519 4387 Pluti
2544 4349 2598 4387 v.
2618 4328 2752 4403 329.
2777 4329 2936 4388 «Vid.
2961 4331 3188 4400 Boeckh.
3210 4337 3433 4392 OEcon.
3452 4338 3641 4412 publ.

2074 4419 2279 4476 Athen.
2327 4417 2440 4474 vol.
2498 4438 2548 4489 ι,
2579 4436 2636 4495 p.
2693 4420 2839 4488 248,
2894 4419 3267 4478 Schoemann.
3294 4421 3384 4478 De
3417 4428 3640 4486 comit.

2075 4527 2133 4585 p.
2162 4508 2270 4582 69,
2295 4517 2355 4563 et
2402 4505 2802 4582 prael'ationem
2825 4526 3013 4564 meam
3039 4509 3099 4565 in
3130 4507 3353 4568 Nubes.
3374 4537 3397 4559 n
3416 4513 3640 4573 Hau.

2155 4596 2291 4665 864,
2330 4594 2395 4649 ι3
2418 4612 2503 4669 sq.
2535 4589 2689 4674 ἑορτὴ
2715 4593 2841 4674 παρ’
2867 4593 3154 4666 Ἀθηναίοις
3195 4594 3263 4652 τὰ
3292 4594 3505 4657 Διάσια
3534 4607 3640 4660 τοῦ

2073 4679 2211 4748 Διός.
2241 4678 2471 4759 ἁμαξίδα
2500 4678 2555 4738 δὲ
2582 4684 2908 4748 πλακοῦντος
2942 4673 3073 4750 εἶδός
3108 4682 3161 4742 τί
3195 4705 3387 4764 φησιν,
3421 4685 3496 4757 ἣν
3540 4695 3640 4748 νῦν

2071 4785 2182 4829 etc.
2203 4775 2353 4827 V...
2385 4780 2453 4838 14
2487 4766 2542 4827 δὲ
2571 4790 2690 4828 om.
2722 4775 2794 4831 V.

2151 4862 2288 4934 865,
2321 4882 2387 4933 17
2417 4859 2478 4918 τὸ
2514 4856 2570 4917 δὲ
2596 4857 2798 4938 ἀχθέσῃ
2827 4859 2944 4918 ἀντὶ
2977 4865 3068 4933 V.,
3095 4863 3196 4939 qui
3232 4861 3356 4921 haec
3398 4864 3467 4923 τὸ
3510 4866 3639 4927 δὲ...

2071 4948 2225 5028 μάθω
2250 4961 2384 5026 post
2410 4950 2654 5022 ἐπείσθης
2680 4950 2964 5024 collocat,
2998 4961 3055 5008 et
3080 4971 3195 5010 om.
3245 4951 3545 5032 δηλονότι,
3568 4975 3640 5020 et

450 5032 674 5093 Deinde
701 5033 770 5090 V.
810 5031 925 5091 ἀντὶ
965 5036 1057 5092 τοῦ
1093 5031 1504 5114 Διαγόρας.-7
1547 5032 1772 5115 ἔδραμεν
1815 5041 1880 5094 V.
1916 5047 1976 5094 et
2077 5038 2146 5093 18
2179 5057 2293 5094 om.
2326 5034 2399 5093 δὲ.
