3859 5725
1606 212 2053 275 ADNOTATIO
2095 214 2179 276 IN
2217 215 2484 277 SCHOL.

459 354 540 415 Θ.
571 343 708 414 εἶναι
728 373 843 412 om.
873 358 946 411 V.
975 352 1289 430 Sequentia
1314 370 1432 410 om.
1458 355 1544 409 Μ.
1563 353 1811 429 Regius:
1840 350 1995 412 Πλά-
2034 358 2044 422 !
2084 353 2180 427 V.,
2206 349 2307 426 qui
2330 350 2404 408 38
2434 351 2479 407 εἰ
2509 369 2625 408 om.
2644 382 2708 398 -
2732 358 2806 419 40
2831 352 2927 421 τῆς
2945 351 3134 423 λοιπῆς
3152 355 3251 424 τῆς
3270 350 3521 425 τοιαύτης
3546 360 3628 415 R.

454 464 584 501 ταια
608 440 760 509 πόλις
796 440 998 520 γίνεται
1042 438 1151 499 ἀπὸ
1178 444 1273 499 τοῦ
1318 437 1498 510 πλάτη
1539 437 1569 498 ὃ
1612 438 1861 518 σημαίνει
1902 440 1993 500 τὸν
2034 502 2043 540 5
2080 439 2267 507 λοιπῆς
2293 435 2541 509 τοιαύτης
2563 444 2632 494 V.
2654 437 2729 497 Θ.
2753 436 2998 512 τοιαύτης
3023 441 3215 511 λοιπῆς
3230 440 3355 501 Ald.

456 530 583 609 (sic)
614 527 833 603 κύνει-ην,
858 527 990 588 διότι
1021 531 1070 587 οἱ
1108 529 1397 596 Πλαταιεῖς
1430 527 1593 608 λίμνῃ
1625 534 1996 610 παροικοῦντες
2035 552 2045 587 ι
2163 523 2300 596 715,
2335 527 2408 595 46
2440 523 2657 592 ῑῧθπλος
2697 530 2767 585 V·
2802 532 2940 586 Post
2970 526 3183 594 ἔνοπλος
3225 530 3418 607 pergit
3448 534 3519 588 R·
3564 528 3632 589 τὸ

455 617 562 681 ἀπὸ
599 617 946 691 κωπηλασίας
987 616 1138 686 ἔζων.
1173 616 1355 697 ὥσπερ
1394 614 1450 675 δὲ
1493 621 1527 688 ἡ
1562 616 1778 677 Θέσπια
1814 618 1868 676 ἐν
1898 616 1993 696 μὲν
2036 599 2044 727 ἰ
2083 610 2139 671 δὲ
2171 612 2715 694 πλῆρεςένδιατρίψει
2742 611 2891 680 εἰδὼς
2918 615 3062 675 τάδε.
3086 625 3458 695 προσεποιεῖτο
3478 612 3533 673 δὲ
3552 613 3636 683 ὥς

456 714 567 772 τοῖς
594 708 781 772 ἱνικοῖς
820 703 1271 787 προπαροξύνεται
1287 751 1304 780 ,
1334 706 1389 763 ἐν
1411 701 1466 763 δὲ
1493 713 1603 772 τοῖς
1627 706 1994 777 πληθυντικοῖς
2038 743 2043 769 ,
2082 722 2210 781 φασι
2235 698 2327 759 καὶ
2352 700 2548 779 μανίαν
2578 698 2728 766 εἷδὼς
2754 697 2835 759 ὅτι
2859 709 3094 780 μισεῖται
3116 715 3230 761 etc·
3262 740 3326 753 —
3348 713 3424 779 49
3455 703 3631 783 uinis»-

456 790 723 862 ὀξύνεται·
761 795 995 855 Θεσπιαὶ
1017 791 1119 875 γὰρ
1161 790 1222 852 τὸ
1246 791 1625 864 πληθυντικόν·
1656 791 1795 853 οὕτω
1838 793 1930 852 καὶ
1958 798 1994 864 ἡ
2036 772 2044 847 l
2082 787 2209 865 ἴσως
2229 791 2296 867 τῇ
2325 791 2430 867 (τῇ
2460 808 2573 846 om.
2611 788 2726 864 V.)
2759 789 3021 878 βακτηρία
3067 793 3305 870 συνεχῶς
3348 792 3634 868 (συνεχῶς

455 881 709 941 Πλάταια
733 885 918 950 ἑνικῶς
952 879 1049 959 μὲν
1074 878 1522 963 προπαροξύνεται
1538 924 1555 953 ,
1583 881 1744 951 πληθ.
1787 879 1843 940 δὲ
1870 879 1996 950 ὀξύ·
2038 850 2046 937 l
2082 897 2197 937 om.
2224 878 2324 953 V.)
2342 878 2537 956 ἐχρῆτο
2560 873 2596 947 ἢ
2630 875 2722 934 καὶ
2745 875 2850 936 ἀπὸ
2877 883 2967 935 τοῦ
2990 877 3115 956 (καὶ
3155 890 3216 937 et
3238 882 3329 937 τοῦ
3357 897 3477 935 om.
3509 882 3593 933 V.
3612 894 3633 951 ,¹

455 990 636 1026 νεται·
673 967 947 1029 Πλαταιαὶ
974 964 1076 1051 γὰρ
1114 966 1361 1046 λέγεται·
1389 966 1480 1026 καὶ
1515 970 1544 1025 ὁ
1581 967 1800 1040 πολίτης
1835 969 1998 1039 αὐτῆς
2036 941 2045 1063 l
2083 963 2293 1024 δείπνου
2318 962 2736 1043 ἐπανερχόμενος
2770 968 2836 1022 V.
2877 966 2949 1026 Θ.
2990 966 3187 1043 Pergit
3229 968 3301 1026 Θ.
3332 964 3496 1042 ἤγουν
3525 965 3634 1022 οὐκ

461 221 583 273 528

456 1053 784 1122 Πλαταιεύς·
809 1060 843 1127 ἡ
875 1055 1141 1128 αἰτιατικὴ
1172 1059 1275 1115 τῶν
1300 1058 1484 1115 ἑνικῶν
1522 1053 1611 1114 τὸν
1642 1057 1893 1116 Πλαταιᾶ
1913 1101 1930 1130 ,
1961 1060 1995 1128 ἡ
2039 1076 2044 1127 ι
2084 1051 2281 1121 ἄοπλος
2304 1052 2503 1132 διάγει,
2532 1052 2650 1111 ἀλλ’
2671 1054 2724 1111 ἐν
2758 1052 2896 1135 χειρὶ
2928 1052 3077 1122 ξύλον
3112 1052 3257 1134 φέρει
3291 1051 3633 1134 προσποιού-

456 1139 512 1199 δὲ
537 1143 709 1200 εὐθεῖα
731 1144 838 1199 τῶν
882 1143 1047 1214 πληθ.
1100 1145 1149 1201 οἰ
1187 1145 1510 1216 Πλαταιεῖς,
1549 1140 1640 1200 καὶ
1673 1146 1707 1213 ἡ
1753 1144 1862 1201 αἰτ.
1888 1146 1996 1201 τῶν
2037 1138 2044 1193 ‚³
2085 1164 2240 1218 μενος
2280 1140 2509 1219 μανίαν,
2555 1139 2706 1209 εἰδὼς
2732 1138 2812 1199 ὅτι
2847 1148 3096 1219 μισεῖται.
3134 1140 3325 1201 πολλοὶ
3347 1138 3453 1219 γὰρ
3478 1142 3634 1220 αὐτῷ

453 1230 547 1287 πλ.
587 1225 712 1295 τοὺς
756 1230 1044 1297 Πλαταιεῖς
1074 1228 1165 1289 καὶ
1211 1232 1503 1297 Πλαταιᾶς.
1547 1227 1709 1296 πολὺς
1750 1227 1805 1287 δὲ
1844 1228 1996 1309 λόγος
2038 1196 2045 1281 l
2083 1230 2377 1289 ἀπειλοῦσι.

452 1315 652 1388 ταύτης
671 1319 767 1388 τῆς
793 1316 996 1384 πόλεως
1016 1363 1033 1393 ,
1061 1317 1127 1377 τά
1152 1341 1210 1376 τε
1238 1317 1377 1377 ἄλλα
1401 1317 1490 1377 καὶ
1523 1315 1608 1376 ὅτι
1643 1316 1843 1398 τάφους
1868 1318 1995 1400 φασὶ

454 1401 546 1462 καὶ
567 1400 800 1485 τρόπαια
824 1393 963 1482 εἶχεν
993 1407 1206 1483 ἀγαθῶν
1250 1406 1453 1486 ἀνδρῶν
1483 1408 1588 1464 τῶν
1626 1402 1725 1477 τὴν
1755 1404 1997 1465 Ἐλλάδα

455 1494 918 1574 ἔλευθερωσάντων
947 1493 1039 1552 καὶ
1066 1493 1130 1554 τὸ
1159 1493 1430 1573 βασίλειον
1462 1491 1766 1576 στράτευμα
1802 1495 1997 1555 δουλω·

457 1580 684 1639 σάντων.

536 1667 676 1742 698,
705 1668 894 1736 43-45
918 1667 1000 1725 sic
1016 1672 1087 1727 R.
1115 1669 1307 1728 Ceteri
1334 1667 1474 1747 λέγει
1494 1671 1993 1752 στρατηγῶν-τῶν

456 1754 595 1830 (τῶν
630 1774 744 1813 om.
768 1754 863 1834 V.)
890 1755 1011 1837 περὶ
1038 1753 1371 1838 Ἀργίνουσαν
1395 1757 1858 1838 ναυμαχησάντων
1889 1760 1997 1818 τῶν

462 1840 736 1903 σωθέντων
761 1845 822 1902 ἐκ
846 1846 952 1903 τῶν
982 1843 1020 1901 ι’
1041 1846 1119 1920 (ἐν
1148 1847 1224 1925 τῷ
1253 1842 1380 1903 δέκα
1404 1848 1500 1925 V.)
1534 1879 1614 1892 —
1643 1848 1716 1915 45
1744 1847 1996 1930 ἀργίννο-

458 1953 556 1989 σαν
589 1931 1144 2011 συνναυμαχησάντων
1171 1937 1243 1993 R.
1266 1933 1457 1992 Ceteri
1477 1932 1525 1992 Ἀ
1537 1932 1828 2014 ργίνουσαν.
1846 1937 2000 1995 Din-

460 2017 678 2077 dorfius
709 2018 905 2096 posuit
925 2018 1087 2097 quod
1126 2019 1465 2078 scholiastes
1494 2020 1634 2080 alibi
1672 2033 2000 2083 constanter

460 2107 740 2183 sequitur.
766 2141 848 2152 —
876 2109 951 2175 46
980 2105 1072 2166 καὶ
1099 2107 1362 2166 additum
1384 2127 1458 2166 ex
1487 2110 1557 2167 Θ.
1580 2141 1660 2154 —
1686 2118 1757 2182 47
1791 2107 1997 2170 ἐκωλύ-

453 2197 645 2266 θησαν,
668 2196 715 2252 οἰ
736 2192 793 2252 δὲ
816 2192 1080 2277 τέσσαρες
1119 2194 1312 2277 ἔφυγον
1350 2196 1423 2255 Θ.
1442 2238 1524 2249 -.
1554 2198 1628 2265 48
1663 2199 1735 2264 ὥς
1776 2195 1883 2278 Ἄρ.
1925 2203 1997 2257 V·

456 2282 869 2358 μετακαλεῖσθαι
901 2283 1029 2341 Ald.
1065 2283 1226 2343 Cous.
1255 2284 1436 2343 schol.
1466 2304 1520 2341 ν.
1549 2285 1684 2342 688.
1708 2284 1813 2345 δεῖν
1842 2285 1999 2346 addi·

453 2368 538 2425 dit
560 2368 912 2429 Dindorfius.
938 2369 1031 2429 καὶ
1056 2369 1327 2447 ἐπιτίμους
1363 2370 1667 2430 Dobraeus.
1708 2405 1788 2417 —-
1824 2382 1900 2449 49
1927 2363 1996 2445 ἦν

456 2455 577 2536 περὶ
618 2456 840 2517 Αἰολίδα
881 2463 950 2516 V.
975 2490 1053 2503 —-
1080 2478 1111 2514 2
1142 2460 1315 2517 αὐτῶν
1353 2460 1459 2516 τῶν
1504 2460 1677 2517 αὐτῶν
1706 2461 1777 2521 Θ.
1823 2462 1997 2520 αὐτῶν

458 2547 563 2601 τῶν
589 2548 665 2602 Μ.
686 2546 792 2602 τῶν
813 2546 871 2602 ἐν
898 2546 975 2627 τῷ
1004 2545 1129 2606 Ald.
1153 2587 1229 2598 -
1252 2548 1284 2605 3
1308 2546 1703 2615 κατακλεισθείς
1726 2553 1831 2622 Μ.,
1856 2551 1999 2607 utin

459 2631 682 2689 scholio
713 2653 769 2690 v.
795 2634 932 2691 688.

538 2721 648 2791 703
668 2762 686 2791 ,
733 2728 765 2789 4
805 2718 1283 2802 ὑπερφρονήσωμεν
1322 2721 1411 2780 καὶ
1438 2721 1703 2783 additum
1733 2744 1806 2783 ex
1829 2728 1901 2783 R.
1920 2758 1999 2769 —

456 2807 493 2863 6
514 2805 932 2888 συμμαχήσασιν
965 2810 1036 2871 Θ.
1061 2808 1190 2870 Ald.
1225 2811 1289 2870 In
1325 2816 1410 2870 M.
1445 2811 1706 2872 scholion
1745 2813 1858 2872 hoc
1890 2826 1999 2889 est,

456 2897 503 2953 εἰ
530 2893 585 2954 δὲ
613 2899 683 2965 ὥς
709 2897 917 2974 μεγάλα
942 2896 1308 2979 ἁμαρτήματα
1332 2897 1408 2976 μὴ
1433 2898 1721 2978 θελήσομεν
1744 2902 1998 2975 ἐνδοῦναι,

460 2983 578 3043 ἀλλ’
610 2984 1072 3067 ὕπερφρονήσομεν
1103 2985 1177 3064 μὴ
1212 2995 1444 3046 συνεῖναι
1465 2988 1918 3069 συμμαχήσασιν,
1940 2993 1997 3049 οὐ

453 3071 675 3149 δόξομεν
703 3070 920 3153 ὕστερον
947 3076 1120 3140 καλῶς
1147 3083 1376 3156 φρονεῖν.

535 3170 671 3230 704,
699 3181 737 3237 9
761 3159 883 3242 περὶ
907 3159 1184 3241 Αἰσχύλου
1211 3168 1287 3221 Μ.
1315 3160 1464 3244 παρὰ
1486 3162 1548 3223 τὸ
1572 3163 1840 3244 Αἰσχύλου
1870 3165 1997 3225 Ald.

451 3245 565 3306 ἔστι
587 3247 1035 3331 δὲ-Ἀρχιλόχῳ
1071 3252 1168 3330 (τῷ
1198 3251 1345 3331 Άρχ.
1371 3252 1468 3328 Μ.)
1496 3253 1690 3311 addita
1721 3273 1794 3312 ex
1816 3258 1888 3313 V.
1916 3259 1998 3313 M.

452 3369 531 3380 -
575 3357 644 3394 ε2
673 3339 701 3395 6
724 3336 1065 3405 Διονυσιακὸς
1089 3337 1210 3396 Ald.
1238 3351 1295 3397 et
1324 3344 1426 3412 Μ.,
1451 3352 1517 3397 ut
1547 3340 1798 3400 videtur.

535 3424 644 3496 705
675 3423 1042 3484 scribebatur
1071 3423 1486 3504 βλαὸησώμεθα.

537 3511 650 3580 706
676 3514 746 3569 R.
770 3510 945 3570 habet
972 3514 1187 3589 glossas
1207 3512 1323 3571 ἀντὶ
1351 3517 1445 3571 τοῦ
1462 3517 1832 3595 τιμωρηθῆναι
1852 3514 2001 3597 ὀφεί-

450 3596 533 3655 λει
555 3619 572 3633 ·
597 3609 656 3654 et
684 3599 730 3656 εἰ
758 3596 991 3676 δύναμαι
1031 3598 1385 3681 uphem—15
1417 3600 1666 3668 Φοίνικος
1696 3600 1732 3673 ἢ
1757 3601 2000 3670 Καινέως

452 3685 761 3746 Bentleius.
784 3687 1111 3764 Legebamu-
1136 3686 1392 3760 Φοινίκης
1419 3685 1455 3759 ἢ
1480 3688 1569 3750 καὶ
1600 3687 1821 3757 Οἰνέως.
1857 3692 1904 3748 εἰ
1943 3689 1998 3748 δὲ

449 3770 511 3831 τὸ
539 3772 686 3856 ὀρθὸς
712 3779 782 3833 V.
808 3776 878 3834 Θ.
904 3778 1145 3835 M.-16
1165 3764 1210 3834 ὦ
1236 3776 1464 3835 addidit
1498 3778 1809 3838 Bentleius.
1829 3773 1910 3838 ὅτι
1938 3780 1999 3838 οὔ

452 3861 499 3921 δ.
524 3863 594 3923 Θ.
621 3864 735 3936 Qui
771 3883 841 3940 19
865 3884 950 3941 sq.
976 3884 1090 3923 om.
1113 3862 1674 3947 οἰμώξεται-χρόνον.

531 3970 669 4028 709,
697 3970 772 4009 22
800 3970 887 4029 sq.
904 3950 973 4012 ‘0
994 3950 1278 4031 Κλειγένης
1292 3951 1530 4034 φαίνεται
1546 3953 1667 4035 περὶ
1682 3996 1702 4023 ,
1731 3963 1804 4023 24
1831 3946 1996 4023 οὗτος.

452 4036 634 4118 μικρὸς
654 4038 708 4097 δὶ
742 4029 806 4110 ἦν
833 4042 910 4120 τῷ
952 4039 1161 4119 σώματι
1202 4046 1273 4100 R.
1305 4048 1471 4120 Reg.‚
1492 4044 1551 4102 in
1580 4063 1697 4120 quo
1716 4058 1801 4102 est
1831 4045 2001 4105 Κλει-

451 4123 635 4198 σθένης
668 4148 682 4183 2
713 4125 783 4186 Ὁ
813 4125 1137 4200 Κλεισθένης
1157 4118 1307 4195 οὗτος
1340 4130 1524 4212 μικρὸς
1548 4119 1613 4202 ἦν
1637 4129 1734 4202 τὴν
1758 4131 1992 4206 ἡλικίαν,

450 4210 706 4289 ἀπόγονός
736 4235 877 4281 τινος
913 4214 1201 4294 βαλανέως.
1245 4218 1584 4299 κωμῳδεῖται
1621 4209 1708 4277 οὗν
1753 4218 1856 4280 ὑπὸ
1906 4227 1999 4280 τοῦ

451 4307 670 4373 ποιητοῦ
698 4304 771 4370 ὣς
797 4301 1065 4383 ταράκτης
1092 4307 1188 4374 τῆς
1212 4303 1432 4378 πόλεως,
1450 4304 1579 4372 ἴσως
1620 4305 1677 4365 δὲ
1705 4306 1796 4366 καί
1823 4330 1999 4389 προσ-

451 4386 744 4468 ιιεκρουκὼς
767 4387 1146 4472 Ἀριστοφάνει.

532 4498 667 4551 710,
696 4476 769 4534 25
798 4477 997 4551 ὁπόσης
1026 4483 1098 4537 R.
1120 4476 1256 4547 ἅσως
1275 4484 1339 4539 V.
1369 4477 1483 4540 ὅσοι
1528 4481 1799 4555 alm-..27
1852 4483 1997 4560 σμή-

447 4586 633 4643 χματα
653 4570 726 4624 V.
753 4565 848 4626 hic
870 4580 928 4624 et
952 4568 1046 4627 28.
1072 4564 1334 4645 σμήματα
1361 4573 1432 4628 R.

532 4675 595 4727 7¹
618 4676 641 4712 1
670 4697 686 4726 ‚
726 4656 801 4713 30
844 4661 1015 4716 ταῦτα
1053 4656 1231 4715 πάντα
1265 4678 1317 4715 κ.
1357 4662 1525 4735 Reg.,
1562 4659 1661 4735 qui
1698 4660 1999 4737 praemittit

448 4740 833 4827 κυκησιτέφρου
879 4744 969 4803 καὶ
1006 4743 1340 4827 ψευδονίτρου
1388 4744 1568 4812 κονίας
1605 4745 1698 4806 καὶ
1738 4744 1999 4824 κιμωλίας

450 4852 568 4908 γης.

530 4940 642 4992 712
662 4961 678 4988 ‚
712 4924 780 4990 34
826 4942 911 5000 sq.
952 4919 1091 4994 αὕτη
1136 4926 1169 4993 ἡ
1208 4925 1364 4993 νῆσος
1385 4928 1458 4984 V.
1484 4924 1555 4983 Θ.
1579 4922 1751 4994 νήσων
1780 4923 1994 5004 (νήσων

452 5026 561 5068 om.
592 5007 908 5084 math-qn.
931 5010 1222 5068 Δίὰ-36
1252 5007 1548 5097 Ἐρυθρέων
1572 5011 1646 5073 Θ.
1665 5011 1993 5095 Ἐρυθραίων

2169 1337 2301 1388 7ι7.
2339 1314 2617 1376 Scholion
2647 1317 2949 1375 metricum
2983 1335 3100 1374 om.
3132 1316 3306 1375 etiam
3348 1317 3419 1375 Θ.
3452 1321 3538 1374 Μ.
3564 1352 3633 1364 -

2087 1414 2118 1474 4
2154 1402 2216 1463 τὸ
2239 1402 2295 1461 δὲ
2321 1402 2433 1475 ἑξῆς
2451 1402 2512 1461 τὸ
2535 1402 2661 1462 αὐτὸ
2681 1446 2698 1474 ,
2728 1424 2766 1479 9
2789 1394 2908 1462 οῧσι
2936 1401 3288 1485 συγχρώμεθα
3311 1403 3444 1462 Ald.

2168 1511 2301 1566 720,
2335 1510 2403 1549 ε2
2449 1489 2762 1556 Ἑλλάνικος
2793 1492 3105 1551 Bentleius.
3134 1491 3461 1569 Legebattu·
3487 1489 3634 1549 ἀλλὰ

2085 1587 2224 1661 νικᾷ.
2249 1580 2414 1639 Conf.
2437 1579 2615 1638 schol.
2640 1599 2696 1636 v.
2719 1581 2855 1654 694.
2885 1586 3087 1661 χρυσοῦ
3113 1585 3185 1637 V.

2167 1688 2302 1740 721,
2341 1667 2407 1724 15
2437 1663 2553 1725 οὐδὲ
2583 1664 3202 1743 κατακεκαπηλευμένοις
3228 1671 3292 1725 V.
3318 1668 3514 1726 Ceteri
3541 1668 3631 1725 οὗ.

2169 1757 2302 1828 723,
2336 1756 2404 1812 18
2430 1752 2660 1835 ἅκριὸιῖις
2684 1774 2800 1812 om.
2822 1756 2893 1816 V.

2168 1842 2280 1912 725
2303 1885 2319 1913 ,
2363 1861 2435 1898 22
2479 1839 2802 1919 νομίσματος
2836 1845 2905 1899 V.
2938 1877 3001 1891 —-
3043 1843 3116 1902 25
3158 1841 3431 1915 Καλλίου,
3467 1843 3631 1902 confi.

2084 1930 2268 1989 schol.
2299 1929 2514 1988 Eccles.
2539 1931 2674 1990 810.
2699 1966 2763 1978 —
2783 1950 2854 2002 27
2887 1928 3230 2007 νομισμάτων
3249 1931 3323 1991 Θ.

2082 2059 2103 2080 .
2168 2020 2304 2092 730,
2333 2037 2407 2093 29
2431 2014 2775 2096 εἰσὸάλλομεν
2799 2022 2869 2077 R.
2895 2017 3030 2089 ἐκ6.,
3053 2017 3232 2077 ἐλαύν.
3264 2024 3336 2080 V.
3355 2057 3421 2071 -
3440 2020 3542 2076 33-
3554 2020 3631 2077 35

2085 2125 2202 2163 om.
2239 2105 2409 2163 etiam
2448 2106 2518 2164 Θ.
2555 2109 2737 2165 Μ.-
2771 2105 2845 2162 35
2887 2106 3631 2188 φαρμακοῖσι-καθάρμασιν

2085 2212 2202 2254 om.
2229 2197 2295 2249 V.
2314 2224 2389 2237 —
2409 2193 2480 2266 37
2504 2191 3036 2271 ἕπιὸεόουλευμένους
3062 2200 3203 2273 Reg.

2170 2280 2304 2353 736,
2334 2290 2400 2349 41
2438 2277 2593 2338 Κατὰ
2619 2286 2690 2340 R.
2723 2280 2830 2339 ἀπὸ
2859 2280 2985 2356 (ὑπὸ
3018 2282 3116 2358 Μ.)
3144 2282 3310 2342 καλοῦ
3335 2287 3404 2343 R.
3438 2287 3508 2340 V.
3536 2286 3625 2341 M.

2085 2381 2145 2428 et
2172 2367 2380 2427 Suidas
2423 2386 2468 2425 8.
2508 2365 2698 2436 Ἄξιον.
2735 2366 2841 2426 ἀπὸ
2872 2374 2962 2426 τοῦ
2999 2370 3071 2430 Θ.
3112 2367 3166 2438 ἐξ
3200 2368 3343 2438 ἀξίου
3383 2374 3505 2447 γῶν
3530 2372 3629 2427 τοῦ

2088 2457 2220 2516 Ald.
2240 2455 2334 2514 καὶ
2362 2457 2457 2514 ἀπ.
2488 2457 2560 2515 Θ.
2584 2460 2663 2515 Μ.
2691 2458 2995 2515 ἀπατᾶσθαι
3019 2462 3098 2516 Μ.
3128 2462 3282 2516 Tum
3312 2457 3479 2516 addit
3500 2459 3630 2516 sola

2086 2545 2214 2604 Ald.
2241 2541 2454 2603 ἐπὶτῶν
2481 2542 2759 2603 ἐθελόντων
2788 2549 2995 2622 σεμνῶς
3017 2546 3312 2625 δυστυχεῖν,
3334 2566 3465 2624 quae
3491 2558 3634 2605 sunt

2089 2635 2145 2689 in
2174 2636 2336 2710 Reg„
2363 2632 2465 2708 qui
2489 2632 2735 2711 ineptias
2759 2634 3035 2711 quasdam
3056 2633 3314 2692 addit—
3338 2637 3415 2705 43
3449 2632 3486 2705 ἢ
3516 2642 3635 2702 τοῖς

2085 2726 2382 2802 φαρμακοῖς
2407 2722 2502 2797 Θ.,
2531 2722 2631 2798 qui
2654 2741 2813 2798 seqq.
2845 2723 3083 2780 omittit.

2168 2807 2312 2882 738,
2345 2811 2420 2878 46
2449 2828 2533 2887 sq.
2563 2809 2669 2869 Πλ.
2698 2808 2903 2882 οἰκέτης
2937 2830 3052 2873 om.
3073 2815 3145 2870 V.
3165 2853 3182 2884 ‚
3208 2810 3309 2890 qui
3345 2808 3435 2871 τὸν
3472 2810 3631 2871 Ξαν-

2086 2897 2220 2958 θίαν.
2274 2899 2586 2956 Metricum
2647 2896 2912 2958 scholion
2952 2912 3010 2958 et
3051 2919 3297 2977 sequens
3345 2909 3461 2972 740
3506 2919 3627 2958 om.

2085 2986 2257 3045 etiam
2284 2988 2354 3047 Θ.
2387 2991 2463 3044 Μ.

2170 3086 2239 3146 74
2255 3096 2305 3145 ι,
2333 3076 2365 3133 3
2395 3070 2799 3151 ἐξελεγχθέντων
2822 3075 3050 3134 ἅττικῶν
3074 3080 3160 3148 V.,
3186 3075 3423 3154 reliquis
3451 3077 3631 3136 omis-

2086 3163 2278 3223 si8.—
2300 3170 2331 3231 4
2364 3161 2421 3222 δὲ
2450 3181 2567 3218 om.
2596 3166 2666 3220 R.

2169 3252 2313 3323 743,
2364 3250 2396 3307 5
2439 3247 2554 3308 ἀντὶ
2587 3254 2680 3308 τοῦ
2718 3247 2936 3332 ᾤμωζε,
2980 3249 3250 3311 τουτίστιν
3285 3249 3539 3333 ἔφευγον,
3590 3255 3631 3312 6

2085 3337 2262 3411 αὐτὸν,
2284 3336 2478 3417 οἴμωζε
2506 3334 2688 3413 εἰπὼν,
2716 3342 2762 3397 εί
2787 3339 2922 3400 Δίἀ.

2169 3430 2308 3500 745,
2346 3447 2414 3483 ιο
2444 3424 2683 3501 φαίνεται
2711 3427 2783 3487 Θ.
2815 3426 3088 3508 φαίνονται
3113 3432 3185 3486 V.
3213 3427 3344 3487 ΔΜ.
3374 3429 3424 3485 οῖ
3457 3427 3529 3487 τὰ
3556 3434 3627 3490 R.

2085 3516 2134 3573 οἰ
2164 3513 2220 3575 δὲ
2246 3514 2311 3573 τὰ
2342 3513 2571 3574 Ald.—
2595 3535 2663 3571 ι2
2696 3527 2831 3592 post
2867 3516 3153 3574 καλοῦνται
3188 3517 3382 3594 pergit
3416 3517 3627 3577 Suidas

2088 3606 2157 3680 (s.
2187 3597 2560 3748 'Euo-meda?
2588 3602 2638 3660 οἱ
2683 3599 2740 3659 δὲ
2771 3604 2850 3683 τῷ
2891 3599 3010 3671 ἑξῆς
3048 3603 3299 3684 ἕνιαυτιῖι,
3333 3602 3509 3685 ἔφοροι
3539 3600 3629 3664 καὶ

2086 3688 2331 3749 ἐπόπται.
2361 3685 2466 3766 ἐγὼ
2489 3711 2518 3747 ο
2550 3712 2607 3763 ν,
2644 3688 2837 3770 φησὶν,
2879 3686 3004 3749 ὅταν
3033 3702 3142 3751 etc.
3185 3692 3341 3751 Dicit
3377 3692 3629 3751 scholia-

2087 3790 2202 3838 stes
2222 3790 2436 3854 mystas
2460 3798 2612 3836 anno
2630 3790 2765 3856 post
2783 3779 3190 3851 initiationem,
3210 3779 3335 3839 sive
3359 3783 3632 3858 mysteria

2087 3879 2390 3943 suscepta,
2422 3865 2495 3923 ad
2526 3866 2757 3924 illorum
2789 3865 3071 3925 ἐποπτείαν
3109 3867 3390 3928 admissos
3415 3869 3629 3927 fuisse:

2087 3974 2263 4030 quam
2326 3954 2670 4012 sententiam
2738 3955 3016 4014 adversus
3083 3957 3442 4034 Scaliger-um
3507 3977 3631 4016 non

2090 4040 2237 4099 male
2279 4053 2511 4100 tuentur
2556 4043 2879 4119 Dionysius
2918 4044 3188 4104 Petavius
3228 4045 3289 4104 in
3352 4045 3509 4103 notis
3556 4044 3634 4103 ad

2086 4129 2474 4190 Themistium
2507 4143 2566 4189 et
2617 4132 2824 4190 Ismael
2864 4132 3178 4191 Bullialdus
3218 4132 3291 4192 ad
3327 4134 3633 4196 Theonem

2085 4224 2442 4296 Smyrnaeum
2471 4240 2529 4297 p.
2570 4223 2685 4278 2ι8
2710 4241 2873 4299 seqq.
2900 4227 3086 4284 Kusw.
3109 4225 3157 4281 οῖ
3182 4219 3238 4280 δὲ
3259 4222 3635 4304 παραλαμὸά-

2089 4329 2259 4375 νοντες
2285 4312 2358 4368 R.
2388 4312 2456 4368 V.
2482 4342 2540 4353 -
2567 4312 2757 4385 19-28
2779 4330 2898 4372 om.
2932 4312 3104 4370 etiam
3122 4313 3196 4372 Θ.
3221 4316 3304 4370 Μ.

2171 4397 2305 4469 750,
2358 4399 2424 4455 31
2473 4384 2517 4454 ὦ
2559 4401 2630 4456 R.
2673 4392 2719 4454 ὢ
2761 4399 2959 4457 ceteri.
3011 4398 3289 4478 ὁμοιότατε
3332 4403 3405 4458 R.
3441 4403 3632 4477 Reg.:

2088 4480 2314 4555 Ἐπειδὴ
2345 4481 2437 4542 καὶ
2463 4486 2492 4543 ὁ
2517 4483 2753 4553 Ξανθίας
2774 4484 2867 4545 καὶ
2889 4489 2917 4544 ὁ
2941 4485 3122 4552 δοῦλος
3150 4488 3178 4543 ὁ
3201 4490 3294 4545 τοῦ
3314 4484 3633 4556 Πλούτωνος

2087 4572 2157 4638 ὣς
2185 4570 2360 4630 δοῦλοι
2393 4580 2658 4650 συγγενεῖς
2689 4571 2966 4649 λέγονται,
2989 4572 3093 4632 Δία
3116 4570 3360 4652 ὁμόγνιον
3380 4570 3473 4631 καί
3503 4595 3633 4652 συγ-

2087 4659 2288 4738 γενικὸν
2326 4662 2671 4721 ἀνακαλεῖται
2696 4665 2725 4722 ὁ
2750 4667 2905 4722 τοῦτο
2942 4660 3135 4740 λόγων.
3164 4663 3481 4740 Sequentia
3510 4664 3633 4722 mi-

2087 4768 2215 4807 rum
2243 4750 2289 4809 si
2316 4750 2512 4808 sintin
2536 4754 2607 4810 V.
2624 4773 2641 4823 ;
2677 4771 2810 4809 nam
2834 4751 3011 4811 habet
3036 4755 3200 4829 Reg.,
3229 4751 3330 4829 qui
3363 4751 3440 4808 33
3470 4764 3637 4812 recte

2087 4838 2303 4896 omittit
2328 4836 2552 4904 ἴσως.-
2573 4841 2646 4907 34
2673 4837 2734 4896 τὸ
2762 4836 2817 4897 δὲ
2843 4852 2899 4898 et
2919 4840 3217 4918 sequentia
3240 4858 3358 4900 om.
3386 4840 3462 4900 Θ.

2170 4926 2308 4998 756,
2358 4926 2550 4997 4ι-46
2579 4946 2696 4987 om.
2745 4928 2920 4986 etiam
2954 4928 3028 4988 Θ.
3070 4931 3322 4994 Μ.-4ι
3371 4927 3636 5007 ἕταιρεῖος

2083 5018 2225 5092 Reg.
2257 5017 2507 5095 ἑταιροῖος
2537 5013 2751 5076 ΑΙά.-
2779 5015 2853 5086 48
2901 5004 3042 5074 εἶπεν
3070 5011 3347 5079 σύνδουλος
3377 5017 3448 5074 R.
3483 5013 3635 5095 λέγει
