3859 5725
1473 216 1849 279 SCHOLIA
1903 216 1990 276 [N
2051 217 2441 279 PLUTUM.

431 370 533 416 εει.
573 348 714 421 πλὴν
748 347 934 432 φώδων
971 350 1032 408 ἐκ
1072 346 1351 427 βαλανείου
1392 369 1407 408 :
1446 350 1816 409 Φλοκταινῶν·
1855 348 1916 406 ἐκ
1955 367 1964 413 ι

3453 229 3566 282 358

2006 344 2221 424 πλέγμα
2237 392 2256 424 ,
2285 345 2390 406 εἴτε
2414 345 2619 427 ψιάθων
2637 391 2657 425 ,
2677 345 2781 406 εἴτε
2804 346 2935 407 ἄλλο
2960 369 3031 408 τι.
3050 359 3113 408 Ρ.
3127 346 3360 422 τάπητος
3381 370 3396 410 :
3426 353 3571 411 Πευ-

354 438 635 520 βαλανείου
672 436 757 510 δὲ,
795 436 882 496 διὰ
915 435 978 495 τὸ
1012 436 1132 503 τοὺς
1159 436 1388 509 πένητας
1414 438 1739 517 ἀποροῦντας
1766 436 1915 495 ἐνδυ·
1957 441 1963 496 ἵ
2002 434 2142 516 χίου.
2172 447 2232 495 θ.
2254 448 2350 495 Do.
2384 447 2444 494 P.

353 525 537 607 μάτων
566 526 654 587 διὰ
697 524 758 585 τὸ
798 523 964 606 ψύχος
1005 527 1059 584 ἐν
1098 523 1390 605 βαλανείοις
1422 523 1692 585 καθεύδειν
1729 522 1820 583 καὶ
1856 525 1918 582 ἐκ

351 614 548 700 θέρμης
575 613 639 698 [ἢ
668 613 818 696 ἀέρος
845 611 1029 681 αὐτοὺς
1056 611 1279 682 ἐξιόντας
1304 611 1641 694 παραχρῆμα
1677 610 1917 694 προσδα-

297 728 326 768 5
353 703 560 785 λόντος]
609 700 925 783 φλυκταίνας
968 702 1152 759 ποιεῖν.
1197 698 1583 779 Ἀπολλόδωρος
1622 697 1690 758 τὰ
1732 701 1793 758 ἐκ
1824 704 1916 758 τοῦ

351 792 515 875 πυρὸς
556 789 889 872 ἐρυθήματα,
917 787 952 860 ἢ
988 792 1047 850 ἐκ
1074 786 1304 870 ψύχους,
1333 786 1369 858 ἢ
1414 786 1532 854 τοὺς
1567 786 1784 865 τύλους,
1825 786 1916 846 καὶ

349 879 419 940 τὰ
448 877 788 956 ἐπικαύματα
810 876 877 935 τὰ
907 879 966 935 ἐκ
988 882 1079 935 τοῦ
1102 876 1292 958 πυρὸς,
1320 875 1420 957 [ὣς
1439 878 1542 933 τῶν
1567 874 1807 947 πενήτων
1829 872 1917 934 διὰ

348 968 412 1028 τὸ
440 972 745 1048 αὐτουργεῖν
771 972 926 1025 τοῦτο
952 963 1285 1044 πασχόντων.
1326 963 1388 1023 τὸ
1427 962 1482 1022 δὲ
1518 961 1661 1034 πλὴν
1699 965 1795 1022 οὔκ
1834 965 1918 1019 ἰν-

348 1063 518 1117 ταῦθα
562 1054 678 1115 ἀντὶ
705 1059 797 1113 τοῦ
838 1052 1027 1134 χωρίς,
1056 1055 1173 1112 ἀλλ’
1203 1053 1318 1112 ἀντὶ
1344 1058 1437 1112 τοῦ
1470 1054 1515 1110 εἷ
1545 1051 1651 1129 μή,
1691 1050 1820 1131 πρὸς
1856 1049 1916 1109 τὸ

2085 543 2182 584 5⁴³.
2227 520 2345 582 ἀντὶ
2376 520 2471 600 μὲν
2499 522 2671 602 ἄρτων
2700 543 2715 584 :
2748 523 3060 604 Διενήνοχεν
3094 524 3248 606 ἄρτος
3275 525 3366 584 καὶ
3396 526 3570 604 μάζα,

2004 611 2085 670 ὅτι
2112 616 2141 670 6
2167 609 2264 689 μὲν
2291 610 2448 692 ἄρτος
2475 610 2645 669 πάλαι
2676 609 2981 689 μίμακται,
3022 616 3057 685 ἡ
3088 611 3144 673 δὲ
3181 612 3326 692 μάζα
3353 620 3460 675 νῦν.
3490 648 3570 660 ---

2005 705 2263 758 σιτεῖσθαι
2287 718 2302 758 :
2333 698 2581 759 Ἐσθίειν.
2612 710 2679 759 Ρ.
3600 722 3625 758 ε

2084 807 2180 848 5⁴⁴.
2224 789 2415 867 ἷσγνῶν
2460 786 2756 869 ῥαφανίδων
2798 806 2813 846 :
2859 785 3084 847 Ἀττικοὶ
3123 789 3384 871 ῥαφανίδα
3411 791 3572 873 φασὶν

2004 875 2069 947 ἣν
2092 876 2243 953 ἡμεῖς
2263 854 2498 957 ῥάφανον·
2518 873 2678 934 πάλιν
2702 871 2757 933 δὲ
2783 873 3031 956 ῥάφανον,
3052 875 3117 948 ἣν
3133 880 3288 955 ἡμεῖς
3299 876 3569 960 κράμὸην.

2005 963 2209 1044 εἴρηται
2245 962 2301 1022 δὲ
2339 962 2556 1045 ῥαφανὶς
2589 960 2739 1042 παρὰ
2772 961 2834 1022 τὸ
2869 962 3059 1043 ῥᾳδίως
3093 963 3386 1045 φαίνεσθαι.
3422 965 3574 1043 λόγος

2004 1049 2107 1134 γὰρ
2135 1055 2205 1118 ὡς
2238 1048 2554 1132 σπειρομένη
2583 1054 2769 1109 θᾶττον
2798 1049 3013 1113 ἄνεισιν.
3045 1090 3114 1101 -—
3139 1051 3389 1132 μαλάχης
3404 1053 3573 1135 πτόρ-

271 1162 324 1203 ιο
350 1147 544 1205 κολοσυ
581 1142 691 1219 τόν,
721 1140 777 1209 ὅς
804 1145 944 1201 ἐστιν
972 1132 1103 1220 ἦχος
1132 1139 1405 1223 φρυγάνων
1450 1137 1799 1221 συρομένων.]
1839 1174 1916 1183 -
2010 1145 2127 1206 θους
2158 1160 2173 1201 :
2205 1137 2460 1218 Μολόχης
2497 1138 2735 1205 κλάδους.
2769 1150 2833 1199 θ.
2867 1152 2963 1199 Dv.
3001 1156 3064 1204 Ρ.
3102 1139 3273 1218 μάζης
3309 1160 3325 1201 :
3362 1138 3569 1222 Ἄρτου.
3607 1168 3655 1207 ιο

350 1230 516 1304 οὐδὲν,
588 1255 616 1289 ν
644 1229 842 1307 λέγεις,
871 1228 1120 1309 παρέχοις
1142 1236 1248 1296 τοῖς
1276 1226 1576 1309 ἀνθρώποις.
1613 1241 1701 1286 Dv.
1724 1225 1864 1298 πλὴν
1899 1247 1914 1287 :

354 1324 424 1382 Et
450 1318 542 1398 μή.
567 1331 631 1379 Ρ.
661 1315 847 1400 φώδων
872 1336 887 1376 :
918 1314 1162 1377 Φούσκα.
1193 1328 1288 1375 Dv.
1312 1314 1408 1381 τὰς
1427 1317 1609 1381 κοινῶς
1633 1312 1918 1391 λεγομένας

352 1405 660 1474 στιόιλίδας.
687 1418 753 1466 Ρ.
788 1403 1196 1485 ἀναστρέφοντες
1223 1405 1270 1462 οἱ
1296 1401 1518 1472 πένητες
1546 1404 1605 1460 ἐκ
1638 1400 1916 1482 βαλανείου

353 1496 558 1569 οἴκαδε,
579 1495 615 1567 ἢ
639 1493 939 1572 λουόμενοι,
964 1491 998 1564 ἢ
1024 1496 1077 1552 ἐν
1104 1496 1170 1571 τῇ
1199 1493 1306 1550 ἐκεῖ
1330 1488 1537 1571 καμίνῳ
1559 1488 1646 1548 διὰ
1670 1489 1730 1548 τὸ
1750 1488 1917 1570 ψύχος

271 1601 326 1642 15
354 1583 649 1664 θερόμενοι,
698 1582 849 1664 ἀέρος
894 1581 1065 1647 αὐτοῖς
1114 1583 1447 1662 παραχρῆμα
1496 1576 1885 1658 προσὸαλόντος
1901 1622 1917 1650 ,

352 1669 673 1753 φλυκταίνας
691 1672 899 1728 ἀνθοῦσι
917 1671 993 1748 τῷ
1015 1665 1249 1744 σώματι,
1274 1665 1359 1725 διὰ
1378 1666 1438 1724 τὸ
1464 1662 1540 1742 μὴ
1562 1663 1702 1745 ἔχειν
1724 1668 1915 1746 ἀρκοῦν

351 1758 716 1836 ἐπικάλυμμα.
744 1768 806 1816 Ρ.
835 1754 1110 1836 βαλανείου
1136 1773 1151 1815 :
1182 1757 1433 1835 Λουτροῦ.
1453 1772 1516 1818 P.

431 1873 527 1913 ⁶30.
568 1850 694 1911 ὅταν
736 1850 838 1932 γὰρ
872 1854 1118 1910 πεινῶσιν
1140 1852 1189 1909 οἱ
1215 1850 1398 1918 παῖδες
1441 1851 1746 1934 κράξουσιν.
1788 1855 1912 1905 ΒΝ.

351 1937 747 2000 ὑποπεινώντων
776 1959 801 2022 :⁴
822 1937 1063 2018 Μετρίως
1100 1936 1415 1998 πεινώντων.
1457 1951 1583 1998 Vict·
1611 1936 1861 2018 γραῖδίων
1896 1956 1911 1995 τ

268 2041 328 2088 20
352 2028 479 2091 Ὅτι
499 2031 755 2088 πεινῶσαι
783 2029 838 2085 αἱ
864 2027 1044 2107 γραῖαι
1072 2029 1258 2105 βοῶσιν
1279 2030 1350 2095 ὣς
1371 2025 1438 2085 τὰ
1461 2026 1667 2088 παιδία.
1689 2038 1748 2086 θ.
1787 2033 1915 2083 Viet.

351 2112 661 2195 κολόσυρτός
676 2115 787 2172 ἐστι
800 2113 988 2195 κυρίως
1001 2117 1029 2172 6
1049 2117 1151 2172 τῶν
1169 2113 1442 2194 φρυγάνων
1464 2107 1612 2195 ἦχος,
1632 2112 1687 2174 ὃν
1709 2117 1916 2172 ποιοῦσι

352 2203 636 2285 συρόμενα.
676 2204 817 2261 κᾶλα
859 2200 962 2282 γάρ
1008 2202 1138 2260 εἰσιν
1186 2201 1303 2273 ἤτοι
1344 2201 1473 2271 ξύλα
1514 2201 1795 2284 συρόμενα.
1838 2213 1916 2272 Ρ.,

357 2299 487 2350 vict.

435 2408 531 2448 ⁶87.
562 2385 799 2447 σύναπτε
822 2385 883 2444 τὸ
905 2385 1124 2467 ἀριθμὸν
1145 2385 1276 2468 πρὸς
1297 2385 1360 2446 τὸ
1387 2385 1504 2446 οὐδὲ
1525 2384 1666 2466 λέγω
1697 2408 1796 2445 σοι.
1880 2389 1915 2457 ἡ

265 2485 325 2536 25
354 2474 531 2558 ψύλλα
550 2476 802 2547 θηλυκῶς.
814 2485 876 2532 Ρ.
897 2471 1015 2531 οὐδὲ
1033 2472 1173 2552 λέγω
1197 2477 1315 2554 (σοι)
1339 2472 1400 2533 τὸ
1416 2476 1612 2547 πλῆθος
1629 2472 1769 2535 ὅσον.
1790 2481 1915 2533 ΒΝ.

432 2591 528 2632 638.
573 2568 631 2630 αἳ
674 2569 968 2650 βομὸοῦσαι
1012 2590 1027 2630 :
1080 2568 1251 2637 Ἰδίως
1296 2569 1391 2638 τὰς
1436 2571 1638 2653 ψύλλας
1684 2570 1918 2654 ἀφώνους

352 2659 511 2727 οὔσας
527 2657 743 2739 βομὸεῖν
758 2670 905 2739 φησι·
928 2653 1196 2716 κωνώπων
1210 2655 1313 2738 γὰρ
1334 2659 1583 2739 [μᾶλλον]
1597 2664 1749 2719 τοῦτο
1764 2657 1914 2720 ἴδιον.

353 2763 595 2844 (Ἄλλως.
646 2766 877 2822 ἐντεῦθεν
930 2760 1280 2835 πλανηθέντες
1341 2761 1475 2831 τινὲς
1541 2752 1780 2837 θηλυκῶς
1842 2765 1916 2822 εἰ-

354 2858 544 2938 ρῆσθαι
569 2851 819 2933 ᾠήθησαν
846 2849 939 2918 τὰς
967 2848 1238 2918 κώνωπας·
1273 2852 1493 2932 ληροῦσι
1526 2852 1599 2912 δέ·
1636 2855 1918 2934 ἀρσενικῶς

262 2968 327 3011 ω
353 2941 424 3023 γὰ
496 2942 753 3019 λέγονται·
797 2940 844 3000 οἱ
891 2937 947 2998 δὲ
991 2943 1207 3019 Δωριεῖς
1247 2941 1530 3020 ἀρσενικῶς
1572 2939 1783 3019 λέγουσι
1828 2939 1917 3000 τὸν

353 2965 570 3110 φύλλον.
600 3030 836 3100 θηλυκῶς
861 3026 919 3086 δέ
945 3049 1080 3093 τινες
1105 3025 1202 3098 τὴν
1228 3023 1458 3086 κώνωπα
1485 3026 1625 3086 κατὰ
1655 3028 1773 3095 τοὺς
1796 3028 1915 3088 'At-

352 3115 542 3184 τικούς·
571 3118 825 3195 ἠχοῦσαι,
852 3114 1037 3195 φησὶν,
1081 3116 1136 3172 αῖ
1175 3112 1435 3182 κώνωπες·
1466 3115 1556 3173 καὶ
1582 3113 1685 3196 γὰρ
1711 3119 1916 3195 ἠχοῦσα

354 3204 713 3286 περιίπταται.
728 3201 952 3278 οὐκέστι
968 3200 1023 3260 δὲ
1038 3245 1055 3273 ,
1080 3199 1217 3262 ἀλλὰ
1236 3199 1365 3281 πρὸς
1379 3196 1473 3269 τὰς
1499 3201 1701 3283 ψύλλας
1730 3202 1917 3261 ἀποδέ-

356 3294 564 3371 δωκεν.)
581 3291 720 3358 ἰδίως
731 3288 788 3349 δὲ
799 3279 914 3349 εἷπε
936 3287 1032 3361 τὴν
1045 3290 1248 3370 ψύλλαν
1266 3289 1567 3367 βομὸεῖνὊῦ
1583 3287 1685 3371 γὰρ
1704 3296 1918 3370 προὶδίσι

262 3402 329 3443 85
357 3378 552 3464 φωνήν.
585 3375 870 3460 [κώνωπας
893 3375 949 3436 δὲ
973 3376 1115 3456 λέγει
1145 3375 1241 3444 τὰς
1273 3376 1545 3458 ἐμπίδας]
1575 3410 1645 3419 -
1678 3377 1913 3457 βομὸοῦ-

355 3493 448 3530 σαι
471 3489 487 3530 :
513 3470 742 3529 Βοῶσαι.
771 3480 868 3527 Dv.
897 3469 1143 3546 ἠχοῦσαι.
1167 3478 1226 3525 Ρ.
1251 3464 1484 3547 κεφαλὴν
1505 3485 1520 3526 :
1543 3465 1669 3526 Ἀπὸ
1695 3471 1786 3525 τοῦ
1814 3489 1919 3525 κα-

353 3555 697 3638 θολικωτέρου
724 3554 784 3614 τὸ
817 3554 940 3635 περὶ
976 3554 1039 3613 τὸ
1074 3545 1342 3634 οῧζμέρος
1374 3554 1627 3627 ἐδήλωσε.
1663 3565 1788 3613 ΒΝ.
1826 3560 1918 3614 τοῦ

352 3645 592 3718 πένητος.
685 3641 894 3702 ἀνιῶσιν
919 3663 933 3702 t
962 3644 1244 3702 Αὓποῦσιν.
1265 3653 1328 3700 Ρ.

439 3760 537 3801 5³⁹.
581 3736 944 3819 ἐπεγείρουσαι
980 3757 996 3797 t
1029 3740 1375 3798 Διανιστῶσιν
1416 3736 1507 3797 καὶ
1539 3735 1778 3815 λέγουσι,
1802 3763 1918 3798 πει-

260 3851 329 3894 ω
355 3828 554 3901 νάσεις,
574 3826 664 3887 ἐὰν
679 3824 928 3905 καθεύδῃ.
951 3835 1013 3882 Ρ.
1038 3825 1325 3906 φράζουσαι
1347 3845 1361 3887 :
1383 3828 1440 3884 οὗ
1460 3824 1562 3908 γὰρ
1589 3818 1746 3886 αὐταὶ
1768 3826 1920 3887 τουτό

354 3940 536 4001 φασιν,
567 3915 682 3975 ἀλλ’
710 3913 791 3973 ὅτι
817 3917 866 3974 οἱ
888 3912 1107 3985 πένητες
1129 3918 1279 3973 τοῦτο
1302 3913 1615 3994 λογίζονται.
1641 3925 1763 3974 ΒΝ.
1788 3918 1920 3975 ἐπα-

353 4004 516 4065 νίστω
539 4023 554 4064 :
579 4001 837 4083 Ἐγείρου.
860 4011 925 4062 Ρ.

433 4121 532 4162 Μο.
574 4097 772 4165 τούτοις
799 4118 814 4158 :
844 4100 971 4164 Τοῖς
1006 4094 1312 4178 εἰρημένοις.
1349 4109 1412 4156 Ρ.
1453 4097 1608 4181 ῥάκος
1636 4118 1652 4160 :
1691 4103 1918 4183 Διερρη-

353 4187 547 4269 γμίνον
568 4189 788 4266 χιτῶνα.
813 4196 872 4245 θ.
895 4197 988 4244 Dv.
1009 4196 1072 4243 P.

260 4312 327 4353 45
435 4304 532 4345 on.
570 4282 794 4342 στιὸάδα
823 4304 837 4343 :
872 4280 1209 4360 Συναγωγήν.
1240 4293 1297 4341 θ.
1316 4294 1413 4341 Dv·
1442 4282 1739 4362 στρωμνήν.
1765 4284 1917 4364 σχοί-

354 4396 460 4433 νων
484 4391 499 4432 :
525 4370 788 4452 Σπάρτων
808 4370 1184 4446 πεποιημένην.
1207 4369 1436 4448 μεστὴνε
1464 4371 1918 4453 Πεπληρωμένην,

351 4459 392 4531 ἢ
430 4457 550 4527 τοὺς
583 4455 938 4536 κοιμωμένους
966 4460 1171 4535 ἀνιστᾷ.
1212 4468 1295 4530 Ρ.,
1329 4467 1452 4515 vice.
1500 4460 1548 4518 Σ
1735 4483 1822 4527 ους
1859 4460 1920 4520 τὸ

352 4545 660 4626 ἡμιστίχιον
691 4573 714 4597 α
740 4545 1090 4623 ἐπειγομένων
1119 4542 1354 4625 κερκίδος
1377 4541 1589 4621 ὕμνοις,
1613 4544 1649 4617 ἣ
1682 4545 1802 4614 τοὺς
1828 4545 1920 4606 εὖ·

353 4636 541 4700 δοντας
566 4631 770 4714 ἐγείρει.
805 4657 828 4683 ·
858 4631 1085 4691 στιὸάδα
1110 4629 1167 4691 δὲ
1190 4629 1414 4711 σχοίνων
1436 4631 1708 4710 χαμεύνην
1736 4635 1798 4693 ἐκ
1828 4638 1915 4714 βο·

250 4748 327 4789 too
353 4720 518 4794 τάνης
540 4718 787 4800 σχοινίου.
817 4734 877 4781 V.
904 4719 1024 4788 τοὺς
1052 4718 1408 4799 κοιμωμένους
1435 4720 1781 4798 δακνομένους
1817 4720 1921 4781 ὑπὸ

350 4812 463 4870 τῶν
486 4807 699 4890 κόρεων.
729 4828 788 4877 e.

436 4923 537 4964 αα.
584 4904 782 4985 φορμὸν
809 4925 824 4965 :
855 4903 1077 4984 Φορμός
1098 4912 1205 4963 πᾶν
1232 4903 1484 4978 πλεκτὸν,
1522 4906 1746 4964 ἐνταῦθα
1779 4905 1835 4965 δὲ
1861 4905 1922 4965 τὸ

349 4990 581 5074 ψιάθιον.
597 5001 733 5049 sunt.
755 4990 951 5073 φορμὸν
974 5012 989 5052 :
1014 4991 1266 5054 Ψιάθιον.
1293 5005 1353 5053 θ.
1388 5005 1479 5052 Dv.
1510 5006 1572 5054 Ρ.
1598 4992 1794 5075 φορμὸς
1813 5003 1919 5053 πᾶν

517 5102 677 5142 acuon..
706 5104 952 5143 Αιιιοτοειι.

2011 1239 2074 1287 θ.
2111 1240 2179 1288 Ρ.
2220 1227 2378 1309 ἄρτου
2418 1226 2597 1307 ξηροῦ.
2649 1239 2743 1287 Dv.
2787 1225 2938 1309 φύλλ’
2983 1230 3175 1308 ἰσχνῶν
3221 1228 3518 1310 ῥαφανίδων
3555 1248 3571 1291 :

2010 1319 2233 1376 Λεπτῶν
2277 1314 2551 1397 κράμὸων.
2590 1331 2651 1378 Ρ.
2714 1316 2955 1389 εὐτελῶν,
2991 1317 3221 1378 λεπτῶν.
3263 1327 3391 1377 νισι.
3442 1307 3575 1384 εἶδος

2005 1402 2262 1482 λαχάνου.
2292 1415 2354 1461 V.

2084 1511 2181 1551 ⁸⁴5.
2226 1491 2340 1549 ἀντὶ
2377 1489 2434 1549 δὲ
2461 1488 2676 1570 θράνους
2718 1513 2734 1552 :
2777 1487 3015 1572 Θράνος,
3057 1483 3363 1568 ὑποπόδιον,
3409 1490 3455 1568 (6
3481 1491 3575 1551 καὶ

2005 1584 2188 1659 θρῆνυς
2211 1578 2336 1646 ἴσως
2361 1576 2509 1658 παρὰ
2537 1582 2613 1659 τῷ
2651 1585 2866 1660 ποιητῇ.
2907 1579 3000 1639 καὶ
3026 1578 3147 1651 νηὸς
3176 1578 3395 1661 θράνος·)
3426 1580 3565 1639 ἐνθεν
3603 1603 3651 1641 ιο

2005 1667 2097 1726 καὶ
2126 1666 2385 1748 θρανίτης.
2415 1665 2839 1747 [ἐτυμολογεῖται
2862 1665 2919 1725 δὲ
2951 1665 3100 1747 παρὰ
3133 1665 3195 1725 τὸ
3231 1670 3399 1748 θορεῖν
3434 1667 3575 1740 ἄνω,

2003 1754 2040 1826 ἢ
2064 1753 2212 1835 παρὰ
2239 1754 2299 1814 τὸ
2327 1759 2518 1836 θρῆσαι
2534 1751 2599 1827 ,ὅ
2619 1755 2732 1812 ἐστι
2745 1752 2977 1816 καθίσαι.
3002 1753 3065 1813 τὸ
3087 1753 3143 1812 δὲ
3169 1753 3403 1834 στάμνου
3434 1756 3575 1815 δοκεῖ

2006 1845 2289 1924 ἀρσενικῶς
2316 1845 2581 1924 εἰρῆσθαι,
2624 1844 2695 1907 ὡς
2739 1843 2892 1914 δηλοῖ
2930 1843 2992 1902 τὸ
3025 1842 3376 1921 κατεαγότος,
3417 1835 3480 1904 οὗ
3515 1843 3577 1903 τὸ

2007 1929 2144 2007 θέμα
2170 1928 2310 2007 ἄγω,
2351 1930 2412 1988 τὸ
2447 1930 2589 2007 κλῶ,
2629 1928 3015 2009 παρακείμενος
3039 1921 3149 2008 ’ἧχα
3166 1972 3183 2001 ,
3212 1932 3241 1986 6
3265 1926 3420 2006 μίσος
3439 1919 3574 2007 ἧγα,

2004 2016 2096 2075 καὶ
2117 2019 2171 2075 ἐν
2209 2016 2445 2076 διαλύσει
2475 2015 2626 2094 ἔαγα·
2652 2015 2768 2076 ὅθεν
2798 2016 2997 2096 μετοχὴ
3026 2020 3056 2075 6
3082 2011 3251 2096 ἐαγὼς
3289 2015 3382 2075 καὶ
3407 2014 3478 2076 τὰ
3520 2017 3574 2086 ἐξ
3601 2037 3657 2077 ω

2006 2106 2184 2164 αὐτοῦ.
2211 2104 2309 2186 ὅρα
2337 2106 2392 2164 δὲ
2421 2103 2502 2164 ὅτι
2529 2103 2764 2182 στάμνου
2779 2103 3022 2186 κεφαλὴν
3045 2103 3187 2183 λε’γει
3212 2109 3577 2185 μεταφορικῶς

2003 2190 2064 2251 τὸ
2093 2192 2201 2251 ἄνω
2219 2191 2346 2274 πρὸς
2367 2196 2443 2273 τίξὶ
2470 2191 2713 2270 στόματι·
2738 2191 2877 2253 οὕτω
2897 2192 2952 2252 δὲ
2981 2191 3073 2252 καὶ
3094 2191 3349 2264 πιθάκνης
3371 2193 3576 2274 πλευρὰ

2004 2278 2064 2338 τὸ
2092 2279 2287 2353 ταύτης
2312 2280 2552 2359 πλάγιον.
2587 2283 2634 2339 εἰ
2667 2279 2724 2340 δὲ
2754 2280 2989 2357 στάμνου
3017 2278 3252 2362 κεφαλὴν
3294 2280 3463 2358 λέγει,
3493 2282 3575 2355 εἴη

2007 2367 2071 2426 ἂν
2099 2367 2226 2427 αὐτὸ
2253 2368 2529 2450 σύμφωνον
2565 2371 2641 2448 τῷ
2671 2395 2696 2419 κ
2736 2368 2891 2427 πίθου
2930 2369 3221 2448 κρήδεμνον
3252 2394 3275 2420 ν
3319 2368 3467 2449 παρὰ
3500 2376 3578 2453 τῷ

2005 2461 2198 2535 ποιητῇ
2228 2457 2348 2535 [od.
2387 2469 2449 2529 Γ,
2490 2457 2611 2534 3⁹2}
2641 2457 2874 2535 κεφαλῆς
2906 2455 3009 2538 γὰρ
3040 2455 3256 2538 φόρημα
3287 2453 3348 2513 τὸ
3382 2457 3576 2538 κρήδε-
3604 2482 3658 2524 ει

2007 2564 2153 2618 μνον.
2180 2544 2260 2601 ὅτι
2284 2542 2337 2602 δὲ
2364 2543 2471 2601 ἀπὸ
2495 2548 2588 2614 τῆς
2611 2542 2846 2621 στάμνου
2871 2540 2907 2614 ἢ
2944 2549 3037 2602 τοῦ
3073 2543 3306 2621 στάμνου
3332 2542 3425 2602 καὶ
3448 2545 3578 2615 Ζεὺς

2005 2627 2213 2707 λέγεται
2242 2630 2504 2707 Στάμνιος
2528 2629 2753 2703 δηλώσει
2775 2653 2879 2690 που
2903 2631 2996 2690 καὶ
3015 2634 3044 2689 6
3061 2631 3292 2710 κωμικός
3317 2642 3457 2707 [Rau.
3480 2636 3575 2714 22]-

2004 2716 2122 2775 τινὰ
2148 2715 2204 2775 δὲ
2231 2719 2334 2776 τῶν
2364 2716 2719 2798 ἀντιγράφων,
2743 2717 2863 2777 ἀντὶ
2897 2718 3131 2798 στάμνου
3158 2720 3412 2801 κεραμίου
3439 2722 3578 2803 γρά-

2047 2803 2213 2886 εται.]
2419 2805 2446 2816 “

2007 2826 2042 2887 φ
2085 2892 2201 2951 ἀντὶ
2219 2889 2274 2950 δὲ
2289 2890 2557 2973 μάκτραςε
2572 2891 2643 2954 Ἡ
2659 2892 2977 2975 σκάφηὸπου
2994 2893 3250 2971 μάττουσι
3268 2895 3336 2955 τὰ
3358 2896 3573 2980 ἄλευρα.
3604 2922 3658 2962 ³0

2005 2991 2063 3040 Β.
2088 2990 2153 3040 V.
2183 2978 2421 3061 σκάφης,
2445 2981 2500 3038 ἐν
2524 2972 2559 3059 ᾗ
2587 2983 2872 3057 ζυμοῦνται
2897 2979 2966 3040 τὰ
2989 2981 3205 3063 ἄλευρα.
3231 2987 3302 3046 Θ.
3332 2983 3577 3067 [μάκτρα

2005 3065 2144 3125 κατὰ
2173 3065 2293 3134 τοὺς
2317 3064 2575 3134 παλαιοὺς
2602 3066 2746 3126 θυεία
2769 3067 3067 3146 ἐπιμήκης,
3089 3071 3144 3128 ἐν
3167 3062 3206 3149 ᾖ
3229 3069 3484 3147 μάττουσι
3505 3072 3574 3132 τὰ
3621 3095 3629 3105 ·

2008 3152 2234 3234 ἄλευρα,
2257 3152 2371 3212 ὅθεν
2405 3152 2497 3213 καὶ
2533 3152 2751 3232 γίνεται·
2784 3153 2931 3236 παρὰ
2961 3156 3024 3213 τὸ
3066 3156 3259 3234 μάσσω
3285 3157 3389 3239 γὰρ
3410 3164 3445 3231 ἡ
3469 3159 3578 3238 μά-

2004 3264 2158 3321 κτρα,
2182 3239 2295 3300 ὅθεν
2315 3239 2407 3299 καὶ
2425 3240 2763 3327 μεμαγμένον
2780 3242 3087 3324 προείρηται
3105 3244 3196 3322 [nd
3219 3265 3267 3304 v·
3289 3247 3411 3326 δοιῇ,
3428 3247 3522 3307 καὶ
3540 3252 3575 3320 ἡ

2008 3327 2149 3407 μάζα
2176 3328 2394 3408 γίνεται.
2426 3327 2620 3396 Πενίας
2647 3327 2702 3387 δὲ
2742 3327 2953 3397 πάντως
2981 3330 3146 3410 δῶρον
3176 3330 3269 3391 καὶ
3297 3336 3332 3405 ἡ
3356 3333 3575 3407 τοιαύτη
3603 3365 3655 3404 ³⁵

2009 3416 2218 3498 μάκτρα
2243 3420 2278 3488 ἡ
2302 3419 2363 3476 ἐκ
2375 3414 2658 3489 πιθάκνης,
2679 3415 2770 3476 καὶ
2790 3415 2906 3476 οὐδὲ
2928 3420 3089 3489 αὐτῆς
3111 3417 3285 3480 διόλου
3310 3427 3576 3502 συνεχοῦς,

2008 3504 2147 3565 ἀλλὰ
2176 3503 2510 3586 διερρωγυίας
2525 3502 2625 3577 τὴν
2653 3502 2905 3584 πλευρὰν,
2925 3506 2981 3563 ἐν
3008 3497 3125 3583 ᾗτὸ
3145 3505 3336 3587 μάγμα
3358 3506 3574 3588 γίνεται.

2007 3596 2417 3674 ὑποκοριστικῶς
2442 3591 2499 3651 δὲ
2520 3591 2726 3671 λέγεται
2756 3595 2791 3663 ἡ
2815 3591 3043 3664 πιθάκνη
3058 3637 3074 3666 ,
3088 3593 3302 3655 κατὰτὸ
3321 3595 3571 3677 πολίχνη.

2007 3681 2105 3762 ὅρα
2142 3680 2186 3739 δ’
2236 3682 2291 3739 ἐν
2330 3681 2438 3747 τοῖς
2477 3678 2954 3761 προεκτεθειμίνοις
2993 3680 3087 3741 καὶ
3128 3686 3315 3762 σχῆμα
3349 3685 3576 3752 κάλλους

2008 3767 2389 3849 ἐπαναφορικὸν
2413 3765 2499 3827 διὰ
2536 3771 2627 3839 τῆς
2650 3766 2766 3827 ἀντί
2790 3767 3099 3849 προθέσεως·
3122 3776 3355 3831 τοιοῦτον
3372 3769 3475 3854 γὰρ
3509 3772 3570 3832 τὸ
3598 3799 3654 3838 ⁴0

2008 3858 2119 3916 ἀνθ’
2143 3854 2353 3933 ἱματίου
2369 3901 2387 3933 ,
2420 3853 2536 3913 ἀντὶ
2561 3854 2822 3933 τάπητος,
2844 3854 2960 3915 ἀντὶ
2977 3857 3401 3938 προσκεφαλαίου
3415 3903 3432 3933 ,
3459 3860 3575 3919 ἀντὶ

2008 3943 2198 4025 ἄρτου,
2227 3942 2343 4002 ἀντὶ
2380 3942 2577 4021 μάζης,
2607 3942 2724 4002 ἀντὶ
2755 3941 3000 4023 θράνους,
3031 3945 3149 4004 ἀντὶ
3178 3944 3429 4028 μάκτρας·
3462 3946 3575 4028 ἔχει

2008 4029 2065 4089 δέ
2090 4054 2143 4090 τι
2174 4028 2266 4088 καὶ
2294 4031 2547 4107 ἐπιμονῆς
2575 4029 2637 4088 τὸ
2675 4034 2906 4090 τοιοῦτον
2948 4036 3158 4111 σχῆμα.
3205 4032 3424 4101 ἀστείως
3458 4033 3516 4093 δὲ
3545 4038 3575 4093 6

2008 4116 2282 4198 Χρεμύλος
2309 4117 2401 4176 καὶ
2431 4116 2562 4199 πρὸς
2587 4115 2684 4189 τὴν
2707 4117 2908 4191 κλίνην,
2940 4119 3005 4190 ἣν
3032 4123 3067 4191 ἡ
3104 4120 3272 4182 Πενία
3298 4111 3442 4195 εἶπε,
3482 4124 3575 4182 καὶ

2007 4203 2125 4272 τοὺς
2151 4204 2424 4282 τάπητας,
2446 4205 2539 4264 καὶ
2561 4203 2631 4264 τὰ
2655 4202 2800 4287 μύρα
2816 4251 2836 4284 ,
2858 4205 2950 4265 καὶ
2985 4205 3056 4265 τὰ
3089 4207 3326 4285 νυμφικὰ
3354 4208 3571 4286 ίιεάτια,
3599 4237 3654 4276 45

2007 4292 2103 4365 τὴν
2140 4296 2385 4371 ῥηθεῖσαν
2422 4293 2647 4353 στιὸάδα
2682 4293 2774 4353 καὶ
2806 4293 2895 4353 τὸν
2939 4293 3136 4375 φορμὸν
3179 4295 3443 4370 ἀντέθετο,
3482 4298 3574 4357 καὶ

2006 4379 2127 4447 τοὺς
2163 4383 2339 4447 κακῶς
2375 4380 2633 4448 ὀδωδότας
2668 4379 2840 4463 κόρις,
2886 4381 2976 4441 καὶ
3010 4381 3070 4441 τὸ
3112 4381 3269 4463 ῥάκος
3282 4400 3312 4456 ,“
3335 4386 3575 4464 προσθεὶς

2007 4465 2077 4528 τὰ
2093 4465 2254 4526 λοιπὰ
2273 4466 2514 4526 ἐπέκεινα
2529 4470 2600 4535 εἰς
2614 4466 2899 4538 ἐπαύξησιν
2916 4473 3021 4528 τῶν
3035 4473 3130 4542 τῆς
3141 4469 3324 4539 πενίας
3340 4473 3573 4555 κακῶν]

2010 4588 2075 4600 -
2105 4554 2361 4637 θράνους;
2394 4551 2552 4617 Ἤτοι
2584 4556 2870 4616 ὑποποδίου
2903 4557 2993 4636 ἤγ.
3025 4556 3248 4638 θρόνους.
3275 4570 3338 4619 Ρ.
3365 4560 3565 4641 θρόνου.

2010 4655 2074 4703 Ρ.
2116 4642 2419 4704 ὑποποδίου.
2443 4658 2538 4705 Do.
2577 4665 2629 4712 c.
2660 4644 2894 4722 στάμνου
2924 4664 2940 4706 ε
2975 4646 3244 4725 Κεράμου.
3284 4659 3348 4708 Ρ.
3374 4672 3569 4709 κατεα-
3600 4674 3653 4713 ω

2007 4731 2194 4809 γότοςε
2259 4732 2680 4814 Τεθραυσμίνου.
2720 4746 2816 4793 Do.
2855 4734 3321 4813 συντεθλασμίνω.
3352 4748 3417 4798 Ρ.
3442 4740 3565 4797 κλα-

2010 4818 2230 4887 σθέντος.
2258 4819 2373 4899 ἄγω
2395 4820 2455 4879 τὸ
2473 4821 2750 4889 συντρίὸω.
2781 4824 2811 4879 6
2840 4819 3047 4898 μέλλων
3071 4821 3204 4895 ἄξω,
3231 4829 3260 4883 6
3288 4823 3447 4902 μέσος
3465 4849 3574 4885 πα-

2010 4905 2315 4986 ρακείμενος
2343 4899 2452 4987 ἧγα
2487 4906 2579 4967 καὶ
2605 4894 2849 4975 Ἀττικῶς
2882 4907 3034 4985 ἔαγα·
3064 4910 3269 4991 ῥήσσω,
3302 4915 3331 4969 6
3364 4911 3569 4988 μέλλων

2011 4993 2177 5073 ῥήξω,
2206 4998 2236 5053 6
2257 4995 2416 5073 μίσος
2449 4995 2832 5077 παρακείμενος
2859 4994 3086 5078 ἔρρηγα,
3108 4997 3199 5058 καὶ
3223 5004 3394 5077 τροπῇ
3411 5006 3506 5061 τοῦ
3533 5026 3568 5074 η

3354 5109 3410 5149 2³
