3859 5725
1639 280 2046 343 RANARUM.

366 422 485 489 316
529 426 671 497 Reg.
697 441 711 476 τ
735 420 862 479 Τῶν
900 418 1112 495 μυστῶν
1146 421 1175 476 δ
1207 413 1362 497 χορὸς
1381 412 1494 496 ᾅδει
1522 412 1614 472 καὶ
1645 415 1698 473 ἐν
1737 415 1813 492 τῷ

287 506 389 592 ᾅδῃ
412 506 501 567 τὸν
525 506 718 584 ὕμνον,
753 505 809 565 ὃν
843 497 936 585 ᾖδε
967 506 1200 578 συνήθως
1233 505 1287 562 ἐν
1316 503 1576 562 Ἐλευσῖνι
1597 504 1669 568 εἷς
1693 500 1816 562 Διό·

292 618 458 656 νυσον.
489 594 759 675 συνίδρυτο
778 592 878 674 γὰρ
906 592 997 652 καὶ
1018 600 1330 671 συνετιμᾶτο
1350 595 1418 669 τῇ
1445 589 1692 669 Δήμητρι
1724 587 1814 646 καὶ

287 687 354 764 τῇ
388 682 693 765 Περσεφόνῃ
718 682 765 762 (α
785 682 1075 755 Eleusine,
1103 700 1283 758 quare
1296 682 1413 757 jam
1430 679 1583 756 apud
1606 678 1817 737 inferos

289 791 551 851 quoque,
573 801 596 823 υ
632 771 828 829 multis
855 769 1039 839 addit,
1074 770 1272 828 eadem
1330 780 1598 845 repetens
1655 765 1725 824 ad
1757 785 1814 824 v.

292 863 464 939 321.)·
495 858 605 918 ἀνθ’
643 849 717 917 ὧν
745 860 800 917 αἱ
839 856 933 936 μὲν
966 861 1073 916 τῶν
1100 855 1269 940 ξηρῶν
1305 858 1526 939 καρπῶν
1563 854 1817 935 πάροχοι,

274 951 321 1007 ’ὁ
349 946 405 1007 δὲ
444 950 550 1006 τῶν
592 950 784 1027 ὑγρῶν.
821 944 1022 1025 γίνεται
1055 943 1111 1004 δὲ
1144 944 1360 1024 Ἴακχος
1385 942 1490 1003 ἀπὸ
1515 947 1607 1002 τοῦ
1648 941 1816 1022 ἶάχειν

292 1036 419 1113 (sic)
443 1034 504 1094 τὸ
526 1037 693 1114 ἠχεῖν.
714 1032 926 1112 λέγεται
947 1031 1001 1092 δὲ
1024 1035 1085 1092 οὗ
1114 1030 1268 1110 μόνον
1297 1037 1327 1092 ὁ
1355 1029 1443 1090 ἐπὶ
1475 1035 1552 1111 τῷ
1581 1028 1819 1109 Διονύσῳ

291 1122 543 1206 ᾀδόμενος
566 1121 738 1202 ὕμνος·
749 1121 953 1201 ἴακχος,
978 1120 1118 1180 ἀλλὰ
1139 1119 1229 1179 καὶ
1257 1119 1411 1187 αὐτὸς
1436 1123 1465 1179 ὁ
1491 1117 1767 1189 Διόνυσος,
1792 1120 1821 1174 ὁ

292 1212 386 1269 καὶ
411 1210 619 1289 Βάκχος
643 1209 860 1270 ἀπὸτοῦ
887 1208 1062 1289 βάζειν
1084 1208 1222 1268 οὕτω
1245 1206 1582 1287 καλούμενος.

378 1298 511 1368 320,
551 1318 624 1356 2ο
659 1297 751 1357 καὶ
784 1318 896 1357 om.
921 1303 991 1356 R.
1017 1303 1099 1355 Μ.
1122 1295 1300 1390 ὥσπερ
1332 1294 1623 1375 Σωκράτης
1655 1292 1818 1352 addi-

298 1398 418 1443 tum
455 1405 527 1443 ex
564 1391 636 1445 V.
674 1388 745 1452 ὡς
779 1385 870 1444 καὶ
914 1385 1204 1466 Σωκράτης
1241 1389 1315 1442 R.
1339 1421 1397 1434 -
1421 1384 1494 1441 23
1530 1380 1649 1449 τοὺς
1682 1379 1824 1446 θεοὺς

296 1486 429 1551 post
481 1472 831 1551 μνημονεύειν
896 1471 1025 1554 φησὶ
1079 1472 1394 1551 legebatur.
1444 1471 1825 1548 Transposuit

295 1568 463 1621 Kust.
493 1599 556 1612 --
580 1565 652 1620 26
689 1582 775 1640 sq.
807 1561 1230 1641 διαχλευάζοντος
1252 1603 1317 1614 -
1334 1559 1825 1642 καταψηφισάμενοι

298 1654 367 1707 V.
409 1651 602 1708 Ceteri
636 1648 1506 1731 χλευάζοντος-κατεψηφισμένοι.
1529 1686 1594 1700 -
1619 1668 1691 1721 27
1737 1645 1824 1706 τὸν

300 1736 396 1814 μὲν
415 1736 767 1819 ἄναιρήσοντα
801 1744 867 1797 V.
891 1740 962 1797 Θ.
986 1774 1053 1787 -
1074 1737 1148 1794 28
1182 1737 1237 1796 δὲ
1273 1735 1390 1816 ζώῳ
1411 1733 1476 1794 τὰ
1499 1738 1599 1815 wlf)
1630 1733 1725 1811 G.)
1753 1739 1824 1793 V.

298 1825 593 1903 κομίσαντα
617 1827 774 1886 Θ.-
803 1843 878 1900 29
919 1822 1028 1886 δύο.
1063 1826 1158 1884 sic
1194 1826 1365 1883 etiam
1397 1823 1577 1882 schol.
1615 1823 1828 1880 Avium

300 1915 470 1988 1073.
515 1911 770 1972 Dobraeo
809 1909 1038 1993 τέτταρα
1085 1911 1491 1989 corrigendum
1531 1910 1832 1968 videbatur

300 2021 375 2060 ex
410 2000 604 2058 verbis
630 2000 1040 2078 Aristophanis
1080 2006 1192 2060 Av.
1236 2000 1410 2072 1078,
1449 1997 1514 2069 ἢν
1549 1996 1831 2075 ἀποκτείνῃ

301 2111 381 2154 τις
396 2091 542 2165 ὑμῶν
579 2086 889 2168 Φιλοκράτη
913 2086 1001 2145 τὸν
1025 2085 1307 2167 Στρούθιον
1345 2089 1355 2164 Ι
1388 2086 1613 2166 λήψεται
1638 2085 1830 2144 τάλαν·

302 2199 422 2250 τον,
449 2174 516 2246 ἢν
537 2174 591 2232 δὲ
616 2175 786 2242 ζῶντά
817 2176 869 2255 γ’
904 2175 1110 2254 ἀγάγῃ,
1133 2174 1376 2256 τέτταρα.
1409 2180 1599 2246 Quam
1628 2195 1833 2254 parum

303 2278 516 2322 certam
544 2264 821 2321 rationem
851 2283 977 2321 esse
1005 2262 1291 2322 Dobraeus
1315 2264 1443 2340 ipse
1467 2262 1836 2340 postmodum

306 2352 535 2411 videtur
562 2352 821 2410 sensisse,
862 2356 1042 2409 Dian.
1076 2350 1197 2418 τοὺς
1230 2372 1343 2409 om.
1372 2355 1441 2410 V.
1479 2352 1835 2411 Θ.--3ο-32

295 2439 703 2519 -ὥς--Πίνδαρον
722 2458 836 2516 om.
863 2443 944 2497 Μ.
968 2438 1086 2497 ἀλλ’
1105 2444 1174 2499 V.
1200 2440 1274 2499 Θ.
1300 2458 1408 2516 pro
1445 2441 1533 2503 ὡς.
1575 2434 1840 2519 Κρατερὸς

279 2531 376 2584 ·V.
402 2538 459 2584 et
483 2526 659 2583 schol.
689 2532 790 2582 Av.
823 2529 996 2596 1073.
1028 2522 1291 2607 Καρτερὸς
1327 2527 1520 2583 ceteri.
1543 2561 1601 2575 -
1621 2526 1687 2582 3ι
1718 2526 1839 2597 Τη-

303 2614 557 2675 λεκλύτου
579 2618 643 2673 V.
665 2613 737 2673 Θ.
758 2612 1103 2685 Τηλεκλήτου
1125 2614 1256 2673 Ald.
1286 2613 1641 2684 Τηλεκλείδου
1663 2611 1698 2685 ἢ
1718 2616 1838 2687 Τη-

305 2701 557 2761 λεκλύτου
603 2701 744 2760 dicit
781 2700 989 2759 Suidas
1044 2722 1088 2759 s.
1126 2700 1406 2782 Διαγόρας.
1443 2709 1567 2769 παῖς
1610 2722 1727 2760 om.
1767 2706 1838 2759 V.

306 2788 453 2869 γένος
470 2792 576 2848 τῶν
616 2788 948 2872 αὖτοχρόνων
987 2789 1264 2869 Σιμωνίδῃ
1294 2789 1384 2848 καὶ
1422 2788 1674 2871 Πινδάρῳ
1695 2794 1764 2847 V.
1787 2812 1838 2868 γ.

308 2879 397 2939 τὸν
431 2878 621 2961 χρόνον
659 2877 958 2956 Σιμωνίδου
992 2878 1081 2936 καὶ
1113 2879 1383 2958 Πινδάρου
1410 2880 1481 2939 Θ.
1501 2887 1607 2942 τοῖς
1638 2876 1843 2958 χρόνοις

310 2964 384 3027 ὧν
408 2964 544 3046 μετὰ
563 2967 697 3047 (scr.
739 2964 898 3038 κατὰ)
919 2964 1182 3046 Πίνδαρον
1207 2967 1298 3024 καὶ
1331 2966 1668 3046 Βακχυλίδην
1705 2966 1843 3023 dicit

312 3054 535 3114 suidas,
639 3055 711 3111 33
733 3053 1072 3130 Hesychius»,
1086 3052 1346 3135 Διαγόρας
1369 3077 1381 3110 :
1403 3052 1662 3134 Διόδωρος
1684 3056 1843 3126 (cor-

313 3145 418 3220 rig.
446 3138 856 3221 Ἀπολλόδωρος)
887 3144 915 3198 ὁ
936 3136 1177 3219 Ταρσεὺς
1194 3138 1544 3217 ἀναγινώσκει
1570 3144 1841 3220 περισπῶν

314 3230 383 3287 δι’
408 3232 628 3309 ἀγορᾶς,
653 3227 741 3286 διὰ
760 3226 821 3285 τὸ
846 3224 963 3293 τοὺς
998 3224 1203 3302 μύστας
1236 3225 1516 3306 βακχάζειν
1550 3229 1843 3307 (ἶακχάζειν

314 3313 579 3393 Alba-t),
599 3313 867 3372 τουτέστιν
890 3312 1034 3396 ᾅδειν
1051 3313 1144 3372 τὸν
1172 3313 1389 3393 Ἴακχον
1417 3313 1483 3373 δι’
1509 3317 1713 3395 ἀγορῶν
1738 3320 1843 3396 βα-

313 3403 562 3471 δίζοντας.
589 3407 772 3460 Dum.
804 3402 1113 3480 Sequentia
1138 3422 1253 3460 om.
1279 3408 1360 3460 M.
1386 3400 1477 3459 καί
1501 3424 1660 3482 φασιν
1688 3408 1755 3480 V.
1772 3406 1843 3464 Θ.

313 3489 404 3549 καί
425 3513 581 3572 φησιν
614 3494 684 3550 G.
725 3489 815 3548 καὶ
854 3489 1195 3571 Φερεκράτης
1230 3489 1441 3548 Ald.-
1462 3492 1532 3557 34
1565 3490 1747 3558 ἄστεος
1778 3497 1843 3551 V.

313 3580 385 3640 Θ.
415 3576 471 3637 ὃν
505 3577 716 3661 ᾄδουσιν
739 3577 793 3647 ἐξ
814 3580 1008 3658 ἀγορᾶς
1040 3584 1112 3637 G.
1133 3615 1200 3628 —·
1220 3580 1293 3637 35
1333 3575 1536 3646 ἐξιόντα
1558 3579 1628 3638 Θ.
1667 3577 1847 3658 γε’γονε

313 3664 642 3748 -Διαγόρου
678 3665 857 3725 habet
887 3667 1091 3726 Suidas
1127 3688 1171 3725 ε.
1211 3660 1503 3746 Ἴακχος-
1528 3669 1601 3725 36
1642 3665 1848 3744 μεγέθει

315 3755 388 3814 Θ.
432 3768 490 3813 et
527 3755 756 3816 SuidaS.
788 3754 1035 3833 μεγέθους
1061 3761 1128 3814 V.
1149 3754 1568 3838 κωμῳδούμενος
1584 3755 1674 3815 ἐπὶ
1696 3755 1849 3834 μεγέ-

316 3843 434 3907 θους
453 3861 567 3899 om.
600 3846 672 3899 G.
696 3840 903 3920 Μύραις
939 3847 1032 3917 V.‚
1058 3864 1178 3903 non
1207 3850 1277 3903 G.
1299 3880 1366 3893 -
1382 3847 1455 3916 37
1480 3841 1635 3922 γὰρῆ
1670 3849 1760 3903 νῦν
1783 3844 1848 3917 δή

316 3927 450 4001 ’στι,
501 3927 592 3986 καὶ
635 3929 776 3987 δοκεῖ
818 3927 881 4006 γέ
935 3953 1027 4006 μοι
1085 3943 1244 3989 recte
1282 3931 1538 3990 correxit
1578 3934 1850 4010 Bergkius

315 4019 664 4075 Commentt.
705 4035 760 4093 p.
800 4017 933 4086 321,
969 4026 1156 4090 major
1195 4032 1281 4076 est
1326 4040 1495 4094 quam
1529 4022 1687 4076 modo
1708 4020 1848 4093 fui‘t.

317 4103 650 4182 Legebatur
673 4105 775 4184 γὰρ
799 4093 891 4174 «ἦν.
931 4108 1022 4162 νῦν
1062 4105 1108 4162 δ’
1131 4104 1243 4164 ἐστὶ
1265 4104 1357 4163 καὶ
1395 4107 1538 4165 δοκεῖ
1571 4104 1629 4164 δέ
1666 4129 1774 4184 μοι.
1805 4108 1851 4167 δ’

318 4190 431 4250 ἐστὶ
456 4190 677 4249 suidas.
699 4188 756 4248 δέ
774 4192 886 4248 ἐστι
919 4196 989 4249 V.
1011 4192 1083 4251 Θ.
1107 4193 1368 4250 Alterum
1398 4189 1456 4250 δέ
1487 4212 1607 4251 om.
1628 4195 1698 4253 Θ.
1733 4198 1848 4253 Ce-

319 4292 441 4339 tera
462 4280 543 4337 sic
568 4298 676 4356 ego
696 4278 1060 4338 emendanda
1083 4300 1206 4338 esse
1228 4301 1456 4353 censeo,
1491 4278 1580 4338 ἐὰν
1602 4286 1849 4341 τοσοῦτον

318 4369 536 4449 ἐπιδιδῷ
567 4366 634 4426 δι’
656 4365 887 4447 ἡμέρας,
923 4367 1118 4445 μείζων
1149 4366 1227 4429 lc.
1266 4371 1331 4427 Δ.
1367 4374 1547 4428 Dum.
1573 4406 1637 4418 -
1661 4371 1733 4426 38
1758 4370 1849 4429 ἐάν

318 4479 371 4515 τι
397 4476 511 4515 om.
549 4457 643 4525 Θ.,
663 4456 853 4535 spatio
882 4476 1081 4515 vacuo.
1117 4454 1423 4515 ἱπιδίδωται
1460 4461 1530 4515 V.
1563 4454 1852 4516 ἐπιδίδοται

320 4551 393 4604 G.
415 4544 487 4604 Θ.
505 4544 680 4622 Apud
703 4544 937 4602 Suidam
958 4541 1051 4602 ἐάν
1070 4566 1149 4610 τις
1168 4541 1269 4624 (ἔτι
1288 4544 1417 4602 cod.
1439 4545 1621 4616 Leid„
1639 4547 1852 4607 omisso

219 4693 226 4700 ‚
321 4629 447 4709 ἐάν)
491 4632 712 4713 ἐπιδιδῷ
748 4635 844 4702 τῆς
879 4630 1082 4711 ἡμέρας
1119 4630 1220 4710 (ὅτι
1256 4632 1421 4691 addit
1464 4632 1554 4692 ed.
1587 4633 1851 4712 Mediol.)

3302 298 3406 349 ³21

1902 412 1939 469 8
1966 408 2233 492 τριστιχία
2258 408 2608 470 DindorfiuS.
2639 412 2964 489 Legebatm·
3004 419 3321 496 τριστοιχία.
3344 457 3424 473 ...

1908 498 1978 555 15
2008 497 2149 556 ἐστὶν
2176 503 2211 571 ἡ
2241 495 2383 563 εἰκὰς
2401 499 2477 558 R.
2508 503 2543 569 ἡ
2572 498 2729 577 ἐγκάς
2756 503 2896 559 ἐστιν
2922 507 2993 560 V.
3014 503 3169 582 ἐγκάς
3192 507 3330 564 ἐστιν
3348 508 3423 567 Θ.

1901 587 2033 646 ΛΙά.
2058 585 2295 662 ἐξάγουσι
2315 590 2388 644 R.
2432 585 2755 664 Legebatur
2781 587 3037 669 ἐξᾴδουσι.
3082 593 3427 654 Plutarchus

1902 675 2038 732 vita
2077 675 2299 734 Camilli
2345 695 2395 733 c.
2458 696 2556 752 19,
2608 675 2730 754 περὶ
2777 676 2940 749 αὐτὴν
2982 677 3077 751 τὴν
3112 682 3295 741 εἰκάδα
3333 687 3426 742 τοῦ

1905 764 2315 842 βοηδρομιῶνος,
2348 755 2385 840 ᾗ
2406 763 2495 823 τὸν
2528 765 2774 841 μυστικὸν
2799 761 3021 847 Ἴακχον
3041 767 3326 848 ἐξάγουσιν·
3348 774 3430 831 si·-

1903 852 2229 928 militerque
2266 853 2325 910 in
2352 853 2489 911 Vita
2517 853 2829 912 Phocionis
2857 877 2906 912 c.
2937 857 3033 914 28.
3073 861 3235 928 Quos
3273 860 3433 918 locos

1904 938 2263 1017 comparavit
2286 944 2590 998 Kusterus.
2622 965 2701 984 ..-
2731 943 2801 999 16
2829 941 3128 1022 συνίδρυται
3153 948 3220 1024 τῇ
3245 943 3436 1021 Δήμη-

1903 1048 1988 1105 τρι
2006 1071 2022 1099 ,
2052 1026 2185 1085 vide
2234 1027 2543 1103 Spauhem.
2581 1027 2654 1085 ad
2703 1030 3039 1089 callimach.
3105 1051 3238 1110 pag.
3295 1031 3432 1107 705.

1907 1120 2089 1173 Kos-r.
2109 1152 2173 1164 -
2211 1116 2280 1172 18
2313 1115 2565 1177 Διονύσου
2599 1114 2903 1176 Dobraeus.
2946 1117 3273 1195 Legebatur
3300 1117 3434 1179 Διό-

1906 1225 2083 1261 νυσον.

1991 1291 2140 1365 326,
2171 1299 2245 1359 24
2267 1293 2345 1372 τῷ
2382 1292 2605 1369 λειμῶνι
2637 1293 2706 1352 Θ.
2739 1293 2872 1353 Ald.
2898 1290 2994 1359 τὰς
3021 1314 3139 1353 om.
3168 1299 3248 1354 Μ.
3268 1333 3332 1345 -
3360 1296 3437 1354 25

1910 1379 2181 1436 ἐποιοῦντο
2206 1399 2321 1437 om.
2353 1381 2426 1439 Θ.
2458 1377 2544 1437 διὰ
2568 1378 2630 1437 τὸ
2656 1377 2724 1437 τὰ
2749 1384 2823 1438 R.

1995 1467 2109 1543 329
2131 1466 2509 1545 Regius2'Avtb
2526 1472 2619 1527 τοῦ
2637 1469 2799 1526 εἰπεῖν
2819 1468 2972 1549 κρατὶ
2993 1471 3072 1551 σῷ
3093 1472 3252 1542 δῆλον
3272 1470 3445 1544 ἐποίη-

1919 1573 2008 1609 σεν
2030 1550 2109 1611 ὅτι
2137 1552 2406 1634 ἀρσενικόν
2433 1556 2547 1613 ἔστι
2567 1552 2629 1612 τὸ
2652 1554 2808 1634 κρατί
2832 1578 2846 1592 ·
2873 1547 2933 1614 οὗ
2957 1559 2992 1625 ἡ
3023 1559 3193 1615 εὐθεῖα
3229 1561 3258 1616 ὁ
3290 1567 3439 1639 κρᾶς.

1914 1638 2130 1721 εὕρηται
2148 1640 2246 1723 γὰρ
2264 1641 2354 1700 καὶ
2374 1640 2549 1700 κανὼν
2572 1641 2658 1700 ἐπὶ
2673 1641 2845 1725 τούτῳ
2864 1644 2919 1702 ἐν
2937 1646 3181 1710 παλαιοῖς
3202 1644 3442 1724 βιὸλίοις,

1914 1723 1995 1785 ὅτι
2023 1727 2090 1787 τὰ
2119 1729 2193 1796 εἰς
2223 1752 2285 1795 ας
2307 1728 2556 1808 ἀρσενικὰ
2578 1727 2791 1797 ὀξύτονα
2820 1729 3191 1808 μονοσύλλαὸα
3210 1775 3224 1802 ,
3259 1757 3447 1814 περιτ-

1915 1815 2216 1877 τοσυλλάὸα
2239 1817 2503 1877 κλίνονται
2527 1817 2617 1877 καὶ
2637 1816 2724 1877 διὰ
2742 1824 2836 1877 τοῦ
2858 1843 2937 1891 ντ,
2966 1810 3073 1878 οἶον
3094 1824 3200 1888 Za<
3226 1822 3446 1896 Ζαντὸς,

1916 1901 2211 1980 δσημαίνει
2245 1905 2335 1964 τὸν
2370 1904 2507 1978 Δία,
2539 1907 2689 1987 Πρᾶς
2720 1905 2979 1986 Πραντὸς,
3012 1906 3181 1984 ὄνομα
3208 1908 3413 1975 πόλεως
3432 1955 3449 1981 ,

1917 1990 2010 2049 καὶ
2034 2000 2134 2057 πᾶς
2162 1992 2370 2059 παντός.
2402 1995 2757 2070 σεσημείωται
2787 1992 2849 2053 τὸ
2889 1998 2918 2053 ὁ
2956 2003 3087 2075 κρᾶς
3115 1994 3330 2076 κρατός,
3363 1993 3451 2054 διὰ

1919 2084 2150 2161 καθαροῦ
2174 2086 2264 2138 τοῦ
2291 2103 2376 2146 τος
2403 2078 2721 2157 κλινόμενον.

2004 2168 2147 2238 330,
2181 2170 2255 2226 32
2289 2166 2522 2249 μυρσίνῳ
2561 2173 2632 2227 V.
2665 2170 2737 2228 Θ.
2782 2166 3044 2249 μυρσίνων
3078 2174 3150 2230 R.
3198 2170 3453 2252 μυρσίνης

1923 2256 2053 2314 Ald.
2094 2293 2159 2305 -
2187 2259 2260 2325 34
2304 2255 2559 2338 κισσίνῳ·
2603 2254 2685 2315 ὅτι
2717 2260 2752 2329 ἡ
2790 2256 3053 2340 Δημήτηρ
3095 2259 3296 2326 οἰκείως
3340 2252 3452 2341 εἶχε

1923 2342 2055 2423 πρὸς
2076 2349 2154 2426 τῷ
2180 2348 2274 2416 τ’ἥς
2299 2343 2553 2426 μυρσίνης
2579 2346 2743 2425 φυτῷ·
2772 2345 2828 2403 ἐν
2852 2343 2909 2404 δὲ
2930 2353 3042 2412 τοῖς
3066 2346 3412 2416 διονυσιακοῖς
3433 2392 3448 2417 ,

1928 2432 2019 2492 καὶ
2057 2433 2126 2512 (1²)
2168 2431 2480 2514 ἀμφοτέροις
2524 2438 2665 2509 Reg.
2707 2437 2847 2508 Quae
2888 2436 3227 2493 confirmant
3266 2438 3454 2497 Fritz-

1925 2520 2066 2580 schii
2107 2520 2220 2594 (De
2243 2522 2494 2580 carmine
2520 2521 2762 2597 mystico
2781 2528 2878 2580 Ar.
2902 2541 2963 2599 p.
2994 2523 3092 2600 33)
3116 2527 3456 2584 seutentiam

1919 2606 2042 2684 jam
2066 2629 2173 2687 per
2208 2628 2270 2667 se
2311 2629 2545 2680 veram,
2584 2609 2763 2667 verba
2807 2610 2880 2668 35
2918 2630 3006 2688 sq.
3053 2609 3457 2696 ὄτι-ἆφιίρωτο

1930 2696 2357 2774 transponenda
2390 2715 2517 2754 esse
2563 2709 2698 2774 post
2741 2695 2981 2777 κισσίνῳ.
3027 2741 3090 2753 -
3121 2701 3193 2758 35
3243 2700 3328 2758 διὰ
3362 2707 3456 2761 τοῦ

1929 2783 2180 2865 μυρσίνου
2203 2786 2275 2845 Θ.
2296 2788 2397 2857 τῆς
2410 2783 2665 2864 μυρσίνης
2691 2785 2824 2843 Ald.
2858 2823 2925 2836 —
2950 2785 3201 2867 ἅνιὲρωτο
3221 2792 3290 2847 V.
3316 2791 3450 2848 Ald.

1926 2871 2125 2955 ἀνίερος
2169 2873 2240 2936 Θ.
2263 2909 2328 2923 -
2366 2876 2437 2947 37
2487 2873 2752 2932 οἰκείωται
2795 2872 2976 2931 codex
3022 2875 3118 2933 hic
3160 2887 3219 2933 et
3260 2878 3457 2954 paullo

1929 2973 2080 3038 post.
2105 2997 2167 3009 —
2189 2963 2264 3035 39
2294 2960 2468 3040 Σάμῳ
2504 2959 2638 3039 μόνῃ
2685 2962 2836 3018 θεῶν.
2878 2961 3076 3020 Codex
3111 2961 3269 3045 σάμῳ
3310 2965 3371 3022 ἐκ
3401 2965 3459 3024 δὲ

1933 3046 2184 3126 μυρσίνης
2206 3048 2266 3105 ἐκ
2293 3045 2349 3105 δὲ
2374 3052 2468 3106 τοῦ
2491 3045 2688 3113 πάθους
2716 3046 3062 3124 δεισιδαίμονι
3091 3052 3247 3111 θεῖον.
3277 3051 3460 3129 Ejecit

1932 3134 2267 3192 Dindorfius
2298 3154 2426 3211 quae
2451 3154 2527 3192 ex
2553 3135 2669 3193 alio
2701 3135 2920 3193 scholio
2950 3135 3109 3194 illata
3147 3138 3460 3197 fuerunt...

1934 3231 2010 3290 4o
2042 3221 2158 3280 ἐπεὶ
2183 3225 2251 3282 G.
2281 3220 2454 3281 ἔπεισε
2485 3227 2558 3280 V.
2583 3266 2646 3276 .-
2670 3223 2744 3290 43
2768 3225 2846 3303 τῷ
2872 3220 3111 3305 Διονύσῳ
3137 3269 3154 3297 ,
3198 3234 3270 3297 44
3308 3226 3459 3305 πέμ·
3510 3265 3525 3272 -

1932 3313 2104 3391 ψαντα
2129 3314 2342 3383 G.—-47
2374 3308 2576 3382 καὶτῆς
2604 3307 2844 3387 ἀμπέλου
2861 3309 3076 3369 addidit
3098 3312 3458 3373 Diudorfius.

2017 3402 2152 3474 331,
2179 3401 2254 3458 50
2280 3397 2335 3458 δὲ
2353 3397 2451 3472 τὴν
2476 3421 2594 3460 om.
2626 3406 2697 3460 R.
2721 3438 2785 3448 --
2811 3401 2879 3458 51
2940 3399 3007 3471 ἣν
3052 3401 3217 3469 οὐδεὶς
3256 3407 3352 3463 οὐκ
3397 3405 3460 3463 ἄν

1933 3510 2012 3553 τις
2048 3492 2120 3548 R.

2018 3576 2168 3644 338,
2209 3576 2246 3633 8
2279 3574 2689 3656 Θεσμοφορείοις
2729 3581 2802 3635 R.
2831 3577 2947 3636 Θεσ
3058 3576 3187 3658 ορίῳ
3221 3584 3315 3650 V.‚
3363 3580 3459 3657 qui

1937 3665 2059 3723 hanc
2079 3662 2257 3723 verba
2280 3669 2432 3722 τοῦτο
2457 3663 2512 3723 δὲ
2538 3662 2617 3740 (δὲ
2641 3685 2757 3722 om.
2779 3663 2883 3734 G.)
2905 3687 2932 3721 ε
2953 3662 3142 3723 πε-τὸ
3163 3667 3293 3746 ζῷον
3313 3668 3463 3726 infra

1937 3753 2107 3830 ponit
2139 3764 2273 3830 post
2299 3746 2480 3809 θύουσι
2520 3750 2582 3809 τὸ
2614 3753 2744 3833 ζῷον
2763 3750 2857 3828 [?].
2889 3751 3102 3810 Eodem
3132 3753 3262 3811 loco
3290 3754 3467 3816 habet

1937 3843 2030 3913 Θ.,
2044 3842 2102 3899 iu
2116 3861 2234 3917 quo
2250 3838 2816 3922 τεοῑεΘεσμοφορίοις.
2840 3845 3023 3898 Dum.
3042 3877 3103 3888 —
3132 3862 3196 3897 12
3214 3863 3301 3919 sq.
3329 3866 3465 3920 γενι·

1938 3931 2007 4006 κῇ
2023 3927 2225 4010 κρεάων
2250 3931 2438 4008 κρεῶν.
2461 3927 2687 3986 τοῦτοδὲ
2714 3929 2787 3988 Θ.
2811 3966 2875 3978 -
2893 3930 2960 3987 13
2985 3935 3165 4008 χοῖρον
3190 3933 3375 3988 παθεῖν
3394 3935 3462 3988 V.

1937 4052 1999 4067 -
2032 4036 2210 4089 ι7-2ο
2246 4036 2361 4074 om.
2392 4017 2562 4073 etiam
2590 4015 2663 4075 Θ.
2706 4020 2787 4073 Μ.
2825 4019 2891 4095 τῇ
2920 4014 3051 4097 κόρῃ
3081 4013 3242 4091 ἤγουν
3269 4019 3336 4094 τῇ
3366 4020 3464 4075 θυ-

1939 4102 2093 4184 γατρὶ
2144 4105 2306 4175 αὐτῆς
2350 4107 2418 4182 τῇ
2459 4101 2766 4184 Περσεφόνῃ
2801 4103 2893 4161 καὶ
2933 4105 3066 4181 αὐτῇ
3110 4106 3179 4181 τῇ
3219 4103 3468 4184 Δήμητρι

1938 4199 2083 4270 Reg.

2022 4283 2173 4357 339,
2200 4301 2272 4338 2ι
2321 4281 2563 4340 alterum
2592 4286 2628 4353 ἡ
2667 4302 2783 4341 om.
2838 4282 2936 4355 R„
2970 4281 3074 4358 qui
3131 4301 3205 4340 22
3242 4281 3466 4354 εἰλητὸν.

1940 4367 2153 4440 εἱλητὴν
2178 4369 2372 4427 ceteri.

2024 4457 2158 4527 340,
2184 4458 2258 4515 23
2286 4457 2337 4515 Τ
2340 4453 2369 4514 ὸ
2386 4454 2503 4526 ίξῆς
2521 4461 2590 4515 V.
2611 4456 2739 4515 Ald.
2763 4453 2930 4536 ἔγειρε
2950 4453 3118 4538 ἀστὴρ
3141 4457 3197 4516 ἐν
3219 4478 3276 4535 χ.
3304 4480 3353 4515 τ.
3378 4459 3466 4538 φλ.

1937 4543 2220 4621 λαμπάδας
2241 4549 2312 4605 V.

2023 4635 2135 4700 343
2158 4677 2176 4706 ,
2210 4653 2278 4704 27
2318 4630 2406 4689 ἐπὶ
2451 4628 2549 4700 τὴν
2593 4632 2666 4691 Θ.
2697 4630 2811 4690 ἐπεὶ
2845 4629 2965 4688 τινὰ
2987 4627 3170 4695 νυκτὸς
3214 4634 3284 4688 R.
3306 4666 3371 4679 —
3396 4632 3471 4689 32

322 4717 512 4795 μείζων
548 4718 641 4795 (ἔτ’
672 4720 836 4778 addit
857 4723 945 4779 ed.
976 4721 1245 4800 Mediol.)
1276 4717 1444 4780 ἔσται.
1493 4720 1711 4802 ἐπιδιδῷ
1734 4725 1853 4781 καθ’
1938 4719 2261 4797 λαμὸάνοιτο
2281 4721 2352 4780 Θ.
2372 4719 2681 4796 Sequentia
2701 4739 2814 4777 om.
2840 4719 3011 4778 etiam
3034 4719 3105 4778 Θ.
3127 4723 3212 4777 Μ.
3244 4719 3317 4775 35
3340 4738 3466 4796 sqq.

319 4804 526 4887 ἡμέραν
551 4813 823 4887 Τουρὶιιε.
846 4812 1000 4884 -39
1028 4806 1289 4888 Διαγόρου
1311 4830 1434 4868 non
1467 4822 1555 4868 est
1596 4829 1687 4886 ap.
1718 4811 1852 4869 Sui-
1915 4807 2114 4882 „habet
2139 4812 2278 4885 Reg.

322 4894 476 4968 dam,
503 4898 603 4973 qui
646 4917 874 4957 versum
900 4900 1097 4977 explet
1122 4898 1324 4958 addito
1360 4904 1453 4959 τοῦ
1482 4894 1772 4980 Τερθρίως.
1789 4936 1856 4949 -

326 4992 511 5052 40-42
538 5005 653 5044 om.
677 4988 848 5045 etiam
867 4987 938 5048 Θ.

406 5073 542 5140 324.
575 5074 848 5133 Scholion
881 5077 1183 5135 metricum
1217 5096 1331 5135 om.
1365 5075 1539 5136 etiam
1579 5076 1652 5135 Θ.
1688 5078 1768 5133 Μ.
1791 5110 1853 5126 --

2023 4895 2155 4967 344,
2184 4904 2258 4964 4ο
2283 4894 2415 4965 ἄνθη
2444 4891 2762 4971 ἀνακείμενα
2781 4897 2844 4951 V.
2869 4890 2924 4953 δὲ
2938 4913 3058 4952 om.
3080 4898 3150 4952 R.
3174 4926 3237 4938 —
3259 4901 3288 4961 4
3305 4914 3325 4949 1
3356 4892 3471 4951 ἀντὶ

1940 4981 2210 5061 λάμπεται
2232 4986 2300 5040 R.
2328 4980 2499 5057 Quod
2521 4980 2637 5040 ἀντὶ
2661 4986 2754 5040 τοῦ
2772 4981 3041 5060 λάμπεται
3062 5000 3189 5041 esse
3209 4993 3415 5058 potest.

2027 5072 2162 5144 345,
2199 5078 2267 5139 44
2301 5067 2576 5148 ὣς--λέγει
2605 5075 2679 5132 R.
2709 5069 2797 5130 καὶ
2823 5071 2936 5150 (καὶ
2973 5071 3249 5130 omittunt
3272 5070 3347 5129 Θ.
3372 5071 3468 5143 V.)
