3859 5725
1632 266 2041 331 RANARUM.

253 385 345 459 οὗν
375 388 491 481 (οὖν
513 419 627 459 0111.
649 398 753 477 Μ.)
778 397 1056 478 δμύδουλος
1079 404 1162 459 Μ.
1199 400 1329 460 Ald.
1361 397 1502 478 λέγει
1533 390 1623 459 οὗν
1656 399 1785 478 ὁμό-

257 486 437 553 δουλος
465 478 571 546 οἷον
601 486 659 567 (ἢ
682 490 755 555 ὡς
777 488 872 562 Θ.)
896 487 1172 556 σύνδουλος
1194 495 1263 549 V.
1295 490 1446 550 6.-
1468 497 1545 566 49
1573 486 1628 548 δὲ
1666 508 1783 548 0111.

256 579 346 648 R„
385 575 446 633 in
486 595 606 654 quo
652 576 915 636 scholion
950 575 1023 635 ab
1061 576 1153 635 his
1188 575 1382 637 verbis
1418 577 1653 636 στικτέον
1699 577 1790 635 ἐπὶ

254 660 481 739 incipit.
513 663 588 728 εἷς
616 661 678 722 τὸ
711 686 873 741 μαστ.
902 669 986 723 Μ.
1019 663 1106 723 ἐπὶ
1138 662 1200 723 τὸ
1231 669 1303 724 R.
1330 666 1403 729 Θ.
1431 663 1519 723 ἐπὶ
1549 666 1625 744 τῷ
1655 664 1785 723 Ald.

257 748 632 824 πυνθάνονται,
664 751 738 809 50
770 755 973 823 σιωπῆς
997 757 1066 810 V.
1083 784 1159 797 —
1182 752 1249 810 51
1285 750 1552 830 γινόμενον
1572 750 1788 834 θόρυὸον

255 837 506 897 9.-53
522 841 616 909 τῆς
631 858 749 899 om.
769 844 842 898 V.
864 836 951 899 καὶ
969 858 1084 897 0111.
1106 845 1194 909 R„
1209 840 1307 917 qui
1346 840 1416 908 54
1442 837 1786 920 λοιδορισμός.

343 925 488 998 761,
536 947 560 982 1
594 925 724 985 'And
747 948 883 993 τινος
926 926 1187 984 additum
1224 945 1296 984 ex
1348 931 1436 1000 R„
1485 927 1587 1005 qui
1626 925 1788 998 ἐστὶν,

258 1014 436 1073 ceteri
455 1006 620 1088 ἧν.-
639 1035 673 1072 2
694 1017 852 1074 αὐτοῦ
876 1022 937 1073 R.
959 1019 1026 1074 V.
1048 1014 1333 1093 ξυντεχνῶν
1357 1019 1427 1076 R.

341 1102 480 1176 775,
513 1104 646 1175 776.
674 1103 906 1162 Scholia
926 1102 1001 1162 ad
1029 1104 1135 1160 hos
1160 1123 1363 1162 versus
1390 1124 1507 1162 om.
1534 1108 1691 1164 R.—
1719 1112 1787 1173 14

255 1187 376 1256 τοὺς
395 1209 514 1251 0111.
549 1190 622 1251 Θ.
651 1190 841 1272 σαθρὸν
870 1190 1175 1251 Dobraeus.
1209 1190 1535 1271 Legebatur
1562 1188 1783 1270 σαπρόν.

255 1276 647 1358 στρεψίμαλλος
690 1279 763 1338 Θ.
809 1276 1164 1358 στρεψίμαλος
1192 1283 1272 1338 Μ.
1315 1277 1693 1361 στρεψίκαλλος
1721 1283 1787 1337 V.

255 1363 601 1445 στρεψίμελος
655 1365 779 1423 Ald.
802 1398 882 1411 —
925 1367 995 1423 15
1041 1364 1331 1446 Εὐριπίδου
1381 1368 1535 1426 Θ.-
1572 1367 1639 1422 16
1700 1385 1787 1444 sq.

254 1453 808 1531 καμπῶν-τουτέστι
851 1456 1269 1537 παραλογισμῶν
1309 1456 1610 1515 DobraeuS.
1655 1454 1792 1538 γρά-

254 1563 410 1622 φεται
438 1543 668 1620 καμπῶν
688 1539 928 1600 τουτέστι
945 1543 1362 1623 παραλογισμῶν
1383 1544 1509 1604 ΑΙά.
1532 1543 1791 1624 γράφεται

253 1630 518 1705 καμπτῶν
556 1632 774 1709 ἄποπαρ
909 1632 1078 1706 ισμῶν
1108 1630 1183 1688 Θ.
1225 1629 1482 1711 γράφεται
1515 1631 1606 1690 καὶ
1640 1630 1791 1708 κάμ-

252 1737 404 1775 πτων
444 1713 726 1796 λογισμὸν,
767 1713 839 1773 ἵν’
887 1781 896 1796 ⁸
940 1714 1054 1794 ἅμα
1092 1715 1269 1793 μὲν-
1291 1723 1373 1776 Μ.
1411 1720 1693 1797 Καμπτῶν
1720 1723 1789 1779 V.

251 1805 458 1863 Glossa
486 1806 547 1864 in
575 1810 739 1882 Reg.‚
758 1807 865 1863 τῶν
887 1807 1116 1882 καμπῶν
1143 1810 1236 1864 τοῦ
1256 1805 1545 1884 μέλους.-
1564 1828 1634 1884 19
1663 1805 1792 1865 δίδει

252 1892 389 1954 Ald.
412 1893 526 1966 δίδη
546 1896 620 1955 Θ.
647 1898 728 1954 Μ.
752 1891 1118 1972 διδυμόσχοισι
1133 1899 1205 1954 V.
1223 1892 1279 1953 δὲ
1304 1894 1393 1954 καὶ
1421 1897 1494 1957 Θ.
1520 1898 1790 1975 λογισμῶν

251 1979 444 2127 ξοάφίει
493 1989 578 2044 Μ.
625 1982 934 2059 Sequentia
963 1994 1021 2040 et
1057 1983 1321 2042 scholion
1355 1985 1469 2058 776
1516 1986 1794 2044 omittunt

341 2157 450 2227 781
481 2174 599 2216 om.
629 2160 778 2214 V.—
802 2157 877 2214 32
905 2157 1036 2239 φησί
1057 2159 1190 2220 Ald.

254 2545 337 2556 -
353 2517 422 2578 41
453 2521 587 2587 post
608 2505 882 2577 κακόξενον
912 2511 1043 2570 Ald.
1066 2512 1232 2571 addit
1256 2510 1393 2580 τινὲς
1424 2511 1482 2572 δὲ
1513 2512 1575 2573 τὸ
1602 2514 1715 2573 νυνὶ
1744 2516 1791 2574 δ’

256 2596 446 2677 ἔμελλε
465 2600 559 2655 τοῦ
585 2597 942 2677 Κλειδημίδου
966 2599 1123 2681 φασὶν
1147 2590 1310 2676 εἶναι,
1340 2601 1548 2683 ἔφεδρος
1574 2601 1631 2661 δὲ
1655 2606 1683 2662 ὁ
1711 2601 1787 2680 μὴ

256 2685 597 2762 πλανώμενος
626 2686 681 2744 ἐν
711 2693 819 2751 τοῖς
847 2688 1049 2764 ἀγῶσιν
1085 2689 1160 2755 εἰς
1208 2687 1269 2747 τὸ
1314 2688 1655 2768 ἀγωνίζεσθαι
1682 2697 1788 2756 τοῖς

254 2777 491 2835 νικῶσιν.
526 2772 617 2832 καὶ
647 2774 922 2849 Σοφοκλῆς
947 2800 972 2827 ι
991 2774 1083 2834 καί
1110 2798 1200 2853 μοι
1229 2773 1637 2856 δυσθεράπευτος
1657 2776 1790 2845 Αἴας

258 2863 455 2933 ξύνεστ’
495 2860 731 2945 ἔφεδρος,
761 2891 787 2918 ιι
833 2862 998 2942 ἤγουν
1045 2863 1270 2945 ἔσχατος
1325 2864 1418 2924 καὶ
1469 2868 1541 2932 ὥς
1581 2865 1790 2949 ἔφεδρος

256 2950 468 3034 ἐλείφθη
494 2972 585 3029 μοι
603 2949 739 3017 Αἴας
764 2953 834 3017 εἷς
853 2949 1033 3011 κακόν.
1057 2953 1326 3011 Scholion
1352 2973 1425 3011 ex
1446 2953 1626 3014 saida
1654 2975 1788 3014 con-

258 3041 461 3098 fictum
492 3059 540 3099 S.
566 3036 843 3119 Ἔφεδρος.
874 3044 1058 3098 Dum.
1102 3039 1317 3115 Regius
1343 3060 1356 3096 t
1386 3037 1464 3098 Ἦ
1499 3039 1561 3099 τὸ
1595 3041 1706 3101 νυνὶ
1745 3043 1790 3101 δ’

258 3124 476 3203 ἔμελλεν
498 3122 708 3206 ἔφεδρος
735 3124 1065 3183 καθεδεῖσθαι
1090 3123 1228 3193 τινὸς
1250 3130 1471 3198 ποιητοῦ
1497 3128 1609 3186 ἐστι
1637 3130 1792 3188 Κλει·

259 3211 506 3289 διμήδους
546 3211 691 3290 (sic)
736 3210 1094 3290 καλουμένου,
1124 3211 1215 3270 καὶ
1256 3212 1342 3272 διὰ
1377 3217 1534 3272 τοῦτο
1574 3217 1646 3282 ὡς
1691 3215 1790 3298 ἔφη

260 3298 617 3377 Κλειδιμήδης
645 3298 818 3375 λέγει,
846 3296 1027 3380 ὥσπερ
1064 3297 1324 3380 διασύρων
1355 3299 1527 3360 αὐτόν.
1553 3300 1588 3373 ἢ
1622 3304 1789 3364 Κλει-

259 3386 485 3465 διμήδης
506 3411 584 3454 τις
607 3376 672 3459 ἦν
689 3386 783 3446 καὶ
807 3385 924 3445 τότε
943 3385 1188 3460 ἀπέθανε,
1205 3385 1296 3445 καὶ
1324 3389 1378 3446 ἐν
1400 3386 1594 3464 γέλωτι
1612 3394 1792 3451 τοῦτον

257 3473 615 3557 προὸάλλεται
641 3480 809 3535 ταῦτα
833 3474 1074 3552 λέγοντα.
1108 3471 1316 3554 ἔφεδρος
1347 3473 1404 3533 δὲ
1432 3476 1790 3559 ὁ-μαχέσα-

257 3570 381 3625 σθαι
403 3563 661 3647 (ln-44).
690 3562 841 3623 ἄλλοι
864 3561 923 3623 δέ
949 3586 1079 3644 φασι
1104 3561 1193 3621 τὸν
1224 3563 1586 3643 Κλειδιμῆδην
1609 3571 1792 3627 τοῦτον

258 3653 545 3737 ὑποκριτὴν
566 3643 702 3712 εἶναι
727 3650 1073 3731 Σοφοκλέους.

341 3744 478 3821 798,
510 3744 583 3800 50
620 3744 727 3800 τῶν
760 3738 893 3822 ὑπὲρ
920 3741 1026 3799 τῶν
1058 3744 1130 3800 R.
1165 3737 1296 3823 ὑπὲρ
1323 3742 1429 3801 τῶν
1455 3764 1583 3801 πατ.
1618 3743 1690 3804 Θ.
1715 3777 1795 3790 -

263 3832 332 3890 51
367 3829 731 3912 εἷσφερόμενον
760 3834 831 3888 R.
854 3825 1199 3908 εἰσφερόμενα
1222 3835 1293 3888 V.
1325 3831 1481 3891 Θ.-
1509 3830 1581 3890 53
1609 3827 1794 3891 ἵστατο

257 3937 320 3983 01
342 3921 591 4004 Δράμασι
610 3925 681 3978 R.
707 3917 923 3978 ἵσταντο
951 3931 1010 3976 01
1027 3918 1258 4001 δράματι
1282 3921 1560 3980 ceteri.--·
1587 3922 1656 3991 54
1691 3920 1796 3981 ἀπὸ

257 4019 352 4073 τοῦ
370 4015 476 4072 τῶν
495 4057 512 4086 ,
537 4030 570 4067 2
599 4009 812 4085 ἄγουσιν
839 4005 1118 4066 ἀπεδίδοτο
1139 4010 1213 4068 Θ.
1248 4009 1566 4069 ἅπεδέδοκτο
1596 4013 1792 4074 ceteri.

257 4134 339 4149 --
363 4110 395 4170 4
422 4098 560 4159 libri
582 4095 766 4174 ἔγωγε.
787 4092 1013 4173 ἀγκύσαι
1031 4096 1105 4154 Θ.
1135 4116 1228 4155 σου
1251 4095 1340 4156 τὸν
1365 4103 1437 4158 V.
1462 4099 1532 4157 Θ.
1563 4097 1794 4177 σταθμὸν

260 4189 599 4250 Brunckius.
629 4181 867 4264 σφυγμὸν
895 4182 1048 4242 libri.
1068 4216 1142 4226 —
1164 4183 1196 4240 5
1222 4184 1591 4264 προστάττωσι
1615 4190 1683 4247 V.
1708 4186 1792 4245 lb.

257 4274 628 4339 scribendum
650 4269 917 4354 φράτερες.
945 4275 1201 4329 Dum.—
1223 4272 1258 4329 6
1288 4272 1536 4352 προάγων
1567 4278 1631 4331 R.
1659 4296 1793 4354 προ-

258 4364 475 4445 αγαγὼν
501 4361 695 4422 001011.
720 4356 1073 4440 προσαγαγὼν
1098 4358 1344 4417 Meierus
1367 4364 1455 4418 De
1476 4361 1795 4438 gentilitate

257 4456 452 4516 Attica
485 4473 540 4531 p.
580 4451 744 4508 16.--
767 4450 802 4506 8
831 4443 1209 4527 εἰσφερομένων
1243 4448 1490 4506 Meierus
1529 4450 1566 4508 l.
1602 4471 1650 4508 c.
1678 4455 1791 4510 Le-

258 4544 507 4624 gebatur
530 4533 909 4620 ἕκφερομένων.
930 4571 994 4583 -
1015 4555 1052 4610 9
1089 4530 1164 4610 μὴ
1193 4532 1410 4594 ἔλαττον
1437 4538 1694 4597 Valesius
1722 4539 1794 4597 ad

265 4638 604 4709 Harpocrat.
646 4646 704 4704 p.
754 4633 885 4693 124.
930 4622 1187 4682 Fallitur.
1243 4624 1467 4683 Deinde
1499 4626 1798 4704 legebatur

260 4723 501 4798 σταθμοῦ
532 4736 671 4780 τινος
712 4711 819 4771 ἀπὸ
846 4714 958 4770 τοῦ.
986 4709 1092 4769 ἀπὸ
1121 4713 1334 4773 delevit
1361 4717 1666 4775 Kusterus.
1692 4713 1797 4774 ἀπὸ

259 4815 357 4869 τοῦ
381 4801 675 4887 ὡρισμένου
696 4801 913 4858 omittit
934 4798 1140 4858 Suidas
1160 4821 1204 4860 s.
1232 4801 1585 4879 Μειαγωγεῑν.
1612 4806 1793 4861 Dum.

261 4935 326 4951 ..-
355 4917 415 4954 11
459 4893 702 4969 ἀμῶνται
736 4888 883 4948 Θ.-
904 4906 972 4945 12
1013 4909 1138 4966 sqq.
1174 4887 1265 4948 ἐάν
1305 4910 1383 4955 τις
1412 4888 1687 4967 εἰσήγαγεν
1726 4893 1798 4959 εἰς

265 4984 386 5049 τοὺς
420 4980 682 5063 φράτορας
725 4972 834 5033 υἱὸν
880 4974 1098 5046 ε’νήλικα
1145 4974 1423 5054 γενόμενον
1442 5021 1459 5050 ,
1505 4977 1797 5059 παρίστατο

259 5075 407 5154 αὐτῷ
424 5072 476 5128 ἐν
497 5063 773 5148 ὡρισμένῳ
798 5067 1038 5144 σταθμῷ,
1064 5063 1192 5145 πρὸς
1211 5063 1240 5124 ὃ
1266 5062 1490 5124 (Sueto.
1508 5067 1800 5126 suidas,-

435 5193 693 5237 Αιιιετοιηι.
727 5188 896 5235 smol..

3287 280 3401 331 529

1882 407 1947 464 14
1992 396 2224 478 παρίστη
2274 398 2345 456 Θ.
2385 397 2509 475 (qui
2544 408 2672 475 post
2708 398 2892 476 ἱερεῖον
2930 397 3134 476 ponit).
3165 396 3404 478 παρέστα

1874 483 2005 542 Ald.
2032 521 2095 534 -
2120 485 2188 543 15
2215 482 2400 561 καὶμὴ
2425 492 2568 561 μεῖον
2591 486 2684 558 9.,
2717 486 2818 563 qui
2848 505 2962 543 om.
3006 505 3184 562 19-22
3205 485 3405 553 Ἄλλως

1841 570 2191 631 --ἰκάλουν.
2240 572 2401 631 Libri
2433 580 2577 650 μεῖον
2624 581 2939 654 παρασχεῖν.
2980 574 3402 651 corrigendum

1877 662 2070 736 μεῖζον.
2101 659 2482 738 Κεκωλυμένον
2510 651 2574 733 ἦν
2608 663 2804 738 (μεῖζον
2848 673 3001 720 recte
3031 661 3193 721 addit
3224 664 3403 722 Meie-

1878 750 1998 826 rus)
2027 746 2282 828 εἰσάγειν,
2308 750 2497 827 inquit
2518 750 2727 807 Pollux
2759 753 2814 821 3,
2847 750 2940 811 53.
2963 755 3142 809 Dum.

1960 857 2075 915 799
2104 857 2218 895 om.
2246 842 2316 897 R.
2341 844 2414 896 V.

1959 928 2094 1000 800,
2123 946 2193 1000 27
2220 925 2496 1005 ξύμπυκτα
2517 933 2589 988 V.
2620 925 2897 1004 σύμμικτα
2919 932 2991 987 lt.
3018 926 3300 1004 σύμπυκτα
3327 930 3400 989 Θ.

1877 1010 2164 1091 σύμπηκτα
2202 1020 2284 1074 Μ.
2305 1014 2367 1064 -’
2390 1017 2466 1073 28
2492 1016 2562 1081 εἷς
2588 1014 2881 1094 Εὐριπίδην
2932 1021 3002 1076 R.
3032 1057 3110 1069 --
3130 1017 3197 1074 31
3228 1029 3286 1075 et
3313 1036 3406 1075 se-

1877 1103 2116 1180 quentia
2140 1104 2415 1162 omittunt
2433 1105 2607 1161 etiam
2637 1104 2710 1164 Θ.
2740 1109 2820 1161 Μ.

1959 1192 2095 1266 809,
2118 1200 2194 1268 49
2222 1190 2361 1250 Ἀντὶ
2385 1195 2477 1250 τοῦ
2503 1212 2619 1251 0111.
2645 1196 2734 1263 R„
2763 1189 3172 1258 Ἀντὶ-ἅλλους
3196 1213 3310 1251 0111.
3341 1198 3408 1251 V.

1960 1368 2096 1441 812,
2130 1369 2163 1425 3
2191 1366 2644 1440 ἑπιπλήττωσιΒ.
2668 1376 2783 1436 -4
2829 1375 2936 1434 τοῖς
2978 1368 3177 1436 δούλοις
3222 1374 3293 1428 R.
3337 1370 3408 1431 Θ.

1876 1452 1997 1521 τοὺς
2026 1454 2236 1522 δούλους
2258 1460 2329 1514 V.
2356 1456 2488 1518 ΔΜ.
2667 1526 2671 1531 .

1960 1544 2094 1611 814.
2126 1544 2400 1602 Scholion
2444 1546 2743 1604 metricum
2783 1564 2899 1604 om.
2940 1544 3111 1603 etiam
3148 1546 3219 1606 Θ.
3243 1550 3326 1606 Μ.
3349 1582 3411 1595 -

1886 1634 1956 1690 16
2002 1622 2089 1690 οἶα
2129 1632 2232 1715 γάρ
2272 1635 2344 1693 Θ.
2383 1621 2488 1692 οἷον
2510 1637 2660 1694 V.-
2686 1653 2754 1705 17
2797 1635 2852 1693 ἐν
2895 1639 2965 1694 R·.
3009 1645 3068 1691 et
3107 1634 3313 1693 Suidas
3361 1655 3406 1695 s.

1881 1719 2278 1802 Ἐριὸρεμέτας.
2308 1717 2454 1788 εὐθὺς
2481 1722 2535 1780 ἐν
2559 1721 2756 1781 ceteri.
2773 1759 2837 1770 —
2861 1724 2931 1780 18
2956 1724 3029 1786 εἷς
3051 1726 3120 1780 R.
3150 1759 3200 1769 —
3227 1724 3408 1781 18-23

1877 1806 2036 1868 πέδον
2079 1805 2176 1876 ἕως
2224 1807 2590 1886 ἀδαμαντίνων
2641 1810 2712 1869 Θ.
2751 1814 2833 1868 Μ.
2862 1847 2926 1859 -
2963 1831 3035 1885 19
3080 1807 3299 1891 ἄδροτον
3335 1816 3409 1872 V.

1880 1895 2075 1955 ἄὸατον
2109 1901 2180 1958 G.
2214 1901 2287 1956 R.
2329 1896 2460 1958 Ald.
2486 1897 2728 1957 Coi-rexi
2754 1896 3004 1978 ἄὸροτον,
3037 1910 3102 1955 111
3131 1899 3412 1977 scriptum

1880 1996 1968 2043 est
1992 1983 2147 2062 apud
2174 1984 2542 2043 scholiastam
2574 1984 2813 2044 Homeri
2838 1984 2903 2042 Il.
2933 1986 3003 2056 Ξ,
3028 1986 3121 2059 78.
3145 1989 3325 2044 Dum.
3348 2023 3413 2035 -

1881 2091 1957 2130 20
1986 2071 2164 2150 μόλειν
2189 2076 2258 2132 V.
2290 2070 2498 2149 μέλλειν
2528 2077 2672 2131 G.—
2690 2071 2764 2129 25
2800 2072 3151 2149 ἀδαμαντῖνος
3171 2077 3268 2143 V.,
3290 2093 3411 2131 non

1878 2161 1950 2220 G.
1987 2157 2334 2237 ἀδαμάντῖνος
2359 2158 2578 2238 duplici
2600 2172 2838 2219 accentu
2859 2161 2931 2221 Θ.
2956 2161 3306 2238 ἀδαμάντινος
3325 2168 3410 2227 Μ.

1961 2250 2106 2318 818,
2162 2248 2237 2306 36
2304 2246 2680 2330 χαρακτηρίζει
2733 2246 2979 2330 ἑκάτερον
3040 2254 3113 2311 R.
3174 2251 3413 2328 reliquis

1878 2355 2123 2395 omissus.

1960 2426 2095 2502 819,
2116 2426 2187 2497 37
2211 2423 2527 2502 σκινδαλμὸς
2547 2422 2602 2482 δὲ
2623 2429 2692 2485 R.
2713 2425 3048 2504 σκινδαλμῶν
3067 2425 3184 2497 ἤτοι
3201 2430 3408 2489 λεπτῶν

1877 2510 2362 2590 καλαμοξεσμάτων
2403 2513 2531 2593 (sic)
2568 2518 2709 2593 Reg.
2735 2552 2798 2564 -
2840 2518 2916 2592 39
2969 2513 3288 2596 παράὸουλα
3336 2526 3406 2579 V.

1876 2599 1997 2681 περὶ
2027 2605 2099 2661 R.
2133 2598 2277 2683 παρὰ
2304 2602 2502 2662 ceteri.
2520 2637 2585 2648 —
2608 2612 2684 2671 4ο
2711 2601 2838 2683 παρ’
2869 2605 3026 2662 αὐτοῦ
3063 2609 3134 2662 V.
3159 2605 3243 2664 ἔπ’
3266 2608 3411 2689 αὐτῷ

1881 2688 2172 2768 Εὐριπίδης
2192 2691 2270 2749 Μ.
2298 2727 2360 2739 -
2384 2698 2451 2758 41
2484 2693 2719 2749 τοιοῦτον
2758 2689 2808 2748 εἴ
2844 2695 2916 2749 V.
2968 2692 3170 2754 Ald.-
3191 2703 3259 2763 44
3289 2696 3411 2754 δια-

1876 2775 2123 2854 γλύματα
2144 2782 2214 2836 V.

1960 2865 2076 2923 820
2116 2863 2512 2946 φρενοτέκτονος
2551 2863 2735 2946 ἀνδρὸς
2775 2870 2869 2923 τοῦ
2907 2866 3179 2946 Αἰσχύλου
3208 2870 3412 2945 ἀμυνο-

1879 2950 2038 3027 μένου
2067 2953 2136 3011 τὰ
2161 2955 2198 3011 i.
2235 2975 2281 3034 ρ.
2319 2957 2387 3011 R.
2411 2951 2472 3011 τὸ
2495 2949 2610 3025 ἑξῆς
2644 2951 3042 3034 φρενοτέκτονος
3068 2955 3236 3037 φωτὸς
3270 2959 3414 3034 ἄμυ-

1878 3040 2098 3116 νομένου
2124 3037 2192 3099 τὰ
2218 3042 2257 3100 ἱ.
2280 3063 2328 3121 ρ.
2350 3045 2421 3099 V.

1962 3132 2096 3198 822,
2133 3149 2157 3186 1
2186 3126 2286 3195 Ὡς
2312 3132 2381 3186 R.
2401 3170 2464 3180 -
2490 3128 2524 3184 5
2549 3146 2636 3207 sq.
2664 3128 2993 3208 ἐν-χαίταν
3027 3150 3139 3188 0111.
3169 3135 3240 3192 Θ.

1961 3222 2106 3287 824,
2154 3217 2336 3273 21·23
2387 3214 2564 3274 habet
2601 3221 2755 3278 V.—
2780 3236 2847 3275 21
2900 3215 2971 3275 τὰ
3009 3238 3123 3277 0111.
3160 3224 3407 3279 R.-.22

1880 3304 2237 3380 κινδαλάμους
2255 3306 2343 3376 V.,
2366 3323 2484 3362 non
2513 3305 2581 3363 G.
2620 3302 3003 3381 σκινδαλάμους
3029 3306 3104 3367 Θ.
3125 3345 3189 3357 -
3215 3311 3287 3367 23
3312 3308 3411 3369 πί..

1879 3415 2032 3458 νακες
2064 3397 2124 3447 R.

1965 3480 2103 3553 825,
2135 3498 2206 3551 27
2239 3474 2483 3554 σεισμοὺς
2514 3482 2585 3537 R.
2615 3478 2686 3539 Θ.
2709 3477 3003 3557 σειομένους
3031 3485 3098 3539 V:
3126 3483 3256 3542 Ald.

1963 3569 2101 3641 826,
2125 3568 2200 3625 35
2225 3585 2351 3643 sqq.
2376 3570 2441 3625 R.
2473 3570 2545 3626 V.
2572 3565 2788 3626 habent
2816 3569 2996 3628 verba
3028 3572 3099 3639 ὡς
3126 3572 3419 3653 φθονουμέ-

1881 3679 2097 3715 νου-σο
2138 3654 2192 3736 (qt
2221 3655 2280 3734 (l.
2320 3652 2439 3732 40),
2473 3653 2684 3733 quibus
2713 3671 2869 3716 caret
2898 3664 2970 3717 G.
3000 3663 3141 3738 ch.
3168 3683 3182 3718 t
3207 3661 3418 3733 Λίσπην

1882 3746 2041 3827 φασὶν
2075 3678 2208 3803 εἶναι
2230 3737 2453 3824 ζωύφιόν
2483 3766 2538 3802 τι
2560 3744 2762 3826 σφόδρα
2790 3744 2979 3805 λεπτόν
2999 3771 3012 3785 ·
3044 3748 3134 3830 ἀφ’
3158 3740 3219 3808 οὗ
3246 3750 3337 3809 καὶ
3369 3753 3418 3809 οἱ

1880 3832 1950 3893 τὰ
1988 3833 2135 3914 ἰσχία
2162 3830 2363 3904 λεπτοὶ,
2402 3829 2584 3891 λίσποι
2618 3829 2879 3911 λέγονται.
2926 3836 3147 3893 ἐνταῦθα
3194 3835 3248 3894 δὲ
3292 3836 3417 3918 παρ’

1883 3920 2130 3980 ὑπόνοιαν
2176 3919 2384 4000 εἴρηται
2426 3917 2545 3977 ἀντὶ
2589 3923 2682 3977 τοῦ
2722 3919 3022 4001 φωνητικὴ,
3064 3924 3135 3988 ὥς
3174 3922 3280 3982 ἀπὸ
3323 3931 3417 3984 τοῦ

1881 4008 1999 4068 λίαν
2024 4007 2116 4069 καὶ
2139 4014 2234 4068 τοῦ
2257 4007 2370 4067 tw
2390 4006 2452 4067 τὸ
2481 4006 2638 4086 λέγω.

1967 4100 2082 4155 830
2109 4117 2223 4155 0111.
2251 4097 2322 4155 Θ.
2345 4099 2422 4153 Μ.

1965 4188 2100 4258 833,
2134 4187 2170 4243 6
2200 4184 2484 4243 διανοεῖται
2523 4189 2827 4244 Kusterus.
2852 4224 2914 4236 —
2937 4206 2974 4262 9
2997 4183 3204 4265 εἰσιὼν,
3243 4189 3333 4247 καὶ
3361 4191 3415 4248 ἐν

1882 4282 2000 4341 ταῖς
2025 4276 2215 4354 ἀρχαῖς
2238 4273 2345 4330 τῶν
2371 4269 2652 4353 δραμάτων
2677 4271 3007 4354 ἐτερατεύετο
3027 4274 3186 4333 addit
3208 4277 3417 4337 Suidas

1883 4384 1927 4422 S.
1965 4359 2356 4437 Ἄποσεμνύνει.

1966 4451 2103 4522 838,
2141 4448 2209 4505 15
2246 4445 2540 4527 Φρύνιχος,
2581 4446 2863 4529 ἀθύρωτον.
2906 4448 3096 4508 Verba
3131 4451 3301 4511 nimis
3343 4474 3413 4514 ex

1883 4538 2134 4615 abrupto
2176 4536 2353 4596 illata.
2399 4535 2753 4595 Exciderunt
2804 4537 3077 4595 nonnulla
3097 4581 3114 4615 ,
3158 4540 3403 4602 redinte-

1882 4623 2099 4704 granda
2130 4644 2201 4681 ex
2238 4621 2430 4681 Suidae
2457 4624 2686 4703 glossis,
2713 4622 3002 4704 Ἀθύρωτον
3029 4624 3232 4704 στόμαε
3251 4628 3417 4698 οὕτως

1885 4712 2151 4795 ἀθύρωτον
2179 4712 2273 4769 οὐκ
2295 4709 2590 4769 ἀπύλωτον.
2633 4709 3000 4793 Ἀριστοφάνης
3032 4715 3087 4773 ἐν
3118 4717 3416 4798 Βατράχοις

1886 4801 1981 4863 καὶ
1996 4797 2283 4882 Φρύνιχος.
2316 4804 2407 4873 Et,
2430 4797 2731 4859 Ἀπύλωτον
2761 4798 2933 4877 στόμα
2955 4801 3268 4883 εᾶθύρωτον,
3297 4808 3416 4868 ἀλλ’

1886 4892 1981 4949 οὐκ
2004 4886 2298 4947 ἀπύλωτον.
2326 4887 2433 4970 Ἀρ.
2464 4890 2517 4947 ἐν
2543 4891 2606 4947 Β.
2628 4887 2718 4946 καὶ
2745 4888 3028 4972 Φρύνιχος.
3057 4896 3319 4972 Apparet
3342 4917 3413 4956 ex

1888 4979 1975 5037 his
1999 4976 2385 5054 Phrynichum
2417 4976 2657 5055 intelligi
2676 4997 2796 5036 non
2828 4981 3279 5055 grammaticum,
3311 4988 3409 5045 sed

1888 5068 2194 5125 comicum.
2237 5069 2421 5125 Dian.
2453 5101 2515 5113 —
2562 5067 2629 5123 16
2646 5057 2931 5143 γράφουσιν
2949 5073 3016 5127 V.
3041 5081 3099 5127 et
3122 5072 3332 5132 Suitlas
3355 5097 3400 5137 s.

3168 5195 3223 5241 34
