3859 5725
18 3397 27 3953 ἡ--τα-ῡ--

22 4983 36 5094 -r-
21 4892 34 4925 -v
22 4799 33 4836 -ιμ
22 4625 31 4745 -a-1

1695 270 2100 334 RANARUM.
3338 284 3459 340 816

399 402 474 460 58
502 406 575 463 R.
604 401 782 461 habet
809 401 1074 468 Ἀττικῶς.
1110 400 1227 461 ἀντὶ
1251 404 1344 460 τοῦ
1373 399 1483 482 ἔχω
1516 399 1618 483 γὰρ
1647 403 1843 467 κακῶς.

314 491 376 552 τὸ
395 491 453 551 δὲ
467 491 604 551 ἀλλὰ
621 491 1027 572 παρέλκεται-
1051 495 1126 551 26
1141 490 1279 552 ἀλλά
1305 512 1418 551 orn.
1439 494 1513 552 Θ.
1543 492 1716 551 Καλλ.
1743 490 1849 549 οὐδ’

313 580 432 640 ἀλλ’
463 570 571 652 ἦκα
617 572 777 656 (ἧκεν
820 580 928 658 G.)
969 586 1042 639 V.
1088 580 1356 639 Correxit
1396 579 1732 639 Dindorfius
1778 598 1852 636 ex

315 668 497 729 schol.
529 666 681 728 Nub.
712 670 847 725 232.

395 756 471 814 63
510 757 593 814 sic
624 760 718 826 V.,
748 753 811 813 τὸ
851 753 906 812 δὲ
942 750 1117 820 Ῑτνους
1153 752 1364 813 δασύνει
1399 751 1619 836 ,ἀθάρας.
1650 753 1841 820 ἄλλως.

313 841 533 924 ὀσπρίου
557 845 800 901 πισσινοῦ
832 841 951 913 ἤτοι
973 840 1199 920 κυάμου.
1223 844 1294 908 ὣς
1325 839 1851 922 ἀδηφάγον-κωμῳ-

316 930 512 989 δοῦσιν.
531 968 595 980 -
621 932 694 988 32
740 928 960 1011 ὀσπρίας
998 928 1219 989 πισύνου
1247 933 1319 992 Θ.
1351 935 1594 988 πισσινοῦ
1630 929 1761 988 Ald.
1791 970 1852 981 -

317 1018 391 1075 33
421 1015 478 1075 δὲ
499 1038 612 1076 om.
635 1023 746 1090 M„
771 1019 872 1095 qui
902 1014 1033 1075 δασὺ
1072 1019 1158 1079 ἅθ.
1201 1020 1270 1079 Θ.
1311 1038 1425 1076 om.
1455 1008 1589 1085 εἶδος
1609 1062 1627 1091 ,
1662 1017 1852 1094 spatio

314 1123 523 1162 vacuO.
545 1101 737 1163 Ἰστέον
752 1103 832 1162 ὅτι
850 1106 899 1162 οἱ
919 1103 1132 1172 9.-34
1155 1102 1339 1185 μάχας
1367 1102 1656 1186 ἐρρωμένοι
1684 1110 1828 1181 Reg.

396 1192 491 1261 64,
519 1191 590 1261 37
615 1194 682 1249 Δ.
709 1213 792 1249 σοι
815 1193 885 1257 ὡς
905 1196 974 1249 V.
999 1191 1131 1250 Ald.
1153 1195 1217 1251 Δ.
1241 1213 1300 1249 σε
1323 1193 1394 1257 ὣς
1415 1194 1488 1252 Θ.
1518 1190 1749 1249 διδάσκω
1769 1211 1852 1247 σοι

311 1299 429 1337 om.
452 1280 533 1337 Μ.
567 1278 853 1361 ὐπερόαλῶ
878 1280 952 1339 Θ.
976 1283 1117 1356 Reg.
1149 1268 1253 1360 ἔρα
1271 1278 1566 1338 ἐκδιδάσκω
1593 1276 1655 1336 τὸ
1692 1276 1854 1358 σαφὲς

310 1364 433 1436 ἤτοι
456 1364 517 1424 τὸ
538 1364 791 1448 διάπυρον
810 1370 904 1425 τοῦ
928 1365 1091 1424 πόθου
1114 1357 1173 1426 οὗ
1198 1366 1307 1446 ἔχω
1328 1365 1414 1425 διὰ
1431 1372 1524 1426 τοῦ
1548 1365 1854 1444 αἰνίγματος

314 1458 407 1511 τοῦ
428 1452 616 1526 ἔτνους,
645 1450 681 1525 ἢ
712 1451 799 1511 ἵνα
825 1450 1007 1536 φράσω
1031 1451 1222 1521 ἄλλως.
1244 1490 1309 1505 -
1330 1450 1460 1523 38ἢ
1488 1452 1633 1534 ἄλλῳ
1662 1453 1790 1513 Ald.
1817 1451 1851 1524 ἢ

309 1539 467 1618 ἑτέρα
491 1539 678 1621 φράσω
705 1537 823 1598 ἀντὶ
856 1544 948 1598 τοῦ
973 1541 1180 1618 ἀγγελῶ
1197 1543 1419 1617 V.-39
1442 1531 1547 1600 οἷον
1573 1541 1719 1620 ἄλλῳ
1735 1538 1853 1620 τρό-

309 1626 681 1707 πῳαᾱάἰωιη
702 1647 775 1686 ex
804 1632 878 1687 V.
916 1626 1199 1709 ἠμίστιχον
1244 1628 1527 1696 Ala-40
1561 1628 1851 1711 Εὐριπίδου

308 1711 607 1794 ’Υψιπύλης
629 1721 700 1775 B.

393 1803 491 1875 67,
522 1806 709 1872 41-43
748 1801 905 1871 Τινὲς
949 1803 1434 1885 διορίζουσι-αὐτό.
1477 1803 1670 1872 ἄλλως.
1715 1802 1851 1871 τινὲς

311 1885 591 1968 βδύλονται
624 1889 679 1950 ἓν
704 1888 989 1972 πρόσωπον
1024 1889 1148 1950 ὅλον
1185 1896 1259 1948 V.
1281 1933 1341 1943 -
1374 1901 1448 1960 4ο
1481 1890 1603 1952 ὅλον
1634 1905 1768 1951 ante
1794 1892 1850 1952 ἓν

313 1992 541 2056 ponunt
562 1980 633 2039 Θ.
668 1985 834 2037 Μ.-
862 1981 934 2048 43
961 2000 1051 2057 sq.
1086 1980 1229 2060 αὐτῷ
1253 1977 1411 2040 οὕτω.
1441 1980 1534 2040 καὶ
1569 1983 1623 2039 ἀἱ
1655 1980 1851 2062 γραφαὶ

312 2063 530 2146 φέρουσι
555 2066 945 2138 τελευτήσαντα
969 2067 1059 2126 τὸν
1090 2065 1200 2126 υἱὸν
1223 2066 1515 2149 Εὐριπίδου
1561 2068 1853 2149 δεδοιχέναι

313 2155 474 2212 αὐτοῦ
498 2155 551 2211 ἓν
585 2153 735 2212 ἄστει
762 2152 1150 2233 δμωνύμως.-
1175 2160 1252 2213 Μ.
1278 2191 1339 2202 -
1369 2164 1441 2224 44
1473 2158 1528 2214 αἱ
1552 2176 1669 2216 om.
1701 2161 1767 2218 V.
1789 2194 1853 2206 —

315 2240 391 2306 45
426 2239 708 2318 ὁμώνυμον
745 2247 818 2299 G.
867 2240 1163 2320 ὁμωνύμως
1200 2248 1270 2301 V.
1312 2244 1442 2303 Ald.
1465 2244 1627 2303 ...46
1671 2248 1723 2305 ἔν
1772 2248 1850 2328 τῷ

310 2324 1525 2493 3253..“5151‘ssUsst‘ssdss‘ffii'tff'ss‘ss‘ssfifi.)
1540 2336 1853 2498 ,ἷέιξὲἷῖῗ

554 2459 572 2487 ,
1814 2454 1850 2467 -

313 2516 493 2562 teram
521 2504 766 2581 primam
787 2524 898 2583 pro
922 2516 1062 2563 nota
1089 2506 1319 2565 numeri
1347 2509 1590 2586 accepit.
1626 2508 1850 2567 Deinde

310 2589 561 2666 ἄλκμαίω
601 2591 745 2650 διονα
775 2591 935 2673 βάκχ.
960 2598 1033 2654 V.
1060 2594 1441 2654 scribendum
1484 2597 1712 2656 videtur
1739 2595 1851 2656 Ἀλ-

306 2675 554 2755 κμαίωνα
574 2676 665 2738 τὸν
697 2677 784 2737 διὰ
804 2678 1061 2761 Κορίνθου
1088 2703 1102 2739 :
1123 2682 1259 2741 vide
1286 2685 1511 2762 praefat.
1536 2683 1613 2744 ad
1639 2685 1843 2765 Eurip.

308 2766 524 2825 Aloest.
551 2786 610 2844 p.
633 2787 688 2843 9.
709 2771 887 2825 Dum.

395 2875 466 2927 72
485 2897 502 2927 ,
538 2865 613 2931 [09
637 2853 936 2936 συμμάχων
965 2855 1037 2917 Θ.
1057 2855 1339 2939 σύμμαχος
1366 2864 1436 2919 V.

397 2939 500 3020 73,
535 2943 602 2999 51
655 2944 737 3001 sic
779 2943 934 3014 Ald„
978 2941 1165 3027 Ἰοφῶν
1189 2944 1297 3013 υίὸς
1328 2939 1395 3020 ἦν
1436 2945 1763 3030 Σοφοκλέους
1787 2950 1849 3011 lx

309 3028 675 3110 Νικοστράτης
695 3051 709 3065 ·
733 3026 788 3094 ὃς
810 3027 1025 3101 δόκησιν
1050 3040 1300 3113 παρεῖχεν
1317 3077 1334 3106 ,
1375 3032 1457 3093 ὅτι
1479 3044 1588 3102 τοῖς
1614 3041 1708 3095 τοῦ
1734 3059 1847 3095 πα-

312 3113 433 3193 τρὸς
453 3116 648 3198 ἔχρῆτο
668 3114 962 3193 ποιήμασιν
986 3119 1058 3183 ὥς
1087 3117 1314 3186 οἰκείοις.
1340 3120 1589 3199 εἰσήγαγε
1625 3120 1683 3181 δέ
1717 3145 1846 3183 ποτε

311 3201 589 3282 Σοφοκλῆς
625 3201 681 3260 ὃν
719 3201 950 3280 δράματι
992 3202 1082 3261 τὸν
1126 3203 1382 3285 Ἰοφῶντα
1426 3210 1714 3287 φθονοῦντα
1755 3209 1847 3268 καὶ

309 3287 440 3369 πρὸς
477 3285 595 3355 τοὺς
631 3287 893 3370 φράτορας
933 3291 1260 3369 ἐγκαλοῦντα
1305 3296 1381 3373 τῷ
1424 3294 1585 3377 πατρὶ
1628 3299 1698 3365 ὡς
1743 3293 1847 3354 ὑπὸ

309 3375 487 3458 γήρως
511 3383 957 3459 παραφρονοῦντι,
981 3381 1029 3436 οἱ
1055 3377 1110 3437 δὲ
1137 3382 1214 3459 τῷ
1239 3379 1478 3464 Ἰοφῶντι
1497 3382 1844 3461 ἐπετίμησαν.

313 3462 550 3545 Σάτυρος
570 3461 628 3522 δέ
648 3486 806 3544 φησιν
835 3463 995 3523 αὐτὸν
1016 3467 1182 3524 εἰπεῖν
1200 3509 1216 3537 ,
1242 3470 1287 3526 εἰ
1306 3466 1403 3547 μὲν
1426 3468 1537 3549 εἰμὶ
1552 3472 1844 3550 Σοφοκλῆς,

313 3551 373 3609 οὐ
394 3555 718 3633 παραφρονῶ
735 3576 749 3590 ·
773 3554 820 3610 εἰ
842 3552 897 3612 δὲ
921 3558 1270 3636 παραφρονῶ,
1291 3558 1565 3637 Σοφοκλῆς
1587 3560 1683 3617 οὐκ
1704 3559 1816 3638 εἰμί
1829 3583 1845 3598 ·

307 3636 402 3694 καὶ
424 3636 543 3696 τότε
569 3637 658 3698 τὸν
688 3639 950 3700 Οἰδίποδα
971 3645 1315 3722 παραγνῶναι
1338 3643 1471 3725 (scr.
1494 3650 1846 3728 παραναγνῶ·

312 3725 445 3803 ναι).
480 3726 540 3784 οὐ
582 3725 740 3804 μόνον
785 3727 849 3799 δὴ
885 3729 1118 3810 Χοιρίλῳ
1157 3729 1249 3790 καὶ
1281 3739 1390 3799 τοῖς
1426 3732 1548 3815 περὶ
1576 3733 1845 3814 Αἰσχύλον

312 3813 404 3872 καὶ
428 3812 748 3892 Εὐριπίδην,
772 3816 912 3875 ἀλλὰ
940 3817 1030 3876 καὶ
1056 3818 1296 3901 Ἰοφῶντι
1326 3823 1725 3901 συνηγωνίσατο
1766 3828 1844 3906 τῷ

311 3903 431 3981 υἱῷ.
456 3907 615 3960 τοῦτο
642 3901 744 3985 γὰρ
785 3902 944 3983 μόνον
976 3904 1050 3965 ἔτ’
1083 3908 1225 3968 ἐστὶν
1273 3908 1468 3987 ἀγαθόν
1494 3935 1506 3970 :
1544 3913 1845 3991 ἠγωνίσατο

311 3989 440 4048 Ald.
463 3993 607 4062 Quae
635 3996 910 4051 Musurus
936 3994 1310 4075 interpolavit
1336 4019 1407 4058 ex
1432 4002 1717 4080 scriptore
1734 4004 1842 4062 vi-

315 4090 388 4135 tae
408 4079 730 4156 Sophoclis.
753 4079 969 4147 Υἱὸς-ὃ
989 4082 1178 4164 Ἰοφῶν
1203 4106 1315 4144 om.
1336 4089 1409 4148 Θ.
1439 4092 1523 4146 Μ.
1541 4123 1606 4136 -
1629 4091 1703 4149 52
1721 4111 1844 4169 sqq.

310 4166 612 4243 ἠγωνίσατο
664 4181 776 4227 etc.
833 4189 952 4228 om.
1006 4172 1077 4231 Θ.
1116 4207 1178 4222 -
1252 4174 1324 4243 54
1367 4174 1590 4256 εἰρηκὼς
1629 4200 1843 4259 τραγῳ-

313 4254 428 4314 δίαν
470 4256 690 4336 (codex
715 4258 1017 4340 τραγῳδία)
1062 4258 1320 4321 additum
1361 4284 1432 4324 ex
1458 4272 1531 4327 V.
1577 4266 1844 4348 εἰρηκότος

310 4342 605 4424 τραγῳδίαν
637 4349 706 4402 G.

398 4430 492 4502 ⁶75,
523 4452 557 4489 α
590 4431 858 4511 προελθὼν
891 4436 1247 4512 Βίιιᾶοιίὶιμ.
1277 4440 1477 4498 Codex
1507 4441 1836 4522 παρελθέτω.

313 4523 381 4577 ln
401 4522 473 4580 G.
507 4520 701 4597 ἀγαθὸν
724 4521 854 4603 φασὶ
880 4524 1184 4606 παρελθέτω
1205 4524 1297 4585 καὶ
1317 4524 1494 4606 ἔψεξεν
1520 4529 1840 4592 &breim—3-

314 4609 352 4665 6
375 4627 489 4667 om.
525 4610 701 4668 etiam
723 4611 795 4670 Θ.
822 4612 901 4671 Μ.
921 4656 983 4668 ..-
1009 4613 1043 4671 5
1076 4611 1111 4685 ἢ
1143 4613 1396 4696 πρότερον
1440 4618 1495 4676 ἐν
1534 4620 1703 4698 viiiv.
1722 4623 1839 4679 -6

313 4695 476 4755 addit
500 4696 634 4756 Ald.
668 4688 733 4769 ἦν
757 4698 859 4779 γὰρ
887 4704 916 4759 ὁ
945 4702 1220 4783 Σοφοκλῆς
1239 4702 1510 4782 Αἰσχύλου
1539 4710 1637 4784 μὲν
1674 4707 1841 4768 ἔτεσιν

314 4780 448 4843 ἔπτὰ
477 4781 752 4866 νεώτερος,
778 4787 1064 4868 Εὐριπίδου
1088 4787 1144 4848 δὲ
1163 4789 1274 4853 κδ’.
1310 4793 1539 4870 Adjecit
1567 4799 1841 4855 Musurus

315 4871 670 4949 negligenter
695 4875 984 4955 descripta
1014 4898 1086 4936 ex
1120 4880 1253 4939 Vita
1276 4882 1581 4960 Sophoclis
1599 4929 1616 4958 ,
1638 4884 1740 4944 ubi
1767 4885 1843 4945 le—

313 4958 473 5037 gitur
497 4957 744 5043 νεώτερος
771 4961 862 5035 ἔτη
899 4964 1160 5026 δεκαεπτὰ
1178 5012 1198 5047 ,
1226 4968 1519 5050 Εὐριπίδου
1538 4969 1596 5031 ἃ
1618 4971 1840 5033 παλαιό·

314 5068 458 5127 τερος
479 5047 897 5134 εἰκοσιτέσσαρα.
928 5059 1105 5117 omn.

2018 405 2114 476 78,
2142 422 2172 475 7
2208 400 2310 482 γὰρ
2335 421 2452 463 om.
2487 408 2556 460 V.
2592 407 2677 462 Μ.
2709 405 2739 461 ὁ
2758 402 3011 462 additum
3033 422 3107 461 ex
3128 406 3199 462 R.
3223 445 3284 458 -
3302 405 3340 464 8
3362 405 3464 466 'lo-

1934 492 2044 569 φῶν
2069 510 2182 548 om.
2206 492 2278 551 Θ.
2305 496 2384 550 Μ.
2405 527 2466 539 -
2490 512 2527 567 9
2545 489 2822 569 ποιήματα
2848 490 3109 550 additum
3131 512 3206 551 ex
3224 497 3297 553 R.
3330 494 3464 553 ἀπο-

1933 573 2112 634 eaxan
2143 575 2328 658 Ἰοφῶν
2360 578 2418 635 οὐ
2450 576 2610 654 μόνον
2645 576 2732 636 ἐπὶ
2765 583 2832 636 V.
2868 579 2928 637 οὐ
2973 576 3131 657 μόνον
3166 577 3222 637 δὲ
3258 580 3457 641 ceteri.

1933 661 2021 721 ἐπὶ
2044 667 2122 744 τῷ
2159 684 2273 724 om.
2302 667 2375 725 Θ.
2407 668 2484 745 τῷ
2511 666 2738 724 addidit
2764 672 3004 737 Portus;
3048 666 3264 727 habere
3293 669 3463 728 vide-

1935 765 2028 809 tur
2070 757 2151 811 M.
2175 786 2248 798 —
2286 773 2356 811 10
2396 752 2741 834 ἐπιγράφεται
2770 758 2836 812 V.
2885 755 3233 835 τραγῳδεῖται
3271 757 3342 816 Θ.
3369 758 3453 817 Μ.

1932 838 2018 898 ἐπὶ
2047 843 2123 919 τῷ
2163 839 2225 898 τὸ
2255 841 2322 899 V.
2376 837 2513 898 ἀλλὰ
2540 841 2631 899 καὶ
2661 839 2749 899 ἐπὶ
2790 843 2869 921 τῷ
2896 845 2978 900 Μ.
2999 882 3080 891 -
3113 862 3178 899 ιι
3226 841 3463 919 μαλακὸς

1930 929 2004 988 Θ.
2036 934 2119 987 M.
2147 927 2348 1011 μακρὸς
2369 934 2439 987 V.
2460 928 2592 987 Ald.
2617 962 2695 974 —
2725 951 2789 987 11
2820 930 3178 1012 Νικόστρατος
3193 936 3262 990 V.
3292 933 3462 992 Νικο-

1933 1014 2157 1099 στράτου
2181 1024 2252 1076 G.
2292 1036 2407 1075 om.
2441 1022 2515 1075 V.
2566 1037 2684 1074 non
2725 1023 2797 1076 G.
2824 1059 2901 1070 -
2936 1037 3004 1076 12
3039 1017 3345 1098 Ἀρίστωνος
3383 1024 3456 1077 G.

1932 1103 2107 1170 νόθους
2118 1109 2192 1163 V.
2216 1125 2333 1163 non
2359 1106 2569 1163 G.-13
2592 1105 2778 1163 codex
2805 1104 3129 1185 Θεοδωρίδος
3152 1104 3460 1183 Σικυμνίας.

1936 1192 2155 1250 Deinde
2188 1190 2250 1250 τὸ
2281 1190 2337 1250 δὲ
2378 1189 2467 1269 (δὲ
2503 1211 2618 1251 om.
2642 1192 2754 1271 M.)
2774 1193 2902 1250 κωδ.
2927 1211 3041 1250 om.
3066 1196 3140 1250 R.
3164 1197 3234 1250 V.
3291 1226 3370 1239 -—
3396 1202 3463 1260 tl.

1933 1278 2050 1337 ἀντὶ
2091 1285 2183 1339 τοῦ
2231 1280 2359 1340 add.
2401 1284 2471 1338 R.
2506 1271 2615 1339 οἷον
2651 1285 2733 1339 Μ.
2779 1285 2848 1338 In
2877 1282 2950 1341 Θ.
2980 1292 3067 1338 est
3111 1279 3398 1339 κωδωνίσω
3427 1279 3463 1351 ἣ

1932 1364 2312 1442 κωμωδήσωῆ
2361 1366 2668 1444 δοκιμάσω,
2712 1363 2796 1424 ὅτι
2832 1378 2946 1425 etc.
2986 1400 3065 1411 -—
3110 1369 3179 1424 16
3225 1363 3465 1425 κώδωσιν

1932 1453 2191 1513 additum
2232 1475 2304 1512 ex
2339 1458 2410 1512 V.
2452 1467 2511 1513 et
2550 1453 2727 1513 Suida
2762 1474 2809 1513 ε.
2848 1452 3259 1516 Διακωδωνίσω.
3285 1495 3367 1509 ..-
3396 1455 3466 1513 ιδ

1932 1540 2198 1621 ψοφοδεεῖς
2218 1546 2289 1598 V.
2314 1546 2392 1598 M.
2422 1553 2481 1599 et
2506 1540 2731 1600 Suidas.
2761 1539 3020 1622 ψοφώδεις
3043 1539 3176 1599 Md.
3211 1541 3365 1600 Hinc
3391 1541 3465 1600 ad

1934 1631 2106 1686 finem
2132 1628 2334 1686 scholii
2366 1629 2448 1686 sic
2475 1639 2541 1686 ut
2564 1627 2783 1687 editum
2812 1641 2899 1686 est
2930 1632 3030 1701 V.,
3060 1648 3315 1705 quocum
3346 1629 3466 1687 fere

1933 1716 2220 1775 consentit
2266 1715 2492 1773 Suidas.
2554 1705 2687 1787 εἷεν,
2735 1713 2770 1785 ἢ
2807 1713 2862 1793 (ἢ
2902 1706 3018 1774 om.
3049 1714 3144 1793 Θ.)
3172 1717 3219 1774 εἰ
3246 1714 3463 1797 θόρυὸον

1933 1801 2212 1881 ὑπομένειν
2243 1800 2487 1862 δύνανται
2515 1799 2849 1882 (ὑπομένοιεν
2880 1802 2975 1881 Θ.)
2993 1848 3011 1877 ,
3049 1801 3242 1879 μήπως
3276 1804 3331 1862 ἰν
3358 1826 3465 1862 πο-

1928 1891 2080 1972 λέμῳ
2105 1893 2178 1959 εἰς
2207 1889 2445 1950 κίνδυνον
2485 1890 2578 1949 ὑπ’
2611 1892 2782 1949 αὐτῶν
2810 1889 3120 1967 ἐμὸληθεῖεν
3162 1889 3467 1968 (μήπως-

1932 1979 2240 2059 ἐμὸληθεῖεν
2265 1999 2384 2037 om.
2410 1982 2482 2038 Θ.
2499 1979 2600 2055 Μ.)
2616 1978 2711 2037 καὶ
2732 1975 2852 2045 τούς
2867 1977 3107 2059 ὄρτυγας.
3132 1975 3267 2043 τινὲς
3288 1977 3345 2036 δὲ
3360 1979 3467 2037 ἀπὸ

1929 2071 2036 2127 τῶν
2083 2065 2306 2145 ἀγγείων
2339 2069 2446 2125 τῶν
2495 2068 2702 2143 σαθρῶν
2727 2088 2742 2103 ·
2778 2065 2899 2124 ἐπεὶ
2933 2063 3071 2124 οὕτω
3121 2065 3467 2143 δοκιμάζουσι

1933 2154 2312 2237 διακρούοντες.
2338 2152 2475 2220 τινὲς
2493 2153 2545 2212 δὲ
2572 2155 2634 2213 ἐκ
2660 2162 2955 2235 μεταφορᾶς
2972 2156 3078 2212 τῶν
3101 2153 3461 2231 νομισμάτων.

1930 2243 2089 2324 (τινὲς
2116 2242 2585 2320 δὲ--νομισμάτων
2619 2262 2737 2301 om.
2767 2244 2841 2303 Θ.
2875 2247 2958 2300 Μ.
2994 2241 3175 2299 Addit
3201 2246 3344 2319 Reg.
3374 2239 3465 2299 καὶ

1929 2337 2100 2392 ταῦτα
2123 2330 2224 2412 γὰρ
2248 2333 2297 2390 οἱ
2325 2328 2615 2411 παχύτεροι
2633 2329 2720 2389 διὰ
2741 2334 2835 2389 τοῦ
2858 2327 2994 2408 ἤχου
3033 2327 3464 2406 δοκιμάζουσιν.)

1930 2419 2064 2487 τινὲς
2086 2418 2141 2478 δὲ
2164 2418 2270 2478 ἀπὸ
2292 2421 2397 2478 τῶν
2422 2417 2688 2500 φυλάκων.
2716 2416 3018 2497 Δημήτριος
3042 2417 3145 2499 γάρ
3168 2414 3248 2495 (δέ
3265 2416 3336 2477 Θ.
3357 2420 3468 2497 Μ.)

1932 2531 2090 2591 φησιν
2127 2506 2209 2568 ὅτι
2230 2505 2370 2566 κατὰ
2394 2504 2489 2573 τὰς
2515 2504 2753 2587 φυλακὰς
2778 2507 2825 2565 εἰ
2866 2504 3218 2585 ἑγρηγόρασι,
3255 2504 3466 2564 κώδωσι

1932 2596 2267 2675 διεσήμαινον
2287 2593 2549 2674 (κώδωσιν
2572 2592 2860 2670 ἐσήμαινον
2886 2595 3018 2670 Μ.),
3045 2592 3187 2659 ὅπως
3209 2590 3273 2651 ἂν
3304 2591 3465 2674 φθέγ-

1929 2707 2127 2762 γωνται
2156 2681 2464 2766 (φθέγγηται
2485 2682 2616 2757 Μ.),
2651 2680 2854 2761 βέλτιον
2878 2677 2934 2740 δὲ
2957 2679 3020 2739 τὸ
3044 2678 3134 2739 ἐπὶ
3157 2683 3261 2739 τῶν
3283 2678 3463 2740 ἵππων

1927 2771 2021 2831 καὶ
2043 2774 2149 2831 τῶν
2181 2770 2426 2849 ἀγγείων.
2461 2768 2532 2828 τὰ
2553 2767 2608 2827 δὲ
2628 2768 2767 2827 ἄλλα
2794 2766 2979 2845 (λοιπὰ
3002 2768 3098 2846 Θ.)
3126 2768 3466 2847 ἐσχεδίασττιι

1928 2862 2003 2921 Θ.
2034 2865 2117 2919 Μ.
2148 2859 2279 2921 Ald.
2306 2891 2388 2905 —
2425 2877 2492 2931 17
2525 2876 2613 2935 sq.
2646 2857 2697 2918 οἱ
2732 2853 3101 2937 γὰρ-μάχην
3130 2855 3466 2916 Dindorfius

1927 2949 2157 3008 addidit
2177 2968 2251 3008 ex
2292 2946 2487 3008 Suida.
2518 2978 2595 2993 —
2624 2966 2698 3004 20
2740 2947 2989 3028 φυλακῶν
3026 2944 3251 3004 Snidas.
3296 2945 3464 3005 Libri

1928 3035 2194 3118 φυλάκων.
2218 3077 2298 3088 -
2322 3054 2393 3092 21
2436 3032 2504 3093 τὰ
2545 3032 2603 3093 δὲ
2647 3032 2784 3094 ἄλλα
2823 3032 3192 3112 ἱσχιδίασται,
3231 3033 3293 3092 id
3339 3046 3465 3100 est,

1927 3129 2144 3199 reliqua
2169 3143 2306 3181 vem
2333 3121 2640 3195 suntfizlsa
2674 3121 2805 3199 (vel
2817 3123 3000 3195 ficta,
3052 3135 3112 3176 et
3149 3128 3461 3178 commenti·

1928 3210 2048 3289 tia).
2078 3215 2204 3267 Hoc
2226 3209 2381 3267 enim
2405 3227 2573 3266 sensu
2604 3206 2970 3287 σχεδιάζεσθαι
3007 3208 3164 3285 apud
3210 3208 3460 3268 scholia-

1926 3310 2044 3354 stas
2067 3293 2359 3353 interdum
2384 3294 2694 3371 accipitur.
2724 3295 2821 3353 Sic
2851 3293 2924 3351 ad
2963 3298 3136 3370 Vesp.
3179 3314 3239 3351 v.
3282 3297 3461 3370 1169,

1927 3385 1975 3443 εἰ
1995 3383 2051 3442 δὲ
2074 3381 2151 3461 μὴ
2172 3381 2511 3462 ἐσχεδίασται
2535 3380 2597 3440 τὸ
2625 3378 3003 3440 διαλακώνισον
3018 3424 3034 3450 ,
3060 3388 3168 3439 nisi
3196 3380 3465 3439 διαλακώ-

1926 3494 2069 3533 νισον
2095 3485 2184 3529 est
2211 3472 2502 3546 voa-ficta.
2527 3474 2601 3530 Et
2635 3469 2708 3528 ad
2734 3468 2892 3529 Nub.
2927 3489 2982 3527 v.
3009 3471 3123 3546 967
3141 3516 3158 3543 ,
3193 3474 3365 3529 ταῦτα
3407 3468 3465 3528 δὲ

1927 3558 2207 3639 σχεδιάσαι
2234 3556 2389 3618 louet.
2419 3564 2492 3618 Et
2518 3557 2593 3617 ad
2629 3563 2782 3616 Aves
2808 3577 2863 3615 v.
2892 3559 3006 3629 873
3025 3603 3042 3631 ‚
3074 3562 3230 3616 τοῦτο
3261 3555 3318 3616 δὲ
3350 3556 3463 3635 μή-

1925 3671 2055 3708 ποτε
2103 3646 2445 3726 ἐσχεδίασται
2483 3645 2506 3725 (
2520 3650 2593 3706 Et
2622 3645 2700 3704 ib.
2724 3646 2837 3718 557
2857 3690 2873 3719 ,
2913 3644 3250 3725 ἕσχεδίασται
3286 3644 3343 3704 δὲ
3371 3646 3461 3705 ὑπ’

1926 3732 2293 3811 αὐτῶν.)νὶάε
2312 3745 2588 3811 praeterea
2606 3731 2946 3791 scholiasten
2960 3731 3109 3791 infra
3128 3733 3201 3791 ad
3218 3753 3274 3792 v,
3292 3742 3460 3804 1400,

1924 3824 2280 3901 Hesychium
2304 3841 2365 3879 v.
2397 3821 2721 3894 Πιτανάτης.
2749 3824 3096 3882 Kasia—23
3127 3843 3252 3900 sqq.
3284 3820 3462 3881 δύναν·

1922 3934 2029 3970 ται.
2059 3907 2120 3970 τὸ
2144 3907 2201 3967 δὲ
2231 3906 2348 3974 τούς
2395 3906 2632 3989 φύλακας
2677 3907 3016 3991 ἐγρηγορέναι
3042 3908 3253 3968 κώδωσι
3281 3910 3462 3980 διεσή-

1925 4021 2112 4078 μαινον
2133 4043 2151 4072 ,
2178 3995 2323 4063 ὅπως
2347 3996 2795 4078 ἀντιφθέγγωνται
2820 3997 3046 4058 Suidas.
3075 4032 3153 4044 —
3185 4008 3256 4068 αἰ.
3287 3998 3378 4058 καὶ
3400 3998 3461 4058 τὸ

1925 4084 2062 4146 κατὰ
2084 4092 2157 4146 V.

2007 4175 2105 4247 82,
2138 4173 2214 4231 28
2243 4168 2495 4239 ἇπλοϊκός
2519 4194 2599 4239 τις
2628 4171 2720 4232 καὶ
2751 4177 2825 4232 V.
2862 4185 2920 4231 et
2944 4173 3046 4254 γὰρ
3069 4192 3179 4250 pro
3209 4170 3284 4231 δὲ.
3310 4178 3453 4252 Reg.

1924 4260 2175 4331 ἁπλοϊκὸς
2196 4260 2289 4320 καὶ
2314 4260 2528 4342 ἀφελής.

2006 4353 2104 4424 83,
2135 4351 2209 4408 30
2227 4348 2474 4431 τραγικὸς
2493 4372 2552 4409 π.
2574 4351 2704 4410 ΑΙᾶ.
2729 4351 3007 4412 Scholion
3034 4372 3152 4410 om.
3186 4352 3261 4411 Θ.
3294 4355 3458 4410 Μ.-

1926 4440 1959 4496 3
1975 4460 1994 4496 1
2012 4436 2335 4515 Τισαμίνου.
2355 4436 2408 4505 δς
2434 4439 2769 4520 κωμῳδεῖται
2787 4440 2860 4504 εἰς
2882 4444 2955 4497 V.
2982 4438 3070 4498 ἐπὶ
3096 4437 3335 4519 μαλακία
3356 4439 3460 4498 διι-

1922 4526 2151 4586 ὅάλλετο
2168 4527 2398 4586 ΑΙά.-
2430 4529 2504 4586 32
2529 4528 2788 4609 κωμῳδοῦ
2830 4525 2936 4593 υἱὸς
2974 4532 3047 4584 V.
3100 4528 3338 4587 Correxi
3385 4547 3456 4586 ex

1921 4615 2103 4674 Suida
2145 4636 2188 4674 ς.
2227 4612 2491 4693 Ἀγάθων,
2530 4614 2696 4691 cujus
2737 4614 2868 4675 cod.
2904 4614 3079 4673 Paris.
3104 4613 3458 4696 Ακωμῳδιο·

1920 4703 2085 4771 ποιός.
2121 4711 2303 4764 Dum.
2348 4701 2664 4785 Σωκράτους
2702 4704 2927 4763 Suidas.
2974 4701 3339 4761 διδασκαλείου
3385 4710 3455 4763 G.

1922 4794 2263 4854 διδασκαλίου
2301 4798 2367 4854 V.
2408 4791 2727 4851 διδασκάλου
2755 4793 2930 4870 vulgo
2967 4791 3125 4869 apud
3169 4791 3407 4850 Suidam
3439 4812 3455 4851 ε

1921 4883 2023 4944 ted
2044 4882 2161 4941 duo
2177 4880 2345 4940 codd.
2368 4879 2752 4953 διδασκαλείου,
2764 4900 2914 4939 unus
2934 4877 3290 4938 διδασκαλίου.
3306 4880 3454 4938 Hinc

1922 4995 2103 5053 usque
2132 4971 2201 5033 ad
2230 4974 2266 5032 l.
2296 4977 2367 5040 34
2403 4970 2567 5030 sicin
2588 4969 2663 5029 Θ.
2695 4967 2856 5040 Αἰά.,
2875 4966 3108 5033 ποθεινὸς
3126 4974 3234 5033 τοῖς
3258 4964 3454 5043 φίλοιςτ

1919 5072 2031 5132 τοῖς
2073 5069 2268 5143 σοφοῖς.
2311 5051 2458 5127 οὗτος
2492 5058 2549 5118 δὲ
2588 5061 2617 5120 ὁ
2655 5056 2888 5136 Ἁγάθων
2937 5051 3319 5135 κωμῳδοποιὸς
3363 5056 3456 5115 τοῦ

3166 5163 3243 5212 33.
