3859 5725
364 214 476 264 ⁴⁵2
604 245 613 253 .
1494 190 1947 254 ADNOTATIO
1990 191 2070 252 ΙΝ
2112 190 2375 254 scnoL.

442 352 557 391 220
598 330 717 388 haee
755 341 976 386 tantum
1017 324 1194 384 habet
1221 330 1317 394 R„
1357 324 1419 385 τὸ
1453 321 1548 400 μὲν
1586 324 1721 399 μελη
1746 322 1881 402 (scr.
1973 319 2070 399 R.)
2094 320 2284 403 κυρίως
2309 322 2364 380 δὲ
2391 322 2598 402 ἐφολκὶς
2617 322 2857 381 καλεῖται
2882 325 2916 393 ἡ
2941 321 3029 404 ἀφ’
3058 322 3237 406 ἑτέρας
3259 298 3509 394 “3⁹3⁰ss-

361 420 504 498 μελι)
550 416 648 489 τὴν
681 412 983 496 γλυκύτητα
1023 417 1116 471 τοῦ
1152 416 1373 482 ποιητοῦ
1403 410 1670 487 σημαίνει.
1723 406 1785 467 τὸ
1829 409 1885 466 δὲ
1973 406 2171 486 κομένη
2203 406 2289 466 διὰ
2320 409 2642 490 βραδυτῆτα.

360 504 721 589 φρυνιχήρατα
774 501 949 569 τόπος.
1001 500 1063 558 τὸ
1112 498 1169 557 δὲ
1208 501 1365 558 σιδων
1420 497 1481 557 τὸ
1531 496 1686 575 μέλος
1711 496 1882 555 τείνει.

363 629 423 641 -
439 593 514 660 54
549 591 648 664 ἡδὺ
671 591 705 661 ἢ
728 588 794 649 τὰ
834 588 974 666 μέλη
999 588 1132 646 Ald.
1151 623 1215 636 —
1235 589 1268 645 3
1299 584 1532 659 Σιδόνος,
1568 592 1598 653 4
1622 582 1888 650 Σιδονίους

366 687 509 740 Υ...
535 682 569 738 5
605 679 666 739 τὸ
698 680 753 738 δὲ
782 676 905 757 μέλι
940 666 1056 735 εἶπε
1083 675 1446 735 scribendum
1478 676 1710 733 videtur
1735 674 1887 731 Din-

357 769 566 827 dorfio.
592 802 654 816 -
677 769 712 825 8
731 767 1062 846 προλιποῦσα
1085 762 1171 822 τὸν
1192 760 1317 820 ναόν
1341 763 1469 821 Ald.
1493 798 1558 812 --
1592 772 1629 821 9
1659 759 1886 836 legeba-

362 868 458 913 tur
489 856 738 913 λιποῦσα.
770 851 1010 911 Correxi
1041 870 1110 907 ex
1153 850 1469 926 Hesychio,
1497 850 1743 929 Γλυκερῷ
1785 847 1888 906 Σι-

360 940 565 1001 δωνίωε
590 941 766 1020 δρᾶμα
812 936 868 997 δέ
911 938 1051 996 ἐστιν
1089 938 1141 996 ἐν
1189 927 1235 1019 ᾧ
1274 941 1368 1008 τῆς
1405 936 1635 1014 θυμέλης
1667 935 1887 1014 ἄρχεται

359 1028 524 1097 οὕτως
553 1055 577 1082 α
601 1026 853 1090 Σιδώνιον
888 1026 1022 1085 ἄστυ
1058 1025 1292 1092 λιπόντες
1319 1025 1408 1084 καὶ
1447 1022 1696 1105 δροσερὰν
1733 1021 1888 1102 Ἄρα-

358 1119 470 1177 δον.
515 1147 539 1170 ι»
595 1115 818 1195 (Codex
870 1115 1079 1192 καῖδρος
1126 1113 1467 1195 ἐρανάδαρον.
1509 1111 1598 1172 καὶ
1641 1108 1887 1192 δροσερὰν

360 1205 681 1278 Schowius,
709 1202 930 1283 Ἄραδον
975 1202 1084 1260 Τ11.
1125 1201 1460 1278 Bergkius.)
1497 1198 1799 1270 διεὸεὸόητο
1833 1197 1889 1255 δὲ

360 1292 422 1351 τὸ
454 1289 610 1373 με’ρος
635 1295 809 1350 τοῦτο.
840 1295 1023 1348 Dum.
1063 1279 1151 1347 οὗν
1192 1293 1250 1362 ἡ,
1305 1308 1372 1346 12
1401 1291 1496 1358 τῆς
1539 1286 1752 1352 Σιδόνος
1789 1290 1889 1358 V.‚

362 1381 632 1439 omittens
656 1377 745 1437 καὶ
772 1381 865 1435 τοῦ
893 1373 1095 1456 ἂρατόν.

444 1484 583 1539 222,
614 1465 681 1523 13
707 1466 884 1524 Τοῦτο
902 1460 1139 1540 λέγοντες
1161 1464 1386 1521 Victor.
1417 1463 1655 1522 Bekkeri
1677 1474 1736 1519 et
1756 1461 1892 1518 Din-

364 1554 537 1613 dorfii
588 1552 870 1611 editiones
909 1550 1294 1618 ἐπικτείνοντες.
1315 1591 1373 1603 -
1400 1562 1470 1613 14
1495 1550 1586 1610 καὶ
1629 1540 1766 1623 οἶον,
1816 1548 1886 1607 15

367 1644 514 1719 βαλῶ
536 1642 693 1700 Vict.
728 1652 789 1698 et
812 1658 930 1697 om.
962 1636 1096 1697 ἔστι.

455 1749 566 1801 227
590 1718 696 1786 οἷον
725 1723 1079 1807 προσπνέουσι
1110 1730 1184 1784 G.

448 1817 585 1892 230,
608 1815 783 1872 35τοῦ
800 1812 1376 1872 addiditDindorf.-
1392 1813 1463 1885 37
1489 1814 1546 1870 οὗ
1570 1809 1780 1891 (μέντοι
1803 1809 1893 1868 ad·

367 1904 455 1962 dit
473 1904 565 1979 G.)
602 1901 704 1984 πρὸ
720 1906 813 1962 τοῦ
840 1901 891 1979 γ’
910 1898 1111 1967 εὔτονος
1128 1902 1336 1960 v.-38
1358 1898 1793 1982 παροιμιαστικὸν
1812 1905 1884 1957 G.

448 1993 559 2051 233
606 1998 674 2051 R.
701 1989 873 2049 habet
913 1991 1160 2066 glossam
1185 1989 1291 2049 ἀπὸ
1332 1989 1522 2067 δήμου.
1546 2023 1608 2036 -
1634 1998 1708 2058 40
1736 1990 1892 2049 Παν-

369 2079 579 2146 διονίδος
597 2086 669 2138 G.
700 2077 1049 2144 Πανδιωνίδος
1067 2083 1140 2137 V.
1175 2076 1459 2144 Πανδίονος
1483 2076 1616 2138 Ald.

450 2169 560 2236 234
597 2172 663 2225 R.
693 2165 869 2224 habet
906 2167 1151 2242 glossam
1181 2164 1366 2237 Χοίὸης
1403 2164 1711 2248 στρατηγός.
1735 2201 1797 2214 -
1818 2165 1889 2232 43

367 2253 729 2330 Πτολεμαΐδος
756 2253 928 2311 etiam
956 2253 1295 2329 Hesychius.
1338 2257 1521 2311 Antea
1559 2252 1892 2330 Cecropidis

369 2342 480 2399 suit
519 2362 532 2397 :
579 2341 709 2399 vide
751 2340 1111 2417 Stephanum
1163 2346 1298 2416 Byz.
1348 2353 1407 2397 et
1444 2344 1785 2417 Harpocrat.
1834 2351 1893 2398 et

368 2441 806 2487 monumentum
839 2426 1092 2488 Atticum
1127 2428 1285 2506 apud
1324 2428 1551 2486 Boeckh.
1585 2428 1703 2485 vol.
1743 2448 1794 2503 1,
1826 2447 1887 2504 p.

370 2517 503 2590 309.
537 2520 719 2574 Dum.

450 2603 587 2677 238,
617 2601 692 2660 50
718 2601 1027 2683 ἐχειρόμεθα
1063 2607 1164 2673 V.‚
1195 2623 1310 2660 non
1345 2606 1418 2659 G.
1444 2600 1602 2682 λόφον
1629 2605 1697 2660 V.
1732 2644 1792 2654 -
1819 2601 1888 2660 51

367 2689 655 2761 ἐποιήσατε
687 2695 776 2761 V.‚
797 2710 914 2749 non
933 2696 1006 2748 G.
1027 2728 1090 2742 --
1116 2691 1187 2748 53
1209 2689 1431 2770 τρίποδα
1449 2695 1518 2748 V.

452 2780 566 2855 239
608 2784 679 2838 R.
725 2777 900 2838 habet
933 2779 1181 2854 glossam
1219 2776 1397 2847 αὐτὸν,
1435 2775 1522 2835 τὸν
1567 2777 1752 2854 ὅλμον.
1776 2779 1895 2835 -6

363 2866 616 2949 κόρκυρος
638 2871 711 2928 V.
731 2906 794 2916 —
816 2890 847 2940 7
878 2866 1158 2947 λαχάνοισι
1176 2873 1246 2925 V.
1280 2881 1339 2925 et
1368 2867 1701 2945 Hephaestio
1726 2888 1787 2946 p.
1819 2868 1893 2935 46

367 2951 620 3032 λαχάνοις
638 2954 772 3011 ΑΙά.
793 2967 851 3013 et
866 2953 1069 3012 Suidas
1096 2974 1141 3012 s.
1172 2951 1458 3037 Κόρχορος.

453 3051 588 3116 240,
618 3043 685 3100 13
719 3042 852 3102 vide
874 3042 1122 3101 Diodor.
1166 3062 1254 3115 12,
1279 3042 1373 3111 54.

449 3137 587 3201 241,
622 3149 693 3206 19
721 3129 850 3190 εἰσὶν
874 3127 1106 3207 οἶγλυκοὶ
1134 3133 1199 3187 V.
1227 3132 1276 3188 οἱ
1296 3128 1478 3207 γλυκοὶ
1505 3133 1577 3187 G.

450 3220 586 3290 243,
610 3220 684 3274 26
708 3214 915 3285 ἔπαιξεν
943 3208 1033 3277 οὗν
1055 3222 1127 3275 V.

450 3306 587 3378 248,
601 3306 675 3362 28
691 3306 832 3385 αὐτῷ
848 3312 986 3364 G.--
999 3326 1073 3381 29
1086 3303 1275 3384 λύχνον
1291 3303 1530 3386 φύροντες
1550 3325 1662 3363 om.
1677 3308 1888 3366 V.Al‹l.

369 3394 487 3472 ὀρχ.
512 3393 688 3464 πληθῆ
713 3393 846 3469 (scr.
871 3394 1106 3471 πλησθῇ)
1124 3399 1193 3450 V.
1210 3394 1495 3470 πληθυνθῇ.
1519 3398 1591 3450 G.
1616 3434 1675 3444 -
1699 3396 1766 3450 31
1795 3393 1898 3477 γὰρ

370 3498 488 3536 om.
515 3479 745 3536 V..-32
773 3477 957 3559 μικρὸν
983 3483 1052 3537 V.
1095 3477 1339 3560 διμίτρου
1376 3478 1743 3550 ἀκαταλήκτου
1768 3486 1898 3541 Din-

371 3565 606 3626 dorfius.
640 3565 963 3643 Legebatur
985 3565 1263 3646 τριμέτρου
1287 3567 1652 3636 ἀντιληκτικοῦ
1665 3567 1897 3646 (ἀντιλη-

366 3655 498 3709 αιτοῦ
526 3650 640 3729 V.).

456 3747 601 3815 249,
628 3740 699 3810 37
719 3737 1018 3818 προμύσσει
1039 3759 1157 3797 om.
1191 3745 1260 3796 V.

456 3827 600 3899 250,
647 3835 716 3896 41
758 3826 1119 3888 scribebatur
1153 3825 1492 3907 προθύσσειν.
1547 3829 1634 3888 Ex
1677 3830 1896 3891 scholio

372 3919 703 3974 Ravennate
747 3934 802 3972 v.
862 3923 977 3991 249
1036 3927 1282 3993 apparet
1324 3917 1728 3991 grammaticos
1779 3937 1894 3977 non

371 4001 632 4083 πρόὸυσον
649 4047 667 4076 ,
699 4001 798 4061 sed
825 4000 1085 4083 πρόμυξον
1111 4005 1329 4080 legisse.
1372 4008 1554 4061 Dum.

457 4091 592 4164 257,
625 4092 658 4148 3
688 4089 920 4167 ᾇττάγην
950 4096 1023 4149 G.

456 4180 591 4250 262,
622 4199 693 4254 19
718 4175 897 4258 σκνιψὶ
919 4177 1269 4237 Diodorfius.
1291 4177 1451 4259 σκῆψ’
1474 4182 1546 4236 V.
1574 4178 1795 4260 σκηψιὸν
1815 4184 1887 4238 G.

374 4265 565 4347 σκήψει
588 4266 720 4324 Ald.
774 4264 924 4344 σκιψὶ
969 4271 1197 4326 Portus.
1242 4267 1421 4333 ἓοικῶς
1452 4272 1604 4325 V.—
1627 4251 1709 4324 ⁹22
1757 4289 1896 4346 περι-

373 4351 576 4434 κρούειν
609 4351 979 4435 (παρακρούειν
1002 4355 1104 4431 G.)
1125 4353 1214 4416 τὸν
1242 4353 1431 4434 λύχνον
1464 4355 1554 4414 καὶ
1592 4364 1759 4414 ποιεῖν
1780 4354 1899 4422 τοὺς

375 4445 661 4521 σπινθῆρας
696 4445 768 4499 V.
795 4478 859 4492 -
897 4441 970 4497 23
1011 4441 1373 4501 scribebatur
1402 4442 1585 4515 ἄδδην.
1630 4443 1896 4502 Glossam

375 4532 653 4610 σπινθῆρες
677 4528 853 4587 habet
867 4531 937 4585 R.
1737 4553 1750 4566 ἡ

458 4618 602 4690 264,
638 4618 711 4674 28
755 4637 872 4696 seq.
914 4605 972 4675 εὖ
1017 4612 1074 4676 δὲ
1095 4615 1159 4675 τὸ
1182 4616 1461 4699 γεωργικὸν
1489 4607 1612 4689 ἧθος
1635 4619 1892 4698 ἐμφαίνει.

377 4703 524 4784 μέλει
545 4701 648 4784 γὰρ
679 4705 851 4770 αὐτοῖς
878 4707 983 4762 τῶν
1006 4707 1223 4787 καρπῶν
1247 4710 1318 4764 V.

460 4794 594 4866 268,
661 4794 731 4862 37
762 4790 942 4871 ἑτέρας
975 4792 1225 4871 μεγίστης
1269 4791 1396 4860 νεὼς
1422 4795 1554 4853 Ald.
1603 4795 1691 4854 Ad
1744 4797 1898 4855 hunc

378 4902 432 4941 v.
482 4894 756 4959 praeterea
811 4882 922 4938 hoc
986 4882 1247 4940 scholion
1312 4883 1490 4942 habet
1553 4889 1623 4941 V.
1676 4886 1895 4963 ἐφελκό-

375 4991 528 5045 μενος
582 4967 681 5026 ὑπὸ
737 4969 1073 5051 βραδυτῆτος.
1131 4971 1314 5048 (Hanc
1365 4970 1442 5048 gl.
1502 4970 1674 5029 habet
1725 4972 1896 5031 etiam

2055 517 2170 569 270
2201 496 2374 556 habet
2415 503 2483 555 R.
2518 498 2761 574 glossam
2789 496 2961 557 λείπει
2998 495 3347 577 μέλος-45
3388 520 3513 559 m—

1976 581 2195 664 ρῳδίκα,
2226 586 2295 642 51
2325 582 2381 643 δὲ
2408 583 2628 665 ἔξῳδικὰ
2651 584 2780 646 Ald.

2056 692 2165 743 ²77
2198 676 2268 730 R.
2294 671 2469 751 hebet
2499 674 2746 750 glossam
2770 670 2859 730 τὸν
2887 672 3129 751 βουὸῶνα
3149 673 3330 732 πάθοι.

2056 759 2169 833 278
2188 764 2258 818 R.
2279 760 2452 819 habet
2465 762 2709 838 glossam
2733 763 2828 821 οὐκ
2845 763 3103 831 ἠπατᾶτο.

2057 868 2172 924 279
2222 849 2303 905 sic
2339 849 2400 906 in
2447 853 2543 920 V.‚
2567 847 2753 923 ὁπότε,
2797 848 2959 929 φησὶ,
3004 851 3353 930 παρεκαλεῖτο
3401 847 3504 909 ὑπό

1975 956 2110 1001 τινος
2139 934 2220 1013 ἐφ’
2239 932 2418 1015 ἑτέραν
2443 932 2627 1015 πρᾶξιν
2656 939 2888 1016 ὁρμῆσαι
2910 935 2997 995 ἐπὶ
3019 940 3113 1007 τῆς
3134 935 3221 1013 (τὰ
3239 937 3333 1016 G.)
3355 938 3505 996 κάτω

1974 1019 2187 1081 κύπτων
2234 1021 2379 1102 ἔλεγε
2412 1024 2555 1082 λίθον
2609 1026 2762 1104 ἕψεῖς.
2800 1023 3058 1104 παροιμία
3104 1023 3496 1102 δί-γενέσθαι.

1975 1107 2071 1179 τὴν
2103 1110 2390 1191 παροιμίαν
2437 1109 2609 1189 ἔλεγεν
2628 1155 2644 1182 ,
2684 1110 2898 1170 πλίνθον
2936 1109 3148 1179 πλύνεις
3172 1110 3271 1173 καὶ
3305 1111 3502 1193 χύτραι

1976 1197 2278 1263 ποικίλλεις.
2314 1198 2431 1257 ἀντὶ
2453 1204 2548 1257 τοῦ
2558 1198 2936 1280 ’ἐδωροδοκεῖτο
2970 1199 3072 1258 ὑπὸ
3092 1202 3199 1257 τῶν
3226 1197 3503 1276 δικαζομέ-

1977 1308 2077 1342 νων
2111 1283 2261 1344 κᾶτω
2300 1284 2542 1360 κύπτων,
2580 1285 2721 1353 ὅπως
2768 1284 2831 1345 ἂν
2863 1285 2940 1363 μὴ
2978 1287 3236 1359 αἰδεσθείη
3278 1284 3365 1345 διὰ
3396 1289 3523 1347 πῖν-

1977 1374 2278 1454 ὀφθαλμῶν.
2312 1375 2402 1432 Ad
2433 1387 2770 1452 sequentem
2794 1394 3027 1434 versum
3053 1379 3122 1433 R.
3148 1373 3325 1432 habet
3349 1376 3501 1453 glos-

1980 1481 2101 1518 sam
2130 1459 2191 1519 τὸ
2216 1462 2589 1542 παροιμιῶδες.

2059 1550 2195 1618 281,
2235 1569 2305 1624 19
2343 1570 2429 1627 sq.
2466 1547 2826 1631 διαφεύγοντος
2863 1544 2960 1621 τὴν
2990 1548 3138 1621 δίκην
3159 1546 3316 1629 φησὶν
3350 1548 3500 1607 αὐτὸν

1978 1637 2308 1707 ὧδυνηθῆναι
2340 1637 2468 1695 Ald.
2497 1636 2586 1694 καὶ
2619 1650 2752 1696 ante
2795 1661 2916 1696 κακ.
2960 1658 3076 1696 om.
3100 1643 3201 1709 V.‚
3233 1635 3403 1693 habet
3431 1639 3498 1694 G.

2060 1727 2194 1793 283,
2227 1745 2298 1782 22
2329 1724 2626 1801 legebatur
2664 1725 2752 1784 ἐπὶ
2793 1723 3143 1806 Περικλέους,
3180 1737 3499 1783 correctum

1979 1833 2050 1871 ex
2074 1812 2295 1870 scholio
2332 1812 2622 1870 inferiore.
2646 1848 2711 1860 -
2734 1813 2927 1873 23-38
2975 1813 3242 1890 proximo
3285 1811 3527 1873 scholio·

1980 1901 2281 1978 postponit
2308 1904 2376 1956 V.
2408 1900 2490 1957 sic
2519 1901 2735 1977 scripta
2757 1898 2832 1957 ab
2856 1900 3051 1972 initio,
3084 1895 3300 1965 Ἄλλως.
3324 1900 3502 1969 Μιλη-

1980 1987 2107 2045 σίων
2146 1985 2274 2045 ποτὲ
2316 1983 2449 2062 μετὰ
2490 1985 2710 2062 Σαμίων
2741 1985 3057 2065 μαχομένων
3097 2000 3208 2046 ete.
3236 2029 3294 2040 -
3322 2006 3395 2057 27
3423 1987 3495 2044 Π.

1979 2075 2285 2142 ἀπελθόντες
2312 2080 2383 2133 V.
2411 2117 2472 2126 -
2515 2094 2587 2150 29
2624 2076 2794 2132 αὐτῶν
2833 2075 2924 2132 vel
2962 2073 3267 2133 delendum
3312 2075 3402 2133 vel
3440 2074 3499 2131 in

1980 2163 2152 2228 αὐτοῖς
2179 2160 2516 2220 mutandum
2559 2161 2827 2220 observat
2865 2162 3136 2221 Dindorf.
3155 2201 3218 2212 —
3241 2164 3314 2237 37
3345 2163 3500 2233 Φιλ.,

1981 2249 2093 2309 ἐπεὶ
2118 2250 2324 2331 φιληδεῖ
2343 2257 2456 2316 ταῖς
2476 2250 2801 2323 καταδίκαις,
2834 2252 2911 2327 39
2935 2251 3223 2330 Δορυχίδου
3237 2295 3254 2324 ,
3271 2259 3350 2318 42
3376 2251 3504 2311 ἐπα·

1979 2336 2210 2416 γόμενοι,
2257 2341 2329 2406 43
2377 2336 2466 2396 καὶ
2510 2336 2838 2419 ἕνφρούριον,
2886 2341 2959 2407 46
2994 2339 3399 2420 προσαγγελθεῖ,
3428 2346 3497 2409 47

1979 2431 2209 2485 τοιοῦτον
2239 2425 2301 2485 ἂν
2324 2432 2393 2485 V.
2408 2466 2470 2476 —
2490 2429 2562 2494 48
2587 2425 2750 2504 λέγων
2782 2427 3016 2504 conjicit
3038 2428 3384 2489 Dindoriius.

2063 2518 2198 2591 289,
2230 2536 2262 2572 2
2296 2528 2428 2593 post
2456 2512 2820 2596 παρεπομένου
2839 2515 2993 2575 addit
3034 2515 3167 2577 Ald.
3212 2516 3302 2575 καὶ
3344 2514 3504 2594 ἐγχύ-

1983 2623 2154 2682 τριαι,
2180 2604 2233 2659 αἱ
2259 2600 2350 2667 τὰς
2377 2600 2505 2683 χοὰς
2541 2610 2648 2670 τοῖς
2681 2603 3100 2675 τετελευτηκόσιν
3140 2602 3498 2685 ἐπιφέρουσα.

1985 2690 2166 2758 Μίνως
2189 2688 2223 2761 ἢ
2250 2690 2372 2772 περὶ
2398 2692 2580 2771 νόμου.
2610 2689 2786 2770 ἔλεγον
2821 2692 2878 2751 δὲ
2903 2692 2991 2751 καὶ
3014 2691 3075 2751 τὸ
3105 2693 3307 2773 βλάψαι
3334 2715 3505 2751 κατα-

1981 2779 2246 2858 χυτρίσαι,
2262 2781 2332 2844 ὥς
2347 2778 2558 2860 ἑτέρωθι
2583 2778 2632 2838 Ἀ
2643 2779 2967 2862 ριστοφάνης.
2991 2779 3269 2863 ἔγχυτρίας
3286 2778 3341 2838 δὲ
3366 2779 3481 2857 λέγι
3497 2813 3509 2823 ·

1985 2869 2105 2923 σθαι
2130 2865 2219 2924 καὶ
2255 2864 2376 2925 ὅσαι
2413 2866 2530 2934 τοὺς
2573 2868 2771 2946 ἐναγεῖς
2811 2868 3177 2949 καθαίρουσιν,
3216 2858 3349 2945 αἷμα
3393 2871 3505 2928 ἑπι-

1983 2952 2200 3033 χέουσαι
2223 2954 2408 3035 ἱερείου
2439 2953 2529 3013 καὶ
2566 2952 2657 3020 τὰς
2695 2955 3024 3038 θρηνητρίας.
3061 2954 3141 3014 ἔτι
3181 2980 3242 3032 γε
3268 2954 3377 3033 μὴν
3416 2956 3502 3016 καὶ

1982 3039 2073 3107 τὰς
2112 3041 2270 3121 μαίας
2287 3040 2378 3109 τὰς
2405 3042 2691 3109 ἐκτιθείσας
2715 3045 2766 3101 ἕν
2803 3042 3021 3125 χύτραις
3056 3040 3124 3101 τὰ
3154 3041 3342 3125 βρέφη.
3374 3049 3508 3118 Quae

1985 3136 2257 3190 Musurus
2285 3132 2525 3189 inseruit
2554 3150 2626 3188 ex
2648 3130 2822 3189 Suida
2847 3152 2894 3192 s.
2921 3131 3370 3213 Ἐγχυτρίστριαι.
3392 3133 3505 3189 ..5

1988 3221 2144 3296 Αἶα-χ.
2169 3215 2331 3294 λαξω,
2360 3214 2451 3276 καὶ
2474 3215 2752 3297 ἐγχυτρίας
2780 3221 2847 3276 V.

2068 3310 2200 3379 300,
2234 3305 2300 3362 15
2334 3304 2477 3370 ὄντος
2501 3324 2614 3362 om.
2639 3309 2709 3361 R.
2732 3342 2794 3355 -
2829 3306 2896 3364 18
2932 3305 3240 3383 Phrynichi
3280 3325 3509 3368 versum

1986 3396 2067 3453 sic
2120 3393 2352 3471 corrigit
2399 3397 2787 3467 Hermannus,
2842 3392 3120 3474 τριώὸολόν
3161 3393 3244 3472 γ’,
3286 3392 3508 3476 ὅσουπερ

1986 3481 2291 3557 ἡλιᾶζομαι.

2068 3570 2183 3626 306
2218 3574 2282 3624 R.
2323 3566 2462 3626 nihil
2511 3567 2621 3624 nisi
2664 3566 2773 3625 hoc
2819 3566 3023 3639 habet,
3065 3566 3322 3650 πορισμὸν
3370 3566 3509 3646 λέγει

1984 3654 2129 3737 παρὰ
2163 3652 2225 3713 τὸ
2269 3651 2587 3734 Πινδαρικὸν
2623 3652 2962 3734 ὑπερπόντιον
2995 3653 3117 3722 m<
3154 3656 3283 3735 (sic)
3328 3654 3505 3736 πῲον.

1985 3745 2133 3801 -28
2154 3742 2297 3824 Πρὸς
2318 3740 2407 3800 τὸν
2428 3740 2586 3822 πόρον
2617 3740 2861 3821 βούλεται
2882 3741 3052 3822 λέγειν
3090 3733 3196 3804 οἷον
3234 3744 3505 3822 πορισμόν.

1985 3830 2137 3903 ἐπήν.
2161 3836 2256 3902 V.‚
2278 3851 2349 3888 ex
2375 3850 2494 3907 quo
2519 3849 2593 3905 29
2626 3828 2687 3890 τὸ
2712 3829 2916 3897 Ἕλλας
2948 3833 3123 3909 (ἑλλᾶς
3142 3831 3350 3909 codex)
3373 3830 3505 3910 ἱερὸν

1986 3919 2341 3978 additum..-
2369 3920 2443 3976 30
2484 3917 2797 3998 πανδείματι
2842 3919 2973 3978 Ald.
3021 3926 3401 3997 Corruptum,
3442 3931 3507 3976 ut

1987 4007 2241 4078 videtur,
2284 4026 2357 4064 ex
2400 4015 2506 4065 πᾶν
2531 4008 2684 4084 δεῖμα
2723 4005 2836 4082 τοὶ,
2879 4009 3160 4065 sententia
3205 4018 3393 4065 autem
3432 4005 3507 4066 ab

1985 4095 2290 4154 scholiasta
2323 4115 2441 4152 non
2476 4096 2694 4173 integra
2722 4108 2808 4153 est
2834 4095 3099 4173 apposita
3136 4117 3150 4153 :
3195 4116 3325 4153 nam
3351 4096 3507 4154 deest
3572 4131 3609 4148 .-

1986 4183 2247 4244 verbum.
2279 4185 2458 4239 Dum.
2484 4180 2613 4262 ὑπὲρ
2650 4182 2858 4242 πόντιον
2904 4184 3221 4243 Boeckhius.
3251 4182 3507 4264 ὑπερπόν-

1985 4294 2093 4331 τιον
2118 4267 2314 4335 Ἑλλὰς
2333 4276 2400 4327 V.
2433 4269 2564 4327 Ald.

2067 4361 2213 4429 313,
2242 4358 2315 4416 35
2345 4360 2448 4415 τῶν
2478 4355 2820 4435 Μινοταύρων
2859 4365 2930 4417 G.
2966 4360 3043 4440 τῷ
3086 4359 3509 4443 Μινωκενταύρςρ

1988 4449 2112 4508 ΑΙιΙ.
2146 4447 2337 4526 Pergit
2365 4450 2433 4503 V.
2472 4445 2562 4504 καὶ
2593 4453 2749 4506 τοῦτο
2775 4445 2920 4528 παρὰ
2945 4445 3012 4507 τὰ
3038 4447 3099 4507 3³}
3129 4445 3370 4520 Θησέως.
3400 4449 3513 4510 ἔστι

1986 4532 2041 4592 δὲ
2067 4532 2374 4597 Ἱππόλυτος
2392 4534 2420 4589 ὁ
2440 4530 2611 4610 λέγων
2638 4539 2834 4608 ταῦτα,
2857 4533 3104 4608 ἀνόνητον
3128 4533 3211 4613 ἄγ.
3234 4540 3307 4593 V.

2068 4621 2099 4679 3
2114 4620 2182 4678 15
2203 4617 2377 4678 habet
2399 4623 2464 4675 V.

2068 4709 2202 4780 321,
2247 4716 2317 4780 47
2363 4705 2661 4783 legebatur
2696 4705 2833 4776 Τοὺς
2874 4707 3059 4775 κάδους
3097 4711 3190 4780 τῆς
3220 4703 3516 4791 κλεψύδρας

1987 4796 2106 4875 (τὴν
2130 4795 2422 4878 κλεψύδραν
2444 4797 2555 4872 V.).
2579 4800 2674 4868 τῆς
2701 4795 2989 4876 κλεψύδρας
3018 4796 3257 4855 fortasse
3286 4818 3513 4874 praece-

1985 4886 2148 4943 denti
2188 4884 2408 4943 scholio
2453 4884 2810 4955 addendum,
2843 4897 3124 4944 commate
3166 4898 3299 4964 post
3332 4882 3517 4964 ἔλεγον

1987 4974 2197 5052 posito.
2225 4977 2407 5031 Diuo.
2434 5007 2496 5020 -
2518 4980 2592 5048 49
2620 4973 2680 5030 ἐκ
2699 4970 2754 5030 δὲ
2771 4969 2955 5030 τούτου
2978 4975 3042 5030 V.
