3859 5725
1560 227 1834 292 AVIUM.
3162 222 3279 277 493

239 378 373 433 1288
393 373 476 433 sic
500 370 561 431 in
585 370 706 430 Ald.
722 415 738 445 ,
759 369 829 436 ὣς
858 365 1281 444 ἐπὶ-λειμῶνας.
1306 357 1485 429 ἔπαιξε
1511 357 1567 417 δὲ
1593 360 1664 424 εἷς

163 460 403 542 -βι6λία,
422 457 689 520 τουτέστιν
710 459 781 524 εἷς
800 455 868 516 τὰ
887 454 1225 538 ψηφίσματα.

239 550 394 625 1289,
428 549 498 617 45
535 568 645 628 pro
667 567 795 606 voc.
824 544 1045 604 διελόντι
1066 548 1136 601 Β.
1166 538 1276 613 διὰ,
1303 540 1377 595 V.
1402 533 1558 594 διατί.

237 655 395 713 1292,
430 636 501 695 53
532 635 621 694 καὶ
655 634 818 706 ἀηδής
842 633 967 692 Ald.
993 664 1071 677 —
1100 631 1171 697 54
1204 627 1405 711 εἴρηται
1434 629 1534 697 V.,
1563 621 1664 701 qui

167 744 187 781 1
221 744 321 781 om.
354 722 571 791 Ἄλλως.
612 758 690 769 —-
719 724 754 780 6
791 720 883 780 καὶ
925 718 1000 798 μὴ
1034 716 1223 792 Πέρδιξ
1255 712 1377 797 χθὲς
1407 706 1472 787 ἦν
1491 708 1665 791 χωλός

161 814 220 869 Β.
246 810 291 887 γ’
314 816 619 871 Porsonus.
648 809 975 887 Legebatur
999 805 1122 887 γὰρ.

1749 356 1868 415 haec
1882 356 2020 414 olim
2036 354 2426 414 inser-iuslecta
2439 363 2571 410 sunt
2589 361 2724 430 post
2751 345 3014 431 Φρύνιχος
3024 347 3077 404 ἐν
3094 343 3286 427 Ἐφιά-

1750 446 1866 523 λτῃ.
1890 444 2042 503 Vide
2067 442 2267 501 Cobet.
2294 442 2329 499 1.
2353 463 2400 499 0.
2429 446 2607 500 Dum.
2636 435 2910 517 ἀλέκτορος
2928 440 3001 492 V.
3027 431 3286 515 ἀλέκτορα

1751 536 1818 592 G.
1843 579 1906 591 ..
1941 532 2010 589 51
2046 531 2102 588 δὲ
2139 529 2229 588 καὶ
2270 531 2341 595 εἷς
2372 534 2443 587 V.
2465 574 2529 587 ...
2557 523 2759 596 κλοπὴν
2783 523 3168 584 Schneiderus
3196 527 3286 580 De

1753 620 1958 678 5011011.
1986 619 2164 677 Arist.
2194 637 2253 695 p.
2281 637 2375 689 77.
2408 614 2571 673 Libri
2594 613 2808 681 κλοπῆς.
2835 656 2896 666 -.
2924 610 2996 667 53
3028 630 3290 685 συκοφαν-

1751 706 1869 766 τίαν
1920 706 2274 764 Dindorfius.
2343 701 2666 779 Legebatur
2709 693 3047 777 συκοφαντίᾳ.
3095 739 3158 751 ...
3210 694 3284 762 54

1754 794 2117 853 scribebatur
2138 791 2423 870 Ἐπιάλτῃ.
2442 794 2471 849 6
2491 785 2761 847 δὲ-ἐώκει
2776 805 2893 843 om.
2912 786 2980 842 G.
3000 819 3063 831 —
3090 804 3108 838 1
3141 780 3288 861 ιᾔκειν

238 907 395 973 ¹294,
433 908 499 968 14
525 903 554 959 6
580 895 672 965 τὰς
703 896 1019 962 Ἀταλάντας
1039 893 1261 974 γράψας.
1286 890 1444 949 Idem
1474 900 1665 968 poeta,
1753 888 1823 941 V.
1854 882 2005 955 ἤῖκον
2040 883 2170 942 Ald.
2202 928 2264 939 ...
2304 902 2337 939 2
2377 882 2430 938 έν
2470 899 2584 937 0111.
2613 881 2678 934 V.
2702 919 2766 932 ....
2796 883 2828 942 4
2858 869 3124 936 Διονύσιος
3173 868 3228 928 δὲ
3262 874 3291 930 6

159 985 433 1060 diversus,
466 1001 530 1044 ut
553 986 804 1060 videtur,
832 1006 866 1044 a
884 983 1192 1055 Strattide,
1218 980 1319 1058 qui
1345 979 1664 1038 Atalantam

157 1074 394 1152 scripsit,
429 1075 638 1132 citatur
669 1074 743 1132 ab
769 1074 1063 1151 Hesychio
1093 1091 1137 1130 s.
1165 1072 1669 1147 Διονυσιοκουροπυ-

157 1160 336 1242 ρώνων.
364 1168 544 1220 Dum.
572 1163 740 1222 Conf.
780 1162 1029 1220 Meinek.
1060 1160 1207 1218 Hist.
1233 1164 1394 1216 Com.
1429 1174 1490 1233 p.
1531 1151 1665 1211 225.

159 1282 225 1294 -
267 1249 327 1307 15
355 1248 630 1330 Ταξιάρχῃ
664 1256 732 1311 V.
773 1248 1102 1329 Ταξιάρχαις
1140 1247 1270 1306 Ald.
1310 1278 1389 1290 —
1437 1265 1503 1316 17
1543 1238 1670 1301 αὐτὸ

1757 968 2023 1050 Ζώπυρος.
2071 970 2191 1027 Nisi
2236 966 2542 1045 legendum
2582 968 2881 1038 Dionysius
2923 974 2981 1017 et
3018 963 3289 1035 Zopyrus.

1756 1065 1903 1121 Nam
1922 1071 1988 1117 ut
2008 1059 2271 1116 Laertius
2293 1058 2351 1128 6,
2390 1075 2527 1127 100,
2560 1063 2740 1124 notat,
2767 1049 3080 1125 Dionysius
3104 1059 3162 1105 et
3182 1051 3294 1104 Zo-

1758 1167 1937 1227 pyrus
1977 1145 2331 1223 Colophonii
2371 1144 2481 1202 sub
2525 1139 2786 1218 Menippi
2833 1136 3020 1213 cynici
3062 1135 3295 1193 nomine

1756 1234 1938 1292 libros
1984 1232 2306 1290 ediderunt.
2352 1235 2662 1290 Functus
2731 1226 2877 1283 Bibl.
2929 1229 3031 1284 Gr.
3077 1225 3192 1282 vol.
3238 1244 3295 1296 2,

153 1342 222 1394 V.
246 1369 319 1382 --
346 1357 420 1396 20
446 1352 578 1416 post
606 1336 870 1416 Αἴγυπτον
898 1336 1237 1396 exciderunt
1263 1331 1496 1409 syllabae
1534 1343 1669 1403 treS,
1761 1342 1816 1399 p·
1848 1327 1960 1379 80²
1993 1321 2070 1397 (4,
2091 1341 2147 1399 Ρ·
2204 1321 2316 1388 4¹3
2343 1318 2434 1376 ed·
2460 1313 2725 1393 Harles·)·
2747 1360 2810 1372 —
2840 1313 2873 1371 5
2898 1316 3062 1371 εἷπεῖν
3082 1314 3299 1394 ὄρτυγο-

151 1426 300 1483 velut
317 1424 524 1504 ἄγοντα.
554 1424 776 1509 φέροντα
794 1427 986 1493 οἰκείας
1009 1423 1171 1494 λέξεις
1189 1422 1419 1500 scripsit
1439 1427 1669 1492 PortuS,
1759 1407 1968 1486 κόμπου
1995 1411 2062 1466 V·

151 1515 450 1587 sententiae,
482 1535 600 1573 non
622 1528 807 1574 metro
824 1517 1141 1574 consulens.
1165 1517 1349 1571 Dum.
1381 1556 1445 1567 -
1480 1529 1554 1566 20
1573 1508 1668 1588 Κρ.

150 1601 333 1668 δειλίας
354 1608 424 1660 V.
456 1601 686 1662 τούτοισι
718 1603 765 1661 δ’
790 1603 1091 1662 Dobraeus.
1122 1597 1448 1678 Legebatur
1473 1593 1692 1662 τούτοις

149 1689 222 1748 δὲ.
257 1687 420 1771 φέρων
451 1691 629 1773 δίφρον
658 1691 788 1748 Ald.
823 1698 893 1750 V.
918 1691 1169 1749 Meinek.
1215 1693 1380 1748 Com.
1408 1690 1470 1758 1,
1504 1705 1564 1764 p.
1598 1686 1665 1742 31

149 1799 234 1856 sq.
263 1823 324 1836 ...
352 1796 427 1834 22
464 1780 536 1838 Κι
614 1776 841 1854 σόδημος
868 1782 934 1836 V.

233 1871 409 1945 1295,
437 1877 510 1935 24
578 1890 606 1925 ν
636 1886 753 1924 0111.
781 1871 846 1926 V.
870 1869 923 1924 ἐν
953 1867 1028 1945 τῷ
1062 1862 1172 1924 ἄνω
1200 1861 1331 1922 Ald.
1360 1881 1474 1920 om.
1502 1865 1571 1918 V.
1595 1892 1673 1904 —

148 1955 224 2012 25
253 1952 305 2011 δὲ
329 1953 417 2013 καὶ
450 1959 518 2013 Β.
559 1953 691 2012 Ald.
723 1961 860 2013 Post
892 1944 958 2024 ἧν
991 1957 1057 2009 V.
1093 1951 1219 2010 Ald.
1248 1948 1338 2009 καὶ
1368 1970 1482 2008 0111.
1507 1995 1569 2005 ...
1597 1968 1669 2020 27

147 2039 229 2099 διὸ
247 2061 356 2099 0111.
379 2047 453 2101 V.
482 2074 563 2086 -·
587 2042 661 2099 28
686 2040 766 2100 ὅτι
793 2043 852 2100 οὗ
878 2039 1035 2119 μόνον
1065 2038 1364 2119 (ὁμώνυμον
1401 2036 1497 2117 V.)
1523 2036 1675 2095 ἀναί-

147 2133 335 2201 σθητον
354 2175 371 2208 ,
393 2134 547 2188 τοῦτο
572 2127 673 2211 γὰρ
701 2130 821 2210 (γὰρ
839 2134 993 2188 τοῦτο
1014 2131 1107 2206 V.)
1141 2126 1232 2185 καὶ
1260 2125 1478 2207 φανερὸν
1497 2169 1513 2197 ,
1539 2123 1675 2184 ἀλλὰ

144 2216 237 2275 καὶ
251 2216 688 2297 πονηρόνῪ.Α1ἀ.
713 2261 776 2273 .-
805 2237 880 2293 29
894 2215 1166 2296 Θεαγένην
1181 2213 1274 2273 καὶ
1288 2211 1589 2285 Φιλοκλέην
1607 2220 1675 2273 R.

234 2309 410 2381 1296,
453 2309 527 2365 3ο
570 2304 856 2384 Αἰγύπτιον
884 2311 954 2366 V.
987 2350 1050 2361 ...
1086 2309 1155 2364 31
1191 2303 1579 2386 μακροσκελοῧς
1606 2308 1674 2363 Β.

146 2391 535 2475 μακρυσκέλους
568 2397 642 2452 V.
692 2391 1074 2475 μακρισκέλους
1100 2399 1174 2453 G.
1205 2439 1269 2452 ..
1293 2393 1366 2450 32
1393 2389 1559 2469 μέγας
1585 2390 1676 2450 καὶ

144 2482 320 2563 ἰσχνὸς
341 2484 471 2544 Ald.
503 2481 615 2542 ἔστι
640 2481 695 2542 δὲ
720 2486 878 2567 Χαιρ.
903 2489 972 2543 R.

233 2591 376 2648 1297
397 2617 414 2646 ,
454 2574 639 2641 35-43
668 2572 833 2631 sicin
857 2579 959 2645 Β.,
993 2574 1194 2632 Τοῦτον
1226 2568 1318 2632 καὶ
1357 2568 1587 2639 Εὔπολις
1608 2571 1678 2637 ὣς

144 2657 305 2717 λάλον
340 2656 600 2739 διασύρει,
633 2658 990 2740 Συρακούσιον
1021 2659 1076 2719 δὲ
1103 2658 1138 2732 ἢ
1165 2662 1237 2727 ὣς
1260 2656 1399 2729 ξένον
1425 2658 1458 2732 ἢ
1488 2661 1679 2726 ὡςπο-

143 2742 462 2825 νηρᾶν..-36
476 2745 675 2807 Πόλεσι
687 2752 987 2810 Kusterus.
1000 2747 1268 2808 πύλεσιν.
1279 2746 1468 2816 πύλαις
1476 2747 1605 2808 Ald.
1615 2792 1680 2805 ...

145 2836 220 2908 37
233 2853 317 2914 sq.
333 2834 776 2897 κυνιδίοισιτοῖσιν
789 2835 1427 2916 Bentleius.Legebatur
1438 2835 1681 2903 κυνιδίοις

139 2931 265 2990 τοῖς.
279 2968 344 2982 ..
364 2926 436 2982 38
454 2923 665 3004 τειχίων
685 2925 989 2986 Dobraeus.
1011 2926 1337 3006 Legebatur
1352 2925 1590 3005 τειχέων.
1617 2925 1681 2984 τὸ

140 3030 260 3099 emt.
291 3012 422 3071 Ald.
441 3046 521 3058 --
551 3015 626 3090 39
653 3011 924 3094 ψήφισμα,
953 3035 1007 3074 v.
1032 3016 1284 3074 Meinek.
1325 3018 1472 3073 Hist.
1508 3020 1674 3073 Com.

138 3120 202 3177 p.
228 3107 321 3167 4ο.
349 3144 415 3158 ..
445 3106 516 3167 41
549 3101 681 3180 xli-39⁹
714 3098 807 3180 ἔχε
828 3104 1156 3181 corruptela
1182 3103 1500 3161 manifesta.
1529 3105 1679 3161 Sen-

136 3204 271 3244 sum
302 3185 663 3265 probabilem
692 3190 993 3247 restituere
1018 3191 1169 3259 licet,
1197 3187 1351 3269 ψώρα
1372 3189 1418 3247 δ’
1440 3189 1554 3269 ἔχοι
1573 3190 1683 3248 Συ-

138 3270 410 3354 ρακόσιον.
442 3273 554 3334 sed
582 3274 747 3352 plura
774 3277 868 3334 hic
904 3277 1184 3336 excidisse
1210 3277 1498 3337 videntur.
1529 3284 1677 3337 Pro-

135 3362 368 3419 ximum
397 3360 656 3444 ἐπιφανὴς
692 3363 754 3420 in
792 3362 1036 3445 ἐπιφανὲς
1077 3364 1415 3423 mutandum
1451 3366 1683 3426 videtur

135 3463 199 3507 et
224 3449 399 3528 ὄνομα
420 3451 870 3529 intelligendum.
899 3458 1081 3512 Dum.
1106 3455 1440 3532 Elegantem
1481 3455 1682 3534 conje-

133 3551 369 3596 cturam
412 3538 665 3599 Cobetus
695 3540 976 3619 protulit,
1010 3541 1174 3620 cnjus
1218 3561 1271 3600 v.
1322 3541 1486 3601 Obss.
1530 3547 1680 3602 critt.

131 3627 203 3684 in
258 3626 405 3686 Plat.
467 3648 618 3690 com.
685 3649 744 3708 p.
791 3630 865 3687 38
917 3650 1001 3709 sq.
1061 3630 1208 3712 αὐτῷ
1260 3649 1374 3689 om.
1423 3634 1497 3688 V.
1520 3679 1584 3692 ...
1605 3640 1680 3702 44

129 3713 380 3791 Didymi
403 3716 617 3775 excidit
644 3715 968 3795 explicatiO.
1000 3722 1185 3777 Dmn.
1213 3765 1276 3777 ...
1294 3718 1369 3786 45
1392 3718 1590 3778 Μιδίαν
1610 3726 1680 3780 R.

128 3807 226 3876 V„
251 3823 376 3861 non
396 3806 468 3863 G.
491 3848 552 3861 ...
579 3806 654 3872 46
675 3803 820 3885 γύρῳ
844 3808 1050 3866 Paulus
1078 3808 1358 3885 Leopard.
1379 3809 1679 3867 Emendat.

130 3912 195 3962 2,
220 3893 275 3948 5.
299 3890 466 3950 Libri
482 3894 651 3971 πυρῷ.
673 3891 840 3973 σκίρῳ
858 3894 1107 3953 Lobeck.
1125 3896 1407 3974 Aglaoph.
1429 3917 1487 3975 p.
1513 3899 1579 3956 13
1594 3900 1681 3957 16.

125 3977 251 4039 Sed
272 3996 483 4036 verum
504 3978 716 4037 vidisse
743 3981 1107 4059 Leopardum
1130 3984 1464 4042 Dindorfius
1487 3984 1684 4045 obser-

126 4078 239 4124 vat
262 4086 343 4125 ex
361 4065 543 4125 Suida
565 4066 626 4123 in
647 4064 1057 4147 Ὀρτυγοκόπος.
1086 4114 1148 4127 ..
1182 4082 1252 4143 47
1278 4080 1492 4131 σκοπεῖν
1521 4079 1595 4132 V.
1623 4121 1684 4132 ...

128 4157 213 4223 48
242 4152 645 4235 Ἀριστοφάνης.
673 4159 862 4212 11111110
884 4156 1068 4215 Plato.
1100 4158 1418 4218 Scholiasta
1447 4162 1685 4220 Luciani

123 4242 257 4300 vol.
311 4262 380 4314 2,
415 4262 475 4320 p.
514 4242 631 4319 696
668 4265 681 4299 ε
718 4245 747 4300 6
780 4238 835 4299 δὲ
868 4242 1088 4310 Μειδίας
1118 4243 1465 4325 ὃρτυγοκόπος
1482 4237 1581 4321 ἦν,
1616 4250 1687 4315 ὡς

123 4327 385 4391 Πλάτων
420 4330 723 4411 Περιαλγεῖ.
750 4329 842 4389 καὶ
882 4332 954 4397 ὣς
978 4331 1206 4412 πονηρὸν
1238 4331 1292 4392 δὲ
1332 4333 1423 4394 καὶ
1457 4335 1684 4396 κόὸαλον

120 4418 221 4479 καὶ
264 4421 381 4477 τῶν
426 4417 693 4496 δημοσίων
721 4419 1005 4499 νοσφιστὴν
1034 4419 1302 4502 Φρύνιχος
1336 4419 1427 4481 καὶ
1455 4422 1684 4484 Πλάτων

125 4506 548 4571 διαὸάλλουσιν.
566 4507 792 4566 Deinde
808 4510 867 4566 in
892 4514 959 4564 V.
989 4510 1236 4586 spatium
1261 4530 1506 4570 vacuum
1529 4513 1685 4591 quod

124 4595 409 4655 absurde
449 4596 708 4675 explevit
746 4597 1019 4655 librarius
1050 4598 1108 4655 in
1144 4603 1214 4656 G.
1248 4599 1441 4658 verbis
1469 4601 1689 4670 Μειδίας

125 4683 180 4741 δ’
226 4684 348 4742 ἐκεῖ
397 4682 552 4766 ὄρτυξ
590 4685 848 4743 ἐκαλεῖτο.
896 4690 1081 4744 Dian.
1124 4719 1197 4731 —
1246 4694 1322 4764 49
1361 4687 1591 4769 χρηστόν
1628 4712 1688 4767 γε

123 4773 355 4848 Bergk.
404 4776 753 4832 Commentt.
800 4792 860 4851 p.
915 4775 1053 4842 425.
1080 4774 1328 4855 Χρηστόν
1356 4779 1476 4856 (τιν’
1500 4776 1684 4859 ἄνδρα)

124 4859 281 4938 μηδὲ
317 4857 467 4919 κατὰ
500 4859 590 4919 τὸν
624 4860 849 4921 Μειδίαν
908 4861 999 4921 τὸν
1033 4861 1386 4943 ὀρτυγοκόπον
1436 4864 1688 4925 Cobetus

120 4948 165 5005 1.
213 4967 274 5004 0.
310 4967 378 5025 p.
426 4968 554 5020 171.
584 4995 647 5007 .-
674 4950 747 5008 50
796 4953 826 5008 6
878 4950 1046 5018 αὐτὸς.
1089 4956 1274 5012 11111110
1305 4952 1684 5032 Phrynichus.

120 5041 421 5113 Apparet
465 5037 628 5114 plura
654 5039 710 5096 in
738 5039 1208 5100 antecedentibus
1233 5041 1548 5101 excidisse:
1577 5042 1686 5101 nisi

1846 1520 2028 1577 1299,
2056 1519 2087 1571 7
2116 1500 2144 1557 6
2168 1496 2220 1555 δὲ
2249 1495 2461 1575 λέγεται
2482 1499 2512 1554 6
2539 1519 2598 1571 μ.
2623 1493 2736 1574 ὄρτ.
2768 1490 2803 1563 ἢ
2836 1489 2983 1574 παρὰ
3004 1496 3075 1550 Β.

1849 1591 2016 1660 1301,
2047 1609 2071 1646 1
2089 1609 2111 1644 1
2146 1588 2372 1664 corrige
2391 1584 2592 1664 χελιδοῖ
2621 1602 2694 1641 011
2717 1582 2940 1640 scholio
2965 1602 3021 1640 v.
3050 1588 3116 1648 14
3132 1600 3218 1639 10.

1849 1677 1996 1734 1303
2020 1696 2133 1733 0111.
2155 1678 2223 1734 G.

1853 1764 1999 1840 1309
2022 1767 2092 1821 R.
2126 1758 2304 1819 habet
2331 1759 2577 1837 glossam
2608 1751 2742 1825 εἶδος
2782 1754 3011 1836 κοφίνου.
3037 1801 3100 1814 ..
3138 1775 3208 1832 19
3233 1753 3302 1814 Ἡ

1763 1848 1957 1932 ἄρρίχη
1986 1849 2225 1920 θηλυκῶς
2250 1851 2316 1905 V.
2340 1892 2402 1901 -
2424 1865 2497 1903 22
2520 1849 2611 1902 νῦν
2636 1842 2715 1902 ἔτι
2733 1845 2934 1903 Suidas
2949 1862 2992 1900 s.
3015 1840 3284 1922 Ἀρρίχους

1848 1942 2028 2012 1310,
2058 1957 2133 2013 29
2159 1926 2293 1995 οἶνον
2322 1933 2437 1994 ἐπεὶ
2466 1933 2624 2015 φάγες
2648 1932 2912 2015 ἀνδρόμεα
2934 1930 3063 2013 κρέα
3090 1931 3221 1990 Ald.
3242 1975 3306 1987 ...

1767 2029 1839 2086 33
1866 2026 2042 2085 ἴσταθι
2065 2025 2210 2083 αὐτοὶ
2238 2024 2328 2084 καὶ
2360 2023 2482 2095 ἵστη
2518 2023 2757 2099 πίπλημι
2794 2018 3038 2079 πίπλαθι.
3078 2017 3305 2079 Ἀττικοὶ

1764 2114 1820 2173 δὲ
1839 2113 2043 2173 τελείαν
2071 2111 2341 2184 ἀποὸολὴν
2364 2115 2458 2183 τῆς
2488 2114 2561 2177 εἷς
2588 2135 2650 2188 μι
2681 2108 2988 2188 ποιούμενοι
3011 2107 3184 2177 πίπλη
3210 2104 3306 2163 λε’-

1763 2225 1944 2282 γουσιν
1963 2200 2143 2286 ὥσπερ
2175 2200 2266 2260 καὶ
2293 2200 2430 2260 κατὰ
2460 2206 2550 2258 τοῦ
2576 2203 2709 2275 τῆμι
2745 2203 2816 2258 V.
2844 2196 3067 2257 Ἀττικοὶ
3102 2193 3158 2253 δὲ
3185 2218 3231 2252 τ.
3253 2196 3304 2251 ἀ.

1763 2295 1857 2364 τῆς
1876 2315 1938 2369 μι
1965 2295 2192 2364 ποιοῦσι,
2220 2289 2392 2361 πίπλη
2406 2287 2641 2369 λέγοντες
2660 2286 2750 2346 καὶ
2771 2285 3013 2364 ἐμπίπλη
3036 2282 3235 2342 suidas
3259 2303 3304 2340 s.

1767 2379 2069 2458 Ἐμπίπλη.

1854 2470 2025 2542 1317,
2051 2468 2119 2524 51
2149 2467 2304 2537 δῆλον
2334 2463 2416 2524 ὅτι
2436 2462 2506 2525 τὰ
2529 2462 2659 2545 πρὸς
2687 2468 2758 2519 V.

1851 2558 2036 2630 1323,
2087 2555 2161 2614 53
2207 2555 2364 2615 addit
2402 2560 2471 2615 V.
2509 2552 2639 2636 πρὸς
2676 2550 2745 2611 τὰ
2783 2550 2892 2609 ἄνω
2915 2548 3174 2632 γράφεται
3218 2547 3309 2608 καὶ

1766 2653 2052 2727 μετασχεῖν
2069 2692 2086 2721 ,
2111 2665 2241 2724 quae
2259 2665 2374 2705 om.
2396 2648 2464 2704 G.
2488 2644 2550 2704 τὸ
2579 2641 2636 2701 δὲ
2670 2639 2865 2722 ἐξόρμα
2892 2645 2961 2700 R.

1853 2739 2027 2812 1329,
2060 2744 2092 2804 4
2120 2736 2478 2815 Ἀποφατικῶς
2500 2738 2568 2793 R.
2586 2779 2651 2792 ...
2682 2752 2750 2790 10
2776 2727 3000 2789 εἰσθέσει
3026 2728 3156 2789 Ald.

1854 2828 2026 2900 1331,
2049 2833 2117 2894 14
2137 2822 2324 2884 κύκνον
2347 2821 2439 2882 καὶ
2466 2820 2662 2894 ἀηδόνα
2687 2827 2757 2882 V.
2781 2818 2911 2881 Ald.
2936 2816 3027 2877 καὶ
3049 2814 3213 2876 ότιΒ.
3238 2821 3308 2875 V.

1856 2918 2028 2987 1337,
2053 2915 2129 2972 28
2155 2911 2397 2993 πρόσεισι
2426 2909 2483 2970 δὲ
2502 2916 2574 2969 V.

1857 3006 2030 3079 1342,
2063 3015 2133 3072 41
2166 3000 2568 3084 Ἀριστοφάνους
2594 2998 2844 3078 conjecit
2862 2995 3126 3055 Dindorf.
3151 3037 3213 3051 .-
3235 2995 3307 3063 43

1769 3093 1938 3173 ἔγωγε
1957 3091 2085 3151 Ald.

1858 3182 2003 3250 1354
2021 3223 2038 3253 ,
2075 3179 2148 3238 52
2179 3176 2404 3260 Κύρὸιες
2430 3182 2502 3235 Β.
2536 3184 2608 3238 V.
2634 3223 2696 3235 ...
2729 3185 2762 3245 4
2788 3173 2995 3257 κύρὸιες
3018 3172 3147 3232 Ald.
3177 3170 3312 3252 κύρ-

1770 3269 1909 3334 ὅιδες
1947 3274 2019 3328 V.
2047 3312 2110 3327 ...
2144 3268 2178 3326 5
2228 3265 2365 3324 κατὰ
2402 3269 2504 3325 τῶν
2530 3272 2598 3323 V.
2626 3308 2691 3322 ...
2721 3266 2756 3321 6
2798 3264 2932 3323 libri
2976 3261 3311 3340 Θεόπομπος.

1771 3358 2153 3418 Scribendum
2202 3353 2561 3435 Θεόφραστος.
2621 3359 2779 3413 Inter
2842 3352 3316 3430 Theophrasteos

1756 3448 1864 3508 'hic
1917 3449 2066 3508 liber
2085 3459 2421 3508 recensetur
2460 3466 2493 3504 a
2536 3446 2799 3523 Diogene
2851 3449 3039 3502 Laert.
3089 3443 3122 3501 5
3142 3483 3157 3509 ,
3212 3442 3307 3500 50.

1774 3540 2253 3599 Emendationem
2288 3557 2430 3595 vero
2461 3535 2633 3614 plane
2668 3534 3011 3595 confirmant
3041 3531 3311 3609 Porphy-

1771 3629 1891 3687 rius
1911 3640 1971 3686 et
1998 3627 2273 3697 Photius,
2295 3624 2395 3684 illa
2424 3626 2552 3703 ipsa
2571 3620 2746 3682 verba
2763 3667 2780 3697 ,
2805 3620 3019 3700 quibus
3038 3617 3248 3700 κύρὸεις
3275 3639 3310 3678 a

1772 3715 2203 3793 Corybantibus
2262 3734 2474 3772 nomen
2525 3714 2810 3771 invenisse
2874 3709 3177 3781 dicuutur,
3235 3727 3311 3766 ex

1770 3803 2174 3882 Theophrasto
2200 3802 2522 3861 afferentes.
2555 3801 2716 3858 Alter
2746 3804 2834 3859 De
2870 3798 3016 3857 abst.
3045 3797 3220 3855 anim.
3255 3814 3309 3865 2,

1776 3915 1840 3952 21
1873 3915 1887 3950 :
1914 3901 2261 3973 μαρτυρεῖται
2279 3888 2333 3948 δὲ
2351 3896 2518 3948 ταῦτα
2544 3891 2601 3948 οὗ
2623 3887 2780 3966 μόνον
2802 3887 2904 3947 ὑπὸ
2921 3910 3029 3945 των
3052 3883 3309 3967 κύρὸεων,

1774 3981 1830 4041 αἳ
1857 3984 1964 4041 τῶν
2000 3979 2275 4060 Κρήτηθέν
2299 3980 2401 4037 εἶσι
2427 3976 2831 4059 Κορυὸαντικῶν
2854 3978 3005 4056 ἱερῶν
3027 3965 3133 4033 οἷον
3163 3970 3313 4032 ἄντί-

1771 4091 1951 4151 γραφα
1983 4066 2101 4128 τινὰ
2125 4066 2256 4149 πρὸς
2282 4065 2545 4138 ἀλήθειαν.
2584 4066 2679 4126 Sic
2711 4067 2808 4124 ille
2844 4064 3005 4123 locus
3043 4062 3309 4121 scriben-

1774 4159 1902 4216 duS.
1928 4156 2093 4215 Alter
2128 4155 2343 4213 Lexico
2366 4177 2380 4212 ε
2411 4151 3077 4235 Κύρὸεις.-.Θεόφραστος
3100 4149 3186 4224 δὲ,
3206 4146 3312 4207 ἀπὸ

1773 4247 1879 4303 τῶν
1906 4243 2186 4325 Κρητικῶν
2217 4241 2571 4323 Κορυὸἄντων
2586 4265 2599 4278 ·
2627 4246 2733 4301 τῶν
2766 4239 2870 4321 γὰρ
2905 4239 3310 4321 Κορυὸαντικῶν

1774 4334 1927 4413 ἱερῶν
1956 4321 2063 4388 οἷον
2091 4328 2382 4412 ἀντίγραφα
2408 4328 2593 4396 αὐτοὺς
2627 4320 2778 4389 εἶναι.
2810 4335 3128 4389 Rimanti«.
3161 4328 3309 4385 Hist.

1775 4423 1900 4479 crit.
1926 4432 2223 4478 oratorum
2253 4438 2308 4496 p.
2341 4420 2448 4476 163
2471 4419 2563 4477 ed.
2586 4419 2776 4479 Reisk.
2800 4464 2863 4476 ..
2888 4438 2920 4489 7
2945 4415 3073 4499 φησὶ
3096 4414 3151 4472 δὲ
3168 4413 3313 4495 Ἀρι-

1778 4508 2043 4583 στοτέλης.
2066 4508 2215 4567 Vide
2234 4507 2470 4568 Suidam
2505 4529 2560 4564 v.
2589 4507 3006 4587 Ἀντιπελαργεῖν
3022 4518 3080 4563 01
3102 4524 3209 4563 nos
3238 4504 3311 4563 ad

1776 4600 1938 4656 illum
1973 4598 2186 4656 locum.
2219 4602 2401 4656 Kusr.
2444 4642 2509 4654 -.
2550 4596 2586 4654 8
2627 4593 2812 4662 αὐτοὺς
2844 4600 2915 4654 Β.
2961 4602 3033 4654 V.
3082 4591 3315 4674 μέροπας

1776 4685 1950 4744 habet
2001 4688 2236 4743 Aristot.
2258 4689 2330 4744 Η.
2351 4688 2420 4742 Α.
2443 4696 2506 4759 9,
2538 4687 2606 4743 13
2624 4729 2639 4758 ,
2668 4686 2763 4743 cui
2804 4682 3092 4766 ἀερόποδας
3140 4682 3315 4741 resti-

1778 4774 2056 4832 tuendum
2067 4793 2189 4832 esse
2209 4774 2461 4833 ostendit
2475 4773 2859 4832 Schneiderus
2878 4773 2989 4831 vol.
3013 4773 3068 4843 3,
3096 4792 3154 4850 p.
3180 4773 3322 4847 399,

1775 4908 1838 4920 ...
1862 4883 1899 4939 9
1918 4861 2010 4921 καὶ
2034 4883 2149 4921 0111.
2171 4869 2240 4922 R.
2265 4862 2391 4921 Ald.
2422 4861 2516 4941 μὲν
2549 4860 2697 4920 ἀετὸν
2725 4868 2796 4922 Β.
2820 4908 2882 4919 ..
2911 4862 2977 4918 13
3002 4860 3220 4918 addunt
3243 4864 3313 4916 V.

1778 4951 1900 5009 Ald.
1922 4949 2045 5030 περὶ
2068 4949 2162 5027 μὲν
2182 4941 2269 5009 οὗν
2290 4955 2380 5009 τοῦ
2411 4949 2519 5029 (τὸν
2544 4946 2746 5030 πατέρα
2762 4949 2924 5009 πάλιν
2945 4948 3171 5032 τρέφειν.
3194 4947 3316 5027 περὶ

1781 5045 1873 5100 τοῦ
1900 5041 1994 5119 V.)
2011 5037 2129 5105 τοὺς
2157 5036 2448 5121 πελαργοὺς
2471 5036 2790 5120 ἀντιτρέφειν
2823 5037 2911 5097 τὸν
2939 5034 3144 5116 πατέρα
3175 5036 3316 5120 Ἀρι-
