3859 5725
502 249 619 312 52⁸
1663 227 2115 298 ADNoTATIo
2155 234 2239 296 IN
2278 234 2546 297 scnoL.

497 377 758 455 (λίγηται
781 375 898 454 V.),
919 393 1050 455 quae
1071 394 1185 434 om.
1211 371 1417 433 Suidas
1435 412 1453 445 ‚
1492 369 1594 446 qui
1625 363 2025 444 γνήσιος-υἱὸς.
2116 362 2377 441 λέγονται.
2397 400 2479 412 -
2507 386 2584 439 ·¹7
2617 367 2974 445 διαλέγονται.
3002 367 3094 428 καὶ
3112 368 3195 429 ὅτι
3227 368 3494 454 τέσσαρες
3512 372 3576 430 ἐν
3605 375 3682 453 τῇ

497 463 665 524 Libri
699 463 1105 544 γνήσιον-υἱὸν.
1127 499 1194 512 -
1216 480 1290 518 22
1320 456 1475 518 αὐτὸν
1503 458 1587 514 ἐπ.
1613 454 1836 513 snidas.
1869 451 2026 512 αὐτὸν
2115 456 2286 532 σκηνῇ
2317 452 2648 533 διαλέγονται
2672 457 2744 515 Θ.
2770 455 3086 534 διαλέγεται.
3112 459 3566 540 παραιτητέον-δὲ
3589 459 3678 519 ὅτι

496 554 551 610 ἐν
591 552 789 635 πρώτω
833 555 916 613 ἐπ.
944 552 1097 611 libri.
1141 547 1452 627 Sequentia
1471 564 1584 603 om.
1612 543 1684 601 Θ.
1706 554 1766 601 et
1785 540 1991 600 Suidas
2011 585 2028 613 ,
2114 539 2363 621 τέσσαρες
2383 546 2452 621 τῇ
2484 546 2654 623 σκηνῇ
2680 541 3010 622 διαλέγονται
3038 550 3117 604 Μ.

496 640 671 700 habet
710 613 873 719 Reg„
916 642 1017 718 qui
1042 642 1117 698 26
1145 660 1227 715 sq.
1253 639 1378 696 Κῖον
1401 658 1415 672 ·
1442 624 1508 705 ἦν
1539 630 1595 690 δὲ
1618 638 1735 697 ταῖς
1761 627 2026 702 ἀληθείαις
2196 629 2332 701 576,
2368 633 2438 687 23
2464 620 2647 714 τ’ῼτινι
2665 629 2890 713 λάρυγγι
2909 630 3028 698 τοὺς
3054 632 3240 713 ἄρτους
3277 631 3603 715 κατίφηες.
3631 633 3672 708 ἢ

496 729 639 796 Χῖος.
662 727 778 789 ὅθεν
795 728 878 789 διὰ
897 725 1317 806 τὸεῦμετάὸολον
1331 725 1489 781 αὐτοῦ
1510 720 1749 779 ἐκαλεῖτο
1766 715 2025 799 κόθορνος.
2112 715 2216 773 τινὶ
2242 720 2349 777 τῶν
2377 716 2599 799 ἐντέρων
2629 719 2798 800 μέρει.
2827 719 3044 788 κύλικας
3072 718 3109 792 ἢ
3135 727 3205 780 V.
3237 718 3274 792 ἢ
3300 719 3424 790 τοὺς
3472 723 3674 803 ἄρτους

575 817 709 890 542,
741 820 815 876 28
849 818 943 877 Ἐν
969 815 1071 897 γὰρ
1097 817 1186 896 (τῆ
1214 812 1342 871 add.
1363 813 1456 888 Θ.)
1481 809 1610 868 Μιλ.
1649 805 1785 864 libri
1815 818 2027 884 praeter
2114 809 2183 863 R.
2210 803 2331 871 τοὺς
2361 805 2547 886 ἄρτους
2576 813 2658 867 Μ.
2684 843 2764 854 —-
2793 810 2869 867 25
2895 808 2956 867 δὲ
2983 830 3098 868 om.
3123 814 3193 867 R.

491 908 560 963 R.
588 908 897 985 Sequentia
926 927 1042 964 om.
1067 906 1242 963 etiam
1265 904 1424 959 M.—
1445 900 1521 956 30
1559 895 1785 977 διάφορα
1820 892 2027 973 γίνεται
2196 891 2333 968 578,
2372 915 2441 969 27
2472 893 2570 967 τὴν
2600 894 2798 978 κρόκην
2820 898 3010 955 Suidae
3035 898 3125 956 ed.
3165 898 3403 957 mediol.
3425 917 3476 956 s.
3525 897 3673 957 Έκ-

490 992 583 1065 Θ.,
615 995 715 1073 qui
742 1016 855 1054 om.
887 996 1286 1073 sequentia.-
1310 991 1385 1049 36
1412 1008 1526 1047 om.
1554 988 1625 1049 Θ.
1684 986 1760 1043 Μ.
1797 983 2026 1061 ἀμίδα-
2112 989 2399 1051 πηνιεῖται.
2420 1016 2501 1027 -
2530 984 2605 1041 28
2648 982 2796 1054 πηνΡ
2817 981 2886 1051 ἐξ.
2924 984 2996 1045 Θ.
3032 982 3223 1055 πηνίου
3263 981 3336 1052 ἐξ.
3383 983 3520 1042 Ald.
3549 985 3670 1043 Se-

489 1082 601 1164 οὗρ.
630 1103 744 1140 0111.
779 1088 849 1142 V.
882 1082 1017 1150 τινὲς
1043 1085 1177 1162 οὗρ.,
1202 1078 1446 1155 τὸ-ἀγγ,
1476 1080 1544 1134 R.
2114 1070 2351 1146 quentia
2367 1090 2485 1132 om.
2513 1072 2685 1129 etiam
2709 1074 2780 1132 Θ.
2810 1077 2981 1131 Μ.-
3000 1073 3067 1130 31
3093 1071 3372 1155 διφθόγγου
3394 1071 3668 1154 γράφεται

2114 1162 2337 1216 Portus.
2367 1158 2897 1241 διφθογγογραφεῖται
2919 1160 3049 1221 Ald.
3074 1202 3153 1215 -
3185 1163 3256 1220 32
3283 1163 3628 1232 ἐκπηνιεῖται
3645 1205 3664 1235 ,

2115 1245 2186 1302 33
2218 1267 2337 1323 τιμ.
2359 1244 2598 1314 ἐξελάσει
2614 1292 2631 1321 ,
2659 1249 2731 1319 34
2758 1246 2925 1317 ἐξάξει
2941 1295 2959 1322 ,
2987 1247 3169 1330 ὥσπερ
3193 1248 3365 1327 ἐξάγει
3384 1253 3413 1308 ὁ
3436 1247 3665 1318 σκώληξ

2109 1331 2207 1405 τὴν
2237 1332 2469 1411 μίταξαν
2492 1356 2507 1371 ·
2533 1357 2594 1395 π.
2627 1333 2729 1418 γὰρ
2768 1340 2803 1407 ἡ
2835 1360 2893 1413 μ.
2917 1336 2954 1409 ἢ
2989 1335 3073 1397 ὅτι
3115 1337 3302 1409 πηνίον
3348 1337 3568 1414 λέγεται
3598 1336 3665 1396 τὸ

2109 1422 2254 1498 νῆμα
2282 1424 2376 1493 τῆς
2430 1422 2664 1506 ἀράχνης
2719 1426 2790 1489 ὣς
2840 1425 2948 1484 ἀπὸ
2991 1429 3082 1484 τοῦ
3131 1423 3276 1484 πίνω
3314 1423 3378 1483 τὸ
3437 1426 3662 1505 {vap-sa.

2109 1504 2289 1590 ὥσπερ
2309 1500 2398 1569 οὗν
2424 1513 2588 1569 ἐκεῖνο
2611 1509 2673 1569 τὸ
2693 1510 2880 1584 πηνίον
2906 1515 2966 1571 ἐκ
2982 1515 3077 1582 τῆς
3095 1516 3269 1589 πυγῆς
3290 1508 3501 1583 ἐκείνης
3521 1510 3664 1594 ἐξέρ-

2105 1618 2283 1676 χεται,
2310 1596 2447 1657 οὕτω
2477 1596 2606 1680 φησὶ
2635 1599 2726 1658 καὶ
2759 1604 2788 1658 ὁ
2814 1599 3001 1659 Κλέων
3030 1602 3091 1659 ἐκ
3113 1607 3205 1659 τοῦ
3231 1598 3457 1677 στομίου
3492 1601 3661 1659 αὐτοῦ

2107 1683 2353 1767 ἀφέλκων
2376 1684 2528 1745 ἔσται
2554 1689 2624 1753 ὥς
2647 1686 2816 1758 πηνία
2837 1686 2906 1747 τὰ
2930 1686 3361 1769 καταὸρωθέντα.
3388 1685 3540 1746 ἔστιν
3562 1680 3660 1747 οὖν

2106 1771 2244 1850 θέμα
2265 1772 2532 1846 ἐκπηνίζω
2550 1786 2661 1833 etc.
2686 1778 2829 1852 Reg.
2852 1777 3007 1834 -38
3029 1773 3167 1834 τὸδὲ
3188 1773 3653 1857 προσκαλούμενοι

2106 1859 2222 1920 ἀντὶ
2265 1865 2360 1919 τοῦ
2384 1863 2616 1920 ἐνκαλῶν
2647 1866 2721 1921 R.
2743 1895 2825 1907 --
2850 1864 2927 1940 39
2949 1857 3111 1922 addit
3131 1869 3200 1920 V.
3232 1860 3267 1919 ἃ
3295 1861 3491 1943 ἔφαγεν
3519 1867 3659 1941 ἡμῖν

2105 1946 2379 2031 ἐφελκύσει
2407 1952 2718 2031 κατηγορῶν
2742 1951 2920 2010 αὐτοῦ.
2952 1950 3082 2032 πρὸς
3099 1950 3169 2009 τὰ
3192 1949 3320 2031 παρ’
3349 1954 3515 2009 αὑτοῦ
3542 1947 3660 2009 ἄνω

2103 2035 2387 2117 εἰρημένα,
2414 2057 2544 2115 quae
2563 2056 2682 2098 om.
2712 2042 2785 2098 G.

2186 2124 2321 2200 579,
2351 2134 2425 2194 4ο
2450 2129 2479 2184 ὁ
2503 2145 2619 2184 0111.
2646 2130 2715 2186 V.
2742 2160 2815 2173 —
2849 2135 2924 2194 42
2957 2123 3249 2191 κελευσθεὶς
3273 2124 3403 2184 Ald.

2185 2212 2298 2271 588
2317 2256 2336 2289 ,
2370 2213 2438 2269 51
2480 2213 2765 2292 μάντεσσιν
2785 2261 2802 2289 ,
2846 2215 2921 2274 52
2965 2213 3305 2296 καταφορὸᾶν
3346 2218 3415 2273 R.
3457 2217 3608 2293 Reg.
3634 2239 3650 2274 :

2101 2297 2182 2360 Τὸ
2205 2296 2259 2357 δὲ
2280 2300 2505 2379 γλάμων
2525 2305 2573 2361 oi
2618 2301 2715 2383 μὲν
2744 2302 2914 2381 ὄνομα
2947 2304 3109 2362 αὗτοῧ
3143 2301 3301 2383 φασὶν
3323 2344 3339 2374 ,
3364 2303 3415 2360 οἱ
3439 2298 3496 2361 δὲ
3528 2305 3653 2363 ἀντὶ

2102 2390 2193 2444 τοῦ
2231 2390 2260 2446 δ
2287 2387 2465 2464 λήμας
2514 2390 2570 2447 ἐν
2603 2398 2710 2456 τοῖς
2739 2392 3026 2470 ὀφθαλμοῖς
3057 2388 3196 2467 ἔχων
3234 2387 3324 2446 καὶ
3353 2388 3436 2447 ἀεὶ
3469 2390 3652 2466 τζυμ-

2101 2471 2348 2533 &Mn-mv
2397 2474 2524 2552 (sic)
2544 2499 2558 2513 ·
2602 2475 2754 2536 ἄλλοι
2805 2476 2863 2536 δέ
2912 2498 3044 2558 φασι
3084 2475 3174 2534 τὸν
3223 2475 3520 2557 ἀκάθαρτον
3551 2477 3649 2535 καὶ

2101 2563 2323 2645 αἰσχρὸν
2352 2564 2635 2640 σημαίνειν
2655 2563 2753 2637 τὴν
2772 2564 2930 2634 λέξιν.
2951 2568 3131 2624 ὁποῖον
3160 2553 3248 2620 οὖν
3269 2560 3331 2621 ἂν
3356 2562 3648 2640 σημαίνοι,

2099 2657 2133 2724 ἡ
2161 2652 2296 2720 λε’ξις
2321 2653 2546 2711 ἐνταῦθα
2572 2652 2662 2712 ἐπὶ
2686 2652 2976 2732 σκώμματι
3008 2654 3101 2714 καὶ
3130 2653 3424 2732 διασυρμῷ.
3459 2649 3525 2709 τὸ
3547 2656 3648 2711 τοῦ·

2100 2737 2424 2817 Ἀρχεδήμου
2448 2738 2616 2817 ὄνομα
2637 2742 2708 2807 ὣς
2732 2739 2997 2822 ἐρωμένου
3018 2740 3163 2805 ὄντος
3190 2741 3267 2820 τῷ
3294 2737 3553 2818 Διονύσῳ.

2169 2827 2314 2905 -590,
2355 2830 2485 2903 1-6,
2507 2842 2566 2888 et
2597 2828 2749 2888 infra
2787 2830 2980 2889 20-28
3009 2849 3126 2889 om.
3159 2828 3331 2887 etiam
3355 2826 3427 2887 Θ.
3448 2830 3538 2888 Μ.
3559 2859 3640 2873 -—

2101 2935 2131 2986 7
2161 2913 2217 2973 δὲ
2237 2934 2356 2975 0111.
2378 2921 2453 2975 V.
2483 2914 2600 2975 ἐστὶ
2624 2915 2790 2976 πάλιν
2815 2918 2948 2975 Atd.

2176 3007 2322 3079 605,
2350 3006 2424 3064 28
2453 3005 2536 3063 sic
2558 3009 2627 3064 R.
2660 3004 2751 3065 τὸν
2779 3003 3045 3087 Κίρὸερον
3071 3001 3362 3086 (Κέρόερον
3381 3021 3501 3063 om.
3531 3003 3640 3083 V.)

2094 3089 2228 3152 κύνα
2246 3098 2313 3152 V.
2344 3092 2477 3151 Ald.
2502 3091 2592 3153 τὸν
2611 3091 2885 3175 κλέψαντα
2903 3093 2991 3154 τὸν
3016 3091 3147 3152 κύνα
3168 3102 3227 3149 et
3250 3091 3340 3150 τὸν
3363 3090 3641 3172 κλέψαντα

2092 3179 2182 3240 τὸν
2213 3179 2475 3263 Κέρὸερον
2505 3180 2682 3241 habet
2706 3184 2779 3244 Θ.

2174 3272 2312 3343 607,
2342 3271 2415 3329 33
2437 3267 2535 3347 μὲν
2555 3290 2670 3330 om.
2691 3275 2756 3330 V.
2779 3270 2841 3331 τὸ
2860 3292 2975 3332 0111.
2991 3272 3087 3339 Θ..
3106 3271 3297 3348 (111134
3318 3264 3497 3327 αὐτὸν.
3519 3270 3637 3327 Pro

571 1168 708 1243 543,
742 1172 814 1243 37
842 1169 904 1229 τὸ
932 1171 987 1229 δὲ
1010 1163 1473 1248 ἀνατετραμμένος
1504 1159 1622 1220 ἀντὶ
1645 1164 1745 1219 τοῦ
1771 1160 1925 1218 ἀνακ-
1952 1161 2022 1216 R·

571 1258 707 1329 544,
736 1265 803 1327 41
838 1258 1062 1317 συνόντα
1091 1260 1164 1318 Θ.
1191 1275 1305 1314 om.
1332 1258 1403 1313 R.
1432 1248 1613 1330 ὥσπερ
1651 1243 2026 1323 ἐνειθιζόμξνος

487 1343 555 1400 V.
579 1343 1000 1428 ὑπερεθιζόμενος
1037 1351 1106 1404 R.
1150 1340 1501 1426 ἐρεθιζόμενον
1529 1343 1611 1396 Μ.
1631 1371 1697 1387 --
1718 1344 1793 1404 42
1833 1334 2022 1415 ἐδρατ-

483 1423 655 1503 τόμην
679 1436 770 1490 τοῦ
803 1433 911 1490 αἰδ.
938 1438 1009 1491 V.
1040 1434 1110 1492 Θ.
1153 1427 1484 1512 ἐδραττόμην
1512 1423 1642 1507 φησὶ
1674 1428 1768 1482 τοῦ
1803 1422 1907 1480 αίδ.
1937 1427 2019 1479 Μ.

485 1512 575 1572 καὶ
609 1515 954 1596 δραττόμενος
988 1524 1083 1578 τοῦ
1115 1516 1313 1578 αἰδοίου
1352 1515 1485 1576 Ald.
1530 1512 1644 1572 ἀντ’
1685 1513 1914 1589 ἐμαυτοῦ
1945 1513 2017 1568 R.

482 1606 575 1660 τοῦ
605 1623 718 1662 0111.
764 1608 936 1666 etiam
964 1609 1034 1670 Θ.
1061 1608 1129 1656 -ῖ
1152 1609 1226 1676 43
1271 1602 1427 1684 γνοὺς
1450 1617 1509 1662 et
1537 1601 1787 1684 πρότερος
1825 1599 2019 1659 addita

482 1708 555 1748 ex
582 1695 652 1750 R.
670 1731 735 1744 —
760 1703 834 1764 44
857 1694 924 1754 τὰ
946 1693 1081 1755 αὐτὰ
1113 1699 1183 1754 R.
1215 1698 1379 1752 ταῦτα
1406 1693 1476 1753 Θ.
1514 1695 1686 1749 ταῦτα
1722 1690 1918 1765 ceteri.
1950 1711 2019 1767 με

482 1777 744 1838 additum
771 1801 844 1840 ex
872 1787 944 1840 R.

564 1866 701 1940 545,
733 1869 807 1935 45
826 1867 963 1928 ’Ant
996 1873 1089 1928 τοῦ
1112 1873 1181 1927 R.
1213 1899 1285 1913 -
1309 1868 1383 1936 46
1414 1866 1644 1924 διακονεῖ
1681 1869 1753 1924 R.
1790 1864 2016 1943 διακονῷ

481 1953 568 2026 V.,
587 1954 747 2030 quod
772 1969 906 2033 post
930 1954 1171 2036 Διονύσῳ
1194 1955 1360 2032 ponit
1388 1957 1458 2010 G.
1478 1988 1542 2003 --
1565 1962 1637 2023 47
1671 1949 1733 2010 ἂν
1761 1970 1876 2009 0111.
1901 1957 1974 2009 V.

559 2039 694 2114 548,
717 2043 782 2100 51
811 2063 897 2122 sq.
910 2042 1049 2103 Ἀντὶ
1067 2047 1159 2102 τοῦ
1182 2040 1301 2108 τοὺς
1313 2039 1453 2119 (τοὺς
1474 2041 1692 2115 om.V.)
1713 2037 1927 2105 ὀδόντας
1945 2040 2017 2097 εἰ·

474 2134 593 2185 πεῖν
609 2125 730 2195 τοὺς
742 2129 929 2211 χοροὺς
939 2120 1053 2189 εἶπε
1064 2130 1198 2190 libri
1221 2141 1429 2207 praeter
1439 2129 1653 2186 R.-52
1666 2127 1808 2185 ἐστιν
1824 2133 2013 2187 om.V.

555 2217 690 2292 549.
710 2219 986 2277 Scholion
1013 2219 1315 2277 metricum
1348 2236 1465 2274 om.
1487 2216 1661 2274 etiam
1688 2215 1759 2275 Θ.
1789 2220 1868 2272 Μ.
1892 2218 2013 2273 Re-

473 2302 603 2379 gius
634 2326 647 2360 :
678 2305 936 2376 Πλαθάνη
960 2303 1151 2385 κυρίως
1170 2308 1205 2374 ἡ
1226 2303 1455 2361 πλατεῖα
1470 2299 1633 2368 σανίς·
1656 2306 1745 2359 νῦν
1769 2300 1825 2360 δὲ
1847 2300 2014 2379 ὄνομα

471 2389 624 2460 δῆθεν
655 2399 780 2468 μιᾶς
802 2394 907 2450 τῶν
939 2394 992 2449 ἐν
1020 2392 1147 2473 ᾅδου
1178 2390 1601 2471 πανδοκευτριῶν
1624 2411 1640 2427 ·
1676 2387 1742 2460 ἣν
1789 2393 1827 2461 ἡ
1855 2387 2013 2472 ἑτέρα

468 2477 851 2559 πανδοκεύτρια
877 2481 1057 2553 καλεῖ,
1078 2481 1150 2545 ὡς
1177 2477 1240 2538 ἂν
1271 2477 1410 2536 κατά
1483 2499 1613 2535 ωσιν
1640 2479 1712 2544 ὥς
1736 2475 2011 2558 Ἡρακλέα

467 2560 557 2623 τὸν
581 2564 829 2624 Διόνυσον
850 2611 867 2640 ,
895 2566 988 2625 καὶ
1019 2568 1094 2625 δῶ
1125 2565 1384 2648 τιμωρίαν
1522 2563 1815 2642 ἐζημίωσεν
1850 2564 2011 2632 αὐτὰς

466 2652 543 2718 εἰς
562 2654 631 2710 τὰ
653 2651 815 2728 ὤνια,
843 2654 1166 2737 καταφαγὼν
1191 2652 1327 2714 αὐτὰ
1359 2652 1447 2713 ὅτε
1468 2655 1729 2725 κατῆλθεν
1766 2653 1849 2712 ἐπ’
1875 2657 2012 2713 ἀνα-

465 2743 615 2820 γωγῇ
632 2745 726 2799 τοῦ
752 2740 1038 2824 Κερὸέρου.
1057 2779 1120 2791 -
1144 2745 1180 2801 6
1199 2742 1311 2802 νυνὶ
1338 2748 1416 2802 Μ.
1441 2781 1504 2791 -
1524 2763 1556 2815 7
1580 2740 1636 2800 δὲ
1656 2762 1771 2801 0111.
1790 2747 1858 2802 V.
1879 2740 2009 2801 ἰκα-

464 2848 588 2896 στος
605 2834 674 2889 V.
699 2830 770 2892 Θ.
793 2868 857 2882 -
878 2830 913 2891 8
937 2829 1263 2909 ἡμιωὸολίου
1287 2836 1355 2893 R.
1376 2844 1434 2891 et
1453 2831 1657 2890 suidas
1678 2851 1722 2891 s.
1751 2830 2010 2909 Ἀνημιω-

464 2915 698 2979 ὅολιαῖα.
742 2919 1171 3000 ἡμιωὸολιμαίου
1237 2921 1368 2981 Ald.
1414 2919 1451 2993 ἢ
1496 2918 2005 2998 ὠμὰ-πωλούμενα

462 3027 576 3066 0111.
601 3008 826 3068 Suidas.
848 3051 911 3061 .-
938 3030 977 3087 9
1005 3015 1097 3068 τοῦ
1122 3008 1456 3088 ἡμιωὸολίου
1486 3010 1835 3088 Salmasius,
1863 3022 2009 3070 teste

458 3099 895 3174 Iungermanno
922 3096 996 3155 ad
1023 3099 1316 3156 Pollucem
1340 3118 1399 3175 9,
1429 3099 1523 3167 64.
1554 3098 1723 3155 Kos-r.
1758 3096 2007 3175 ἀνημιω-

458 3180 697 3243 Θολιαίου
736 3186 806 3245 Θ.
830 3222 890 3234 -
918 3205 988 3243 1o
1033 3184 1271 3263 ὀνόματα
1313 3185 1387 3246 Θ.
1431 3197 1491 3244 et
1534 3184 1757 3243 suidas.
1814 3187 2006 3244 Ceteri

459 3268 876 3349 ὄνομά-οὕτως
903 3272 1167 3332 additum
1209 3293 1282 3332 ex
1305 3272 1501 3332 saida.
1527 3271 1610 3330 ἀν’
1650 3268 2005 3349 ἡμιωὸόλιον,

459 3357 907 3437 ἀνημιωὸολιαῖον
947 3361 1274 3418 Salmasius.
1328 3357 1774 3434 ἅνημιωὸολιαῖον
1827 3357 2001 3416 etiam
2092 3356 2183 3422 his
2206 3347 2648 3440 ὧν-βαρὸάρων
2677 3364 2747 3419 P..
2777 3360 2950 3419 habet
2977 3358 3213 3438 ὀνόματα
3239 3355 3463 3425 τοξοτῶν
3488 3358 3631 3436 βαρ-

453 3445 547 3517 Θ.,
569 3446 671 3524 qui
692 3447 991 3523 sequentia
1008 3467 1127 3506 om.
1147 3446 1312 3508 Libri
1333 3445 1739 3526 ἀνημιωὸόλιον,
1757 3447 2003 3524 ἀνημιω-
2090 3442 2287 3525 Θάρων.
2318 3444 2554 3524 ὀνόματα
2584 3445 2801 3506 δούλων.
2823 3482 2902 3493 --
2934 3448 3008 3523 35
3037 3450 3109 3513 ὣς
3131 3444 3633 3525 δούλων-»βαρόά-

453 3529 683 3591 ὅολιαῖα.
713 3530 840 3613 πρὸς
877 3532 938 3591 τὸ
956 3556 1013 3613 χ.
1039 3534 1191 3605 δηλοῖ
1230 3540 1322 3606 V.,
1350 3534 1728 3610 sequentibus
1753 3535 1998 3592 omissis.
2091 3554 2195 3612 ρων
2227 3552 2345 3589 om.
2373 3536 2444 3592 V.
2478 3535 2550 3594 Θ.
2581 3557 2594 3592 :
2620 3535 2720 3594 sed
2747 3535 2967 3594 habent
2988 3535 3231 3613 glossam
3260 3532 3498 3612 ὀνόματα
3516 3532 3633 3594 δού-

450 3657 514 3669 -
550 3623 618 3679 13
642 3619 705 3680 τὸ
738 3644 796 3701 χ.
841 3624 973 3680 Ald.
997 3658 1063 3672 -
1096 3633 1160 3691 14
1209 3620 1574 3680 scribebatur
1603 3618 1865 3703 ἑψημένα.
1908 3626 1998 3692 ζε-
2087 3621 2194 3678 λων
2216 3618 2435 3697 (δούλων
2458 3642 2573 3680 om.
2600 3624 2701 3701 G.)
2729 3622 2956 3692 τοξοτῶν
2982 3621 3278 3705 βαρόάρων.
3304 3620 3362 3680 δέ
3390 3643 3508 3681 0111.
3534 3627 3631 3696 R.,

450 3707 552 3767 στά
585 3713 790 3769 Β.-21
820 3712 1226 3788 ἐπισημειοῦται
1244 3710 1449 3770 codex.
2086 3708 2186 3785 qui
2216 3710 2290 3766 36
2320 3711 2374 3767 ἐν
2398 3711 2474 3789 τῷ
2494 3698 2615 3769 εἶεν.
2654 3710 2740 3772 lb.
2763 3725 2822 3770 et
2845 3713 2994 3770 infra
3018 3711 3058 3769 l.
3090 3718 3164 3777 42
3190 3710 3279 3768 καὶ
3305 3708 3471 3788 μάχει
3493 3708 3628 3785 (μα’-

530 3798 672 3872 555,
700 3799 773 3856 28
803 3798 934 3879 πρὸς
963 3805 1129 3858 ταῦτα
1152 3803 1222 3858 R.
2083 3820 2157 3877 χη
2182 3798 2282 3875 Θ.)
2312 3802 2386 3857 R.
2411 3802 2480 3857 V.
2509 3800 2580 3861 Θ.
2607 3800 2814 3860 καὶτοῦ
2838 3798 2989 3882 μάχῃ
3013 3798 3147 3859 Ald.
3169 3831 3254 3845 --
3274 3800 3346 3871 37
3366 3796 3436 3856 τὰ
3464 3796 3631 3856 ἀλλύ-

529 3885 645 3942 558
668 3930 684 3958 ,
714 3886 787 3944 33
824 3890 897 3948 Οἱ
933 3886 1160 3946 Ἀττικοὶ
1198 3885 1482 3969 οὗδετίρως
1515 3886 1673 3967 φασίν
1706 3892 1774 3944 V.
1800 3888 1850 3946 οἱ
1877 3908 1991 3948 0111.
2080 3907 2206 3966 τρια
2232 3891 2304 3945 R.
2327 3928 2403 3939 -
2434 3887 2509 3944 38
2539 3887 2904 3948 scribebatur
2924 3890 3128 3968 μᾶλλον
3155 3889 3411 3999 ὖπερφτυᾶ.
3441 3917 3511 3929 -
3543 3891 3620 3951 bt

445 3970 582 4031 libri
609 3987 817 4051 praeter
834 3976 908 4035 Θ.
935 3972 1219 4054 οὐδετέρως
1239 3973 1301 4033 τὸ
1335 3974 1550 4054 τάριχος
1574 3979 1640 4034 R.
2080 3972 2167 4032 ἐπὶ
2191 3972 2253 4032 τὸ
2275 3979 2348 4035 R.
2370 4009 2451 4019 —
2482 3983 2554 4044 42
2584 3980 2680 4035 τοῦ
2708 3976 2941 4036 Ξανθίου
2962 3976 3035 4037 Θ.
3060 4008 3139 4021 —-
3167 3977 3241 4044 43
3280 3998 3370 4035 ουν
3393 3992 3515 4030 om.
3546 3975 3627 4031 R.

525 4059 664 4132 562,
701 4063 773 4129 43
804 4060 992 4143 πικρὸν
1015 4080 1135 4119 0111.
1159 4067 1225 4122 V.
1267 4063 1341 4122 Θ.
1371 4067 1455 4121 Μ.
2161 4063 2269 4119 611
2303 4066 2376 4121 R.
2411 4062 2664 4123 habeta-b
2688 4063 2764 4142 μή
2799 4063 2915 4123 ἀντὶ
2936 4068 3035 4136 τῆς
3064 4063 3124 4122 οὔ
3152 4065 3408 4144 χρῶνται.
3435 4100 3516 4112 -
3543 4058 3627 4118 50

524 4149 639 4207 563
666 4154 737 4209 R.
763 4149 877 4207 hoc
913 4150 1120 4208 ordine
1169 4148 1730 4232 ἐπαίρων-γυναῖκας.
1775 4149 1989 4210 τὸ-δι-
2078 4146 2339 4217 ἀπιθάνως
2362 4149 2490 4208 Ald.
2525 4152 2587 4210 ἐκ
2609 4155 2732 4226 τῆς,
2761 4151 2828 4209 51
2856 4152 2959 4234 γὰρ
2985 4150 3048 4211 τὸ
3067 4151 3138 4211 Θ.

442 4233 589 4295 δόναι
611 4243 911 4316 πανταχοῦ.
2160 4239 2301 4310 618,
2336 4240 2371 4296 6
2411 4258 2500 4316 sq.
2556 4238 2618 4298 τὸ
2660 4239 2716 4297 δὲ
2761 4239 3124 4319 ἐν-κλίμακι
3151 4238 3212 4296 in
3246 4237 3361 4294 fine
3413 4234 3624 4294 scholii

523 4324 642 4382 566
668 4345 782 4383 0111.
808 4330 881 4383 V.
2075 4324 2251 4383 habet
2279 4330 2351 4384 R.
2372 4359 2453 4371 —
2484 4328 2519 4385 8
2550 4327 2643 4385 καὶ
2665 4326 2807 4406 Ὅμ.
2826 4332 2896 4386 V.
2921 4358 2999 4373 -—
3029 4347 3054 4384 1
3071 4347 3095 4384 1
3132 4324 3356 4403 μάστιγξ
3381 4327 3452 4382 G.

522 4413 660 4488 567,
698 4424 729 4483 4
766 4412 1137 4473 scribendum
1179 4413 1409 4472 videtur
1440 4416 1519 4495 τῷ
1562 4414 1982 4496 Καλλιστράτου.
2153 4416 2306 4483 621,
2366 4414 2432 4470 13
2482 4412 2706 4485 Ἐπειδὴ
2745 4418 2811 4473 V.
2845 4426 2905 4472 et
2949 4413 3157 4474 suidas
3188 4432 3234 4470 s.
3281 4410 3619 4479 Βασανίζειν.

439 4505 621 4562 Dum.
646 4540 710 4553 —
743 4504 776 4560 5
805 4501 934 4583 πρὸς
959 4506 1115 4561 τοῦτο
1140 4507 1210 4561 R.
2073 4499 2341 4580 ἐδαίροντο
2371 4503 2599 4562 Suidas.
2630 4536 2703 4549 —
2744 4505 2816 4561 18
2844 4502 2960 4561 ἐστὶ
2984 4497 3346 4582 χαλεπώτατα
3371 4503 3438 4558 V.
3458 4499 3532 4558 Θ.
3552 4536 3618 4547 -

521 4592 639 4668 569
662 4633 679 4659 ,
713 4610 779 4648 11
824 4590 955 4673 ᾅδου
981 4580 1050 4661 ἦν
1090 4596 1160 4651 R.
1184 4594 1250 4648 V.
1274 4627 1337 4641 --
1371 4609 1438 4647 12
1472 4587 1801 4673 Ὕπέρὸολος
1844 4593 1982 4653 libri
2079 4611 2149 4666 ¹9
2174 4594 2451 4669 πανταχοῦ
2479 4593 2545 4649 V.
2573 4590 2648 4651 Θ.
2679 4596 2901 4650 Μ.-21
2929 4595 3023 4647 τοῦ
3046 4585 3259 4666 γητείου
3281 4588 3352 4648 Θ.
3389 4597 3451 4643 et
3475 4583 3616 4642 sui-

444 4692 657 4759 proeter
674 4683 744 4738 R.
763 4715 827 4729 —
858 4686 926 4748 14
958 4679 1034 4744 εἷς
1056 4678 1127 4738 Θ.
1152 4697 1260 4756 pro
1289 4677 1441 4757 περὶ,
1473 4697 1590 4736 om.
1617 4683 1681 4736 V.
1719 4676 1874 4739 αὐτὸν
1906 4686 1979 4741 R.
2069 4678 2171 4739 das
2202 4682 2322 4760 (qui
2351 4679 2510 4739 addit
2531 4676 2801 4740 τουτίστιν
2826 4676 3268 4759 ἀμπιλοπράσου,
3286 4673 3345 4750 ἢ,
3363 4673 3434 4742 ὥς
3452 4694 3610 4744 τινες,

434 4773 525 4827 De
546 4779 733 4825 morte
765 4766 1093 4845 Hyperboli
1118 4766 1252 4825 vide
1279 4766 1457 4825 schol.
1479 4767 1613 4825 Pac.
1640 4768 1774 4826 681.
2065 4767 2274 4847 πράσου
2296 4767 2518 4850 φύλλῳ).
2539 4770 2617 4849 τῷ
2635 4766 2850 4846 γητείου
2872 4771 2946 4825 V.
2977 4769 3055 4847 τῷ
3072 4762 3271 4845 γητείῳ
3290 4763 3426 4824 ΔΜ.
3447 4795 3513 4810 -
3530 4760 3610 4821 23

516 4855 649 4928 570,
683 4855 754 4912 16
775 4852 1030 4935 τέσσαρες
1050 4851 1142 4913 ἐπὶ
1167 4857 1365 4926 σκηνῆς
1377 4859 1445 4914 R.
1478 4856 1656 4937 σαφῶς
1678 4856 1733 4914 ἐν
1755 4856 1833 4936 τῷ
1856 4854 1977 4914 θεά·-
2065 4855 2277 4915 παιδίου
2307 4863 2375 4915 R.
2405 4856 2589 4925 παιδὸς
2611 4858 2811 4918 ceteri.

430 4964 542 5023 τρῳ
573 4947 642 5001 V.
666 4943 738 5003 Θ.
767 4947 848 5001 Μ.
874 4943 1004 5002 Ald.
1032 4942 1147 5001 Sed
1186 4947 1254 5003 V.
1287 4944 1349 5001 in
1387 4944 1499 5001 flue
1532 4943 1736 5003 scholii
1764 4964 1818 5007 v,
1856 4945 1972 5003 566
2144 4945 2282 5018 625,
2318 4965 2389 5019 27
2419 4946 2670 5005 Ξανθίου.
2716 4950 2844 5005 11110
2875 4941 3157 5016 Διονύσου,
3193 4941 3290 5002 cui
3329 4935 3608 4999 tribuitur

428 5030 595 5091 addit
621 5027 1028 5114 παρατηρητέον
1057 5028 1138 5089 ὅτι
1163 5028 1411 5112 τέσσαρες
1452 5033 1506 5090 ἐν
1535 5034 1602 5113 τῇ
1649 5035 1819 5112 σκηνῇ
1844 5033 1966 5092 δια·
2058 5033 2120 5091 ἰ11
2147 5031 2348 5092 codice
2372 5033 2671 5092 Vaticano.
2700 5037 2888 5092 Dum.
