3859 5725
1695 244 2133 311 aspaltum.

423 382 544 456 859
589 386 662 451 R.
710 376 886 439 habet
933 373 1215 456 ἐπιχώριον
1259 365 1323 447 ἦν
1385 373 1514 435 αὐτὸ
1553 373 1615 436 τὸ
1648 374 1875 443 παίζειν.

423 469 562 542 875,
589 489 627 545 9
652 464 856 546 ἀγυιέος
875 461 1224 530 Ἀπολλώνιος
1241 466 1313 523 V.
1339 496 1416 507 -
1447 461 1881 542 ιοΔιευτυχίδας

3383 259 3501 319 46⁷

2046 394 2163 451 9⁰9
2192 379 2256 433 R.
2282 373 2456 465 habet
2478 372 2567 435 τὸν
2592 374 2818 437 ἀττικόν.
2859 376 2922 438 τὸ
2944 376 3047 461 γὰρ
3072 381 3353 460 §mutat
3374 384 3506 445 lm·-

1966 461 2191 543 φώνημά
2225 465 2338 522 ἐστι
2383 463 2644 524 ναυτικόν.
2696 503 2759 514 -
2793 467 2866 525 25
2915 466 3330 550 παρακέλευσμα
3379 473 3501 535 Akl.

346 564 412 616 V.
433 555 575 622 ἰδίως
589 552 832 635 εὐτυχίας
845 553 973 613 Ald.
988 553 1321 610 Correctum
1339 569 1410 608 ex
1429 551 1880 627 Harpocratione
1963 581 2044 594 -··
2073 550 2147 608 28
2171 549 2483 628 ποιουμένου
2510 558 2581 613 V.

343 666 389 706 s.
410 642 638 723 Ἀγυιεὺς
652 689 670 717 ,
693 643 790 703 ubi
809 639 1084 721 Διευχίδας
1105 639 1158 696 ἐν
1178 642 1245 718 τῇ
1269 636 1419 719 τρίτῃ
1438 640 1542 696 τῶν
1564 638 1879 719 Μεγαρικῶν

346 737 557 795 citatur
603 753 677 792 ex
721 730 1119 790 emendatione
1157 724 1482 786 casauboni
1524 748 1539 784 ε
1594 747 1724 785 nam
1772 747 1876 786 co·-

346 824 499 885 dices
529 819 786 900 δευχίδας.
822 817 1045 878 Deinde
1068 818 1140 874 V.
1175 817 1229 873 ἐν
1263 812 1318 873 δὲ
1344 816 1421 895 τῷ
1450 816 1611 896 ἰατρῷ
1639 812 1806 873 τούτω
1829 814 1878 873 δ.

345 910 425 970 ἔτι
463 910 553 969 καὶ
581 915 670 968 νῦν
709 910 822 967 ἐστι
862 905 952 966 καὶ
1000 906 1182 982 ὡςάγ.
1227 908 1369 977 Quae
1419 903 1755 962 Dindorfius
1801 903 1902 981 ita.

343 997 686 1069 corrigenda
730 1015 853 1055 esse
895 1007 1097 1072 putat,
1140 990 1194 1051 ἓν
1241 988 1297 1051 δὲ
1342 993 1420 1072 τῷ
1459 989 1670 1071 ἰατρείῳ
1710 989 1881 1073 τούτῳ

347 1084 581 1163 διαμένει
608 1086 686 1143 ἔτι
712 1084 803 1143 καὶ
831 1087 944 1156 νῦν,
975 1079 1164 1153 ἕστηκε
1193 1078 1368 1159 βωμὸς
1398 1081 1483 1156 ἀγ.
1518 1111 1590 1123 -
1625 1099 1695 1137 12
1719 1076 1882 1145 οὕτως
1934 1082 1947 1095 “

343 1174 476 1233 Ald.
504 1208 587 1223 —
619 1175 683 1231 13
710 1171 778 1230 τὰ
807 1192 921 1233 om.
943 1176 1013 1229 V.
1043 1176 1179 1229 Post
1202 1168 1379 1227 verba
1405 1166 1492 1227 ἐπὶ
1515 1164 1610 1233 τὰς
1636 1166 1883 1248 στρατιὰς

345 1261 563 1341 aliquid
583 1260 976 1332 excidit.—17
1001 1256 1116 1319 Ἀπ.
1146 1254 1326 1334 ἀγυιεὺ
1347 1255 1478 1335 [sic]
1502 1252 1667 1335 ἱεροὺς
1694 1253 1882 1322 αὐτοὺς

346 1348 498 1414 ὄντας
529 1353 601 1406 V.
654 1353 792 1407 Post
831 1344 1049 1425 ἀγυιέως
1075 1345 1235 1404 addit
1260 1344 1393 1403 Atd.
1438 1342 1629 1410 ἄλλως.
1676 1341 1883 1421 ἀγυιεῦς

345 1435 473 1494 κίων
510 1436 582 1501 εἷς
613 1432 701 1504 ὀξὺ
736 1434 933 1512 λήγων,
962 1431 1017 1492 ὃν
1051 1436 1229 1492 ἱστᾶσι
1251 1430 1354 1513 πρὸ
1375 1435 1481 1493 τῶν
1506 1434 1692 1513 θυρῶν.
1723 1430 1883 1499 ἰδίους

347 1520 406 1583 δι’
442 1545 599 1604 φασιν
637 1520 821 1589 αὐτοὺς
862 1512 994 1581 εἶναι
1020 1518 1376 1594 Ἀπόλλωνος,
1410 1521 1457 1577 οἱ
1491 1518 1546 1577 δὲ
1590 1518 1881 1592 Διονύσου,

348 1613 396 1668 οἱ
419 1611 473 1670 δὲ
499 1612 712 1692 ἀμφοῖν.
739 1609 850 1671 ἔστι
874 1607 928 1669 δὲ
951 1610 1082 1667 ἴδιον
1105 1606 1367 1689 Δωριέων.
1397 1596 1497 1665 ε’ίεν
1526 1606 1571 1665 δ’
1595 1605 1656 1665 ἂν
1684 1610 1732 1666 οἱ
1755 1605 1882 1687 παρ’

349 1696 598 1764 Ἀττικοῖς
616 1693 888 1776 λεγόμενοι
917 1696 1132 1776 Ἀγυιεῖς
1158 1699 1208 1754 οἱ
1234 1694 1336 1778 πρὸ
1354 1699 1457 1754 τῶν
1478 1698 1655 1754 οἰκιῶν
1688 1696 1881 1775 βωμοὶ,

347 1789 416 1857 ὣς
442 1787 715 1868 Σοφοκλῆς
748 1787 986 1864 μετάγων
1027 1782 1093 1844 τὰ
1117 1782 1400 1857 Ἀθηναίων
1439 1784 1530 1855 ἔθη
1574 1787 1645 1850 εἰς
1682 1784 1881 1864 Τροίαν

349 1873 477 1954 φησί
499 1900 523 1924 «ι
543 1873 743 1952 λάμπει
769 1873 811 1932 δ’
835 1871 1060 1952 Ἀγυιεὺς
1085 1870 1290 1952 βωμὸς,
1313 1871 1545 1949 ἀλμίζων
1569 1872 1693 1953 πυρί
1714 1869 1884 1954 σμύρ-

347 1986 439 2035 νης
456 1961 791 2042 σταλαγμοὺς
807 1960 1096 2044 βαρὸάρους
1110 1960 1373 2038 εὖοσμίας.
1393 1988 1416 2014 υ
1440 1962 1634 2029 ἄλλως.
1657 1959 1884 2040 Ἀγυιεὺς

349 2055 377 2110 ὁ
405 2053 507 2133 πρὸ
556 2054 662 2110 τῶν
712 2049 932 2127 αὐλείων
990 2052 1157 2131 θυρῶν
1203 2047 1484 2120 κωνοειδὴς
1533 2048 1697 2123 κίων,
1746 2049 1884 2130 ἱερὸς

350 2138 700 2212 Ἀπόλλωνος,
728 2138 819 2197 καὶ
848 2135 999 2205 αὐτὸς
1026 2135 1151 2205 θεός.
1183 2138 1525 2218 Φερεκράτης
1548 2138 1884 2217 Κραπατάλ-

347 2229 458 2295 λοις
505 2255 532 2283 σι
554 2217 599 2287 ὦ
627 2226 839 2287 δέσποτ’
872 2226 1107 2305 Ἀγυιεῦ,
1144 2230 1310 2283 ταῦτα
1339 2224 1404 2284 σὺ
1433 2222 1677 2326 μέμνησό
1717 2248 1836 2304 μου.
1860 2253 1884 2279 ν

350 2314 494 2380 Quae
530 2308 681 2366 illata
707 2320 841 2367 sunt
864 2327 936 2365 ex
963 2305 1140 2365 suida
1164 2325 1212 2363 8.
1250 2303 1480 2384 Ἀγυιαι,
1521 2306 1746 2364 omissis
1773 2307 1885 2365 illis

350 2417 479 2474 quae
506 2397 582 2456 de
610 2397 899 2477 συναλοιφῇ
929 2396 1236 2453 accusativi
1272 2396 1454 2471 ἀγυιᾶς
1491 2394 1783 2466 dicuntur,
1813 2415 1886 2453 ex

350 2485 562 2563 quibus
589 2487 728 2565 ipsis
754 2485 1115 2547 manifestum
1137 2493 1224 2541 est
1243 2480 1436 2542 Suidae
1454 2483 1883 2542 annotationem

349 2594 469 2632 non
495 2595 619 2633 esse
642 2595 716 2633 ex
741 2572 974 2632 scholiis
996 2572 1069 2630 ad
1099 2570 1252 2629 hunc
1277 2590 1507 2628 versum
1535 2585 1884 2650 excerptam,

351 2662 452 2721 sed
481 2684 553 2722 ex
581 2662 1071 2741 Harpocratione,
1112 2659 1324 2717 additis
1354 2679 1426 2717 ex
1456 2658 1572 2717 alio
1600 2680 1883 2736 gramma·

352 2751 469 2809 tico
489 2750 684 2809 verbis
705 2750 1009 2829 postremis
1035 2747 1459 2828 Φερεκράτης--
1480 2769 1601 2827 μου,
1617 2768 1744 2825 quae
1765 2769 1883 2809 non

349 2838 620 2917 leguntur
649 2839 807 2918 apud
848 2837 1389 2916 Harpocrationem‚
1426 2836 1696 2915 leguntur
1728 2838 1885 2918 apud

349 2931 630 2986 Zonaram
657 2928 770 2987 vol.
802 2948 850 3000 ι,
878 2947 933 3005 p.
972 2945 1064 2984 ao.
1090 2929 1272 2983 Dum.

430 3016 571 3089 878,
606 3037 677 3094 ¹9
704 3014 1062 3075 scribebatur
1086 3011 1367 3094 ἑψημένον.

433 3104 578 3178 884,
615 3115 688 3174 24
723 3102 999 3185 ἀκαλήφαν
1028 3107 1095 3161 V.
1137 3107 1343 3160 Postea
1372 3101 1426 3160 ἐν
1458 3099 1680 3160 addidit
1711 3102 1884 3162 Dind.

355 3190 642 3252 Φοίνισσαι
687 3192 1089 3270 Aristophanis
1139 3202 1273 3247 sunt
1302 3212 1316 3247 ε
1350 3189 1479 3247 vide
1508 3190 1712 3267 fragm.
1745 3190 1882 3263 473.

433 3283 547 3356 887
576 3281 681 3342 ἀπὸ
705 3287 795 3341 τοῦ
825 3280 1104 3360 proponit
1129 3280 1483 3340 Dindorfius.

433 3373 578 3448 892,
611 3373 682 3443 37
711 3372 875 3429 ἐλθεῖν
908 3371 1117 3427 Victor.
1146 3381 1205 3427 et
1232 3370 1414 3426 altero
1440 3369 1569 3426 loco
1596 3372 1661 3426 V.

433 3458 572 3536 895,
596 3468 661 3527 4ι
691 3456 1029 3530 Κυδαθηναία
1053 3459 1125 3518 V.
1151 3452 1521 3527 Κυδαθηναιέα
1553 3455 1677 3514 ΔΙά.
1709 3490 1784 3502 -
1809 3460 1883 3526 43

351 3546 560 3604 lemma
603 3546 874 3605 Aldinum
926 3542 1164 3612 Αἰξωνέα
1211 3544 1462 3602 correxit
1510 3543 1777 3603 Dindorf.
1824 3591 1887 3602 -

354 3642 429 3702 44
484 3631 743 3702 Αἰξωνεὺς
787 3640 856 3693 G.
885 3630 1106 3702 άξωνεὺς
1148 3638 1216 3692 V.
1268 3631 1437 3693 Πανδ.
1490 3632 1656 3711 φυλῆς
1708 3630 1743 3704 ἢ
1795 3637 1886 3704 τῆς

354 3723 467 3781 Κεκ
502 3766 516 3779 .
559 3721 689 3780 Ald.

434 3745 548 3886 827
574 3816 638 3867 R.
668 3810 788 3869 haec
816 3808 990 3868 modo
1018 3807 1224 3882 habet,
1251 3809 1301 3867 οἱ
1326 3806 1552 3868 Ἀττικοὶ
1582 3806 1671 3868 τὸν
1711 3808 1885 3869 κλοιὸν

352 3896 522 3956 κλωὸν
554 3895 749 3976 ἔλεγον.
782 3933 864 3949 —
900 3899 972 3967 48
1000 3900 1048 3955 οἱ
1086 3918 1203 3956 om.
1236 3903 1306 3956 V.
1333 3899 1466 3956 Ald.
1499 3937 1561 3947 -
1584 3898 1652 3956 51
1694 3900 1882 3981 προσδ.

351 3984 700 4045 Dindorfius.
728 3985 1095 4068 προδεσμεύειν
1120 3991 1191 4047 V.
1223 3985 1491 4064 δεσμεύειν
1516 3987 1643 4047 ΑΙιΙ.

434 4075 549 4150 898
564 4118 582 4148 ,
603 4076 676 4143 54
700 4074 914 4141 θάνατος
938 4077 1009 4140 ὥς
1032 4076 1085 4133 ἰν
1112 4081 1179 4134 V.

434 4183 576 4239 900,
599 4163 634 4221 5
663 4161 881 4242 βαρέως.
912 4168 1168 4223 Fuerunt
1190 4164 1342 4222 enim
1370 4164 1471 4241 qui
1497 4163 1721 4223 κλεπτόν
1741 4166 1885 4225 scri-

353 4250 561 4316 berent
614 4251 862 4323 ὀξυτόνως
891 4297 911 4327 ,
970 4266 1038 4314 ut
1084 4268 1173 4312 est
1221 4255 1282 4313 in
1331 4253 1483 4313 libro
1528 4260 1880 4316 Ravennate.

350 4344 570 4495 ngiia.
602 4420 878 4479 Scholion
902 4420 1149 4480 hominis
1168 4421 1336 4481 valde
1356 4423 1631 4501 imperiti.
1655 4424 1884 4483 Aristo-

285 4568 294 4572 -
349 4506 602 4585 phanem
634 4513 732 4568 ποῦ
760 4507 1067 4586 μοῦδιώκων
1100 4505 1398 4587 scripsisse
1424 4511 1646 4570 ostendi
1676 4512 1737 4569 in
1772 4531 1881 4571 an-

348 4596 647 4654 notatione
689 4596 761 4656 ad
795 4598 949 4656 hunc
987 4618 1236 4656 versum.
1279 4604 1343 4656 In
1391 4619 1555 4658 versu
1586 4599 1882 4677 Eupolidis

349 4679 486 4763 ἇνὴρ
514 4687 541 4743 ὁ
566 4684 784 4763 γλάιιων
809 4686 1054 4745 correxi.
1080 4684 1211 4768 ἀνὴρ
1234 4689 1264 4744 ὁ
1289 4685 1508 4766 γλήμων
1533 4685 1770 4765 (τλήμων
1791 4691 1882 4768 V.)

348 4768 486 4828 Δίὰ.
524 4772 720 4831 Minus
746 4772 1064 4850 probabilis
1091 4773 1423 4850 conjectura
1450 4776 1719 4849 Porsoni,
1747 4772 1881 4858 ἀνὴρ

354 4857 614 4922 delentis.
641 4865 821 4920 Dum.
845 4864 1009 4924 Cous.
1035 4864 1283 4921 Meinek.
1309 4868 1472 4924 Com.
1491 4871 1617 4944 1,p.
1655 4868 1769 4933 432
1795 4886 1880 4945 sq.

434 4950 549 5024 903
568 4993 586 5023 ,
622 4953 690 5010 16
713 4954 742 5010 ὁ
765 4949 1099 5012 Βδελυκλέων
1127 4956 1349 5011 Portus.

434 5035 552 5114 90⁵
579 5038 875 5112 Κυδαθηνεῖ
896 5045 966 5101 V.
1000 5040 1093 5100 hic
1120 5054 1177 5100 et
1208 5060 1346 5102 mox
1369 5041 1600 5102 iterum.

2047 658 2111 713 9¹
2128 647 2183 711 4,
2210 639 2284 697 35
2312 640 2673 699 scribebatur
2691 643 2969 702 Φιλοκλεῖ.
2998 644 3187 705 Verba
3211 648 3240 705 ὃ
3259 645 3505 731 βδελυρὸς

1965 713 2113 789 οὗτος
2152 744 2329 803 quum
2366 728 2423 786 in
2458 727 2584 786 aliis
2625 729 2789 789 libris
2829 730 2901 787 ad
2937 733 3323 795 Philocleonis
3360 756 3501 799 ora-

1968 811 2180 871 tionem
2231 814 2434 873 referri
2474 828 2716 875 annotet
2758 817 3067 878 scholiasta
3111 821 3170 879 in
3196 842 3307 880 suo
3348 823 3503 881 libro

1966 918 2133 957 servo
2157 900 2373 959 tributa
2394 901 2633 961 invenit.
2656 908 2789 977 Quo
2808 918 3033 982 spectat
3055 906 3179 984 ejus
3194 913 3503 986 annotatio,

1965 984 2026 1044 τὸ
2047 986 2191 1062 ἑξῆς,
2215 987 2597 1058 κατεσικέλιζεν
2622 994 2650 1049 ὁ
2675 991 2940 1073 βδελυρός.
2980 998 3163 1055 Dum.

2034 1094 2185 1219 ὶ9ι7,
2217 1077 2291 1134 38
2314 1097 2400 1154 sq.
2419 1079 2496 1158 τῷ
2510 1081 2669 1159 κοινῷ
2694 1078 2800 1139 ἀπὸ
2819 1083 2977 1162 κοινῷ
2996 1086 3089 1163 νῷ.
3115 1083 3312 1145 οὐδὲτὸ
3333 1085 3503 1149 κοινὸν

1967 1163 2037 1220 ἐπ
2079 1165 2184 1222 τῶν
2207 1168 2274 1224 V.

2047 1259 2162 1326 9²4
2184 1296 2200 1325 ‚
2233 1260 2303 1325 47
2328 1253 2633 1314 ἐπαίδευσεν
2659 1257 2787 1316 Ald.
2809 1259 3172 1339 περιπλεύσων
3198 1261 3288 1323 τὸν
3314 1269 3384 1323 V.

2048 1341 2186 1415 925,
2218 1361 2242 1397 1
2274 1349 2453 1422 σκῖρον
2480 1342 2576 1402 hic
2599 1356 2659 1403 et
2681 1345 2834 1404 infra
2854 1350 2926 1408 V.
2952 1347 3327 1411 Scribebatur
3354 1350 3506 1435 σκίρ-

1969 1447 2055 1506 ρον
2076 1427 2137 1484 in
2156 1427 2424 1488 lemmate
2441 1443 2498 1488 et
2520 1431 2576 1489 in
2592 1431 2834 1491 scholiO.
2851 1471 2914 1482 —
2934 1455 2969 1493 2
2988 1436 3059 1501 ὣς
3072 1455 3189 1499 om.
3212 1444 3284 1496 V.
3297 1443 3508 1499 Versus

1969 1512 2206 1573 fortasse
2257 1518 2338 1575 sic
2394 1517 2878 1597 redintegrandus
2898 1566 2913 1594 ,
2966 1524 3148 1592 λοιπὸς
3194 1525 3294 1607 γὰρ
3343 1527 3510 1594 οὐδεὶς

1969 1598 2143 1680 (τυρὸν
2163 1601 2473 1680 intelligit),
2485 1602 2625 1677 πλὴν
2657 1607 2903 1689 τροφαλὶς
2918 1609 3114 1683 ἐκεινηὶ
3129 1626 3242 1672 etc.
3262 1614 3510 1695 τροφαλὶς

1969 1705 2043 1744 ex
2069 1690 2352 1767 Eupolide
2377 1692 2638 1765 PhotiuS,
2671 1703 2849 1777 σκῖρος
2876 1718 2947 1755 ex
2975 1699 3182 1759 eodem
3209 1704 3511 1779 annotavit

1970 1780 2160 1853 Etym.
2194 1784 2273 1838 M.
2297 1784 2476 1839 Dum.
2502 1784 2828 1843 Articulum
2850 1773 3028 1845 modo
3049 1788 3239 1864 addit,
3265 1793 3303 1862 ἡ
3330 1813 3510 1873 τροφ.,

1969 1865 2219 1923 Meinek.
2255 1872 2415 1925 Com.
2442 1873 2499 1941 1,
2525 1889 2583 1947 p.
2618 1870 2751 1930 538.

2049 1962 2163 2029 947
2194 1953 2317 2013 haec
2339 1954 2514 2014 habet
2538 1962 2610 2016 R.
2619 2000 2637 2030 ,
2660 1963 2842 2019 τοῦτον
2871 1958 3258 2045 ἐξωστράκισαν
3280 1967 3330 2025 οἱ
3361 1964 3501 2038 Ἀθη·

1968 2047 2105 2099 ναῖοι
2132 2050 2154 2099 ῖ
2185 2039 2300 2113 ἔτη.
2332 2043 2567 2124 διαφέρει
2588 2043 2691 2128 γὰρ
2719 2052 2859 2130 φυγῆ
2887 2050 3020 2128 [sic]
3042 2053 3401 2132 ὀστρακισμοῦ
3426 2052 3511 2114 ὅτι

1969 2132 2075 2189 τῶν
2109 2128 2204 2208 μὲν
2237 2129 2531 2213 φευγόντων
2579 2139 2635 2195 αἱ
2680 2136 2854 2196 οὐσίαι
2901 2138 3219 2217 δημεύονται
3231 2184 3252 2212 ,
3301 2144 3405 2201 τῶν
3453 2142 3509 2202 δὲ

1971 2219 2312 2301 ὀστρακισμῷ
2340 2219 2711 2298 μεταστάντων
2739 2222 2935 2282 οὐκέτι.
2977 2264 3040 2275 -
3078 2238 3147 2295 4ῑ
3183 2229 3512 2302 Θουκυδίδης

1970 2303 2182 2384 λέγεται
2204 2312 2271 2365 V.
2292 2345 2355 2357 -
2372 2316 2449 2377 4ο
2464 2309 2823 2371 scribebatur
2840 2314 3108 2387 Μιλησίου
3133 2317 3229 2375 hic
3250 2330 3310 2376 et
3332 2331 3422 2376 ter
3449 2321 3510 2377 in

1972 2394 2202 2456 scholiis
2223 2398 2523 2475 proximis.
2553 2397 2611 2457 δὲ
2635 2419 2753 2457 om.
2786 2404 2855 2459 R.
2872 2405 2937 2462 V.
2958 2440 3022 2453 --
3046 2405 3119 2477 43
3138 2403 3232 2464 καὶ
3251 2404 3339 2464 τὸν
3362 2411 3427 2465 V.
3446 2445 3513 2458 —

1975 2484 2050 2553 46
2086 2483 2304 2566 ἐξωστρ.
2345 2484 2407 2545 τὸ
2433 2483 2640 2566 φεύγειν
2658 2491 2732 2547 V.
2775 2501 2835 2547 et
2858 2490 2995 2549 Ald.
3021 2528 3086 2541 -
3113 2503 3189 2566 47
3212 2493 3276 2553 τὸ
3297 2493 3354 2552 δὲ
3377 2494 3509 2578 φεύ-

1971 2594 2133 2650 γοντα
2154 2576 2225 2632 V.
2268 2617 2333 2630 ..
2362 2574 2418 2631 5.
2449 2577 2478 2632 ὁ
2501 2574 2722 2645 Γήττιος
2747 2575 2878 2637 Διά.
2904 2623 2967 2636 ...
2995 2580 3032 2636 6
3059 2579 3155 2638 καὶ
3179 2600 3297 2640 om.
3326 2587 3394 2640 V.
3431 2614 3514 2631 -—

1981 2668 2049 2729 ι4
2074 2657 2525 2719 καταδικασθέντα
2546 2662 2676 2721 Ald.
2699 2699 2764 2712 -
2787 2685 2806 2719 ι
2823 2662 2856 2721 5
2881 2665 3220 2727 Dindorlius
3235 2667 3512 2729 indicavit

1973 2749 2254 2808 lacunam.
2283 2750 2504 2823 ὑπείδοι,
2530 2771 2598 2823 17
2627 2750 2724 2823 τὴν
2748 2753 2885 2810 Μελ.
2909 2760 2983 2815 V.

2053 2845 2203 2916 949,
2231 2842 2304 2898 23
2333 2834 2454 2905 τοὺς
2481 2835 2538 2897 δὲ
2570 2835 2757 2907 λύκους
2779 2838 2898 2908 τοὺς
2926 2842 3257 2924 συκοφάντας
3280 2851 3349 2906 V.
3376 2848 3506 2908 Ald.

2052 2927 2205 3003 959,
2250 2928 2323 2984 32
2367 2924 2544 2995 παίζει
2586 2927 2703 3006 βαδ.
2747 2932 2821 2987 V.
2867 2929 2993 2988 Ald.
3038 2931 3239 3000 παίζων
3284 2934 3404 3012 βάδ.
3432 2942 3506 2996 R.

1973 3020 2311 3074 Correctum
2335 3035 2410 3073 ex
2431 3014 2654 3074 scholio
2681 3019 2794 3073 Av.
2827 3019 2973 3084 1432
2998 3031 3057 3077 et
3077 3018 3256 3078 Suida
3271 3040 3319 3079 s.
3346 3021 3509 3102 Πεζῇ.

2052 3103 2192 3180 965,
2223 3111 2294 3176 47
2324 3101 2765 3183 περιτετμηκέναι
2786 3103 2917 3164 ΑΜ.

2052 3191 2190 3267 968,
2221 3199 2297 3266 49
2324 3191 2470 3271 παρὰ
2487 3189 2813 3271 τραχηλίων,
2858 3192 2925 3250 51
2957 3191 3070 3252 ἔστι
3097 3190 3202 3275 γὰρ
3229 3195 3508 3277 ὀστράκιόν

1973 3292 2027 3328 τι
2044 3314 2061 3343 ,
2089 3268 2164 3328 52
2185 3278 2293 3337 τοῖς
2315 3268 2665 3351 κηρυκίοιςῖἴ.
2690 3302 2770 3313 -
2792 3271 2865 3340 54
2886 3272 2936 3330 οἱ
2956 3292 3071 3330 om.
3092 3277 3162 3331 V.
3188 3273 3512 3357 προσίψημα

1973 3360 2026 3418 ἐν
2050 3358 2320 3425 λοπαδίοις
2352 3358 2488 3430 ΑΜ,
2505 3390 2586 3403 —-·
2626 3360 2659 3415 3
2703 3359 2757 3416 ἐν
2786 3360 3038 3440 ἐπιστολῇ
3066 3361 3310 3438 μονόστις
3336 3371 3407 3425 V.
3453 3368 3509 3426 ἐν

1973 3448 2224 3526 ἐπιστολῇ
2276 3443 2452 3524 μόνιός
2500 3468 2580 3512 τις
2626 3448 2756 3505 Ald-
2803 3448 3146 3508 Emendavit
3193 3454 3512 3516 Meinekius

1975 3541 2121 3598 Hist.
2162 3544 2325 3598 Com.
2379 3558 2440 3617 p.
2485 3539 2561 3596 82
2604 3559 2694 3617 sq.
2741 3540 2796 3598 lv
2825 3539 3181 3619 Ἐπιλήσμονι
3222 3543 3351 3623 (sic,
3392 3566 3510 3608 nou

1974 3628 2181 3707 plurali
2207 3625 2512 3705 numero),
2543 3653 2567 3679 a
2589 3625 2729 3694 ὅστις
2752 3628 3019 3711 παρέθηκε
3039 3629 3323 3712 τραχήλια.
3343 3660 3367 3688 »2

2054 3718 2191 3797 973,
2225 3716 2294 3774 15
2322 3714 2475 3787 ἄηθες
2506 3737 2621 3775 om.
2652 3723 2723 3777 V.

2054 3807 2195 3885 975,
2231 3827 2295 3879 17
2328 3805 2430 3864 δικ.
2455 3802 2574 3864 ὅλον
2602 3804 2690 3864 τὸν
2724 3804 2946 3887 γέροντα
2973 3810 3044 3865 R.
3076 3806 3170 3867 καὶ
3189 3827 3304 3868 om.
3329 3811 3402 3868 V.
3431 3845 3496 3857 —

1975 3908 2042 3946 at
2079 3909 2266 3964 κατηγ.
2294 3883 2351 3943 δὲ
2379 3884 2468 3943 καὶ
2499 3884 2607 3944 ἄνω
2630 3889 2700 3943 V.

2055 3997 2192 4053 977,
2225 3995 2258 4031 a
2283 3972 2578 4053 κνυζησμὸς
2593 3978 2662 4032 V.

2051 4067 2202 4140 983,
2252 4065 2326 4120 36
2356 4053 2447 4121 οὗν
2476 4084 2590 4121 om.
2634 4067 2733 4137 R.,
2758 4063 2859 4140 qui
2887 4060 3052 4121 αἴτιον
3077 4060 3300 4140 ἐγίνετο.
3333 4100 3406 4110 -
3433 4069 3507 4141 37

1970 4151 2278 4231 ἠμὸλύνθην
2302 4157 2373 4209 G.
2410 4147 2660 4230 ἠμὸλύθη
2681 4154 2753 4208 R.
2783 4156 2856 4209 V.
2885 4148 3165 4228 ἠμὸλύνθη
3192 4152 3325 4211 Ald.
3350 4192 3412 4203 —
3433 4156 3509 4234 39

1970 4240 2051 4301 ὅτι
2073 4261 2191 4298 om.
2216 4244 2278 4298 V.
2301 4276 2365 4288 -
2389 4248 2462 4308 4ο
2485 4239 2726 4297 κλαίουσι
2744 4236 2835 4296 καὶ
2855 4241 2903 4297 θ.
2931 4239 3065 4298 Ald.

2048 4332 2187 4405 987,
2225 4338 2299 4406 49
2325 4317 2462 4400 ἦσαν
2489 4327 2618 4387 Ald.
2661 4365 2727 4380 --
2770 4325 2841 4386 53
2884 4326 2972 4386 τὸν
3014 4347 3132 4386 om.
3161 4333 3233 4387 V.
3258 4329 3392 4388 Ald.
3427 4364 3507 4377 -

1972 4437 2007 4476 2
2049 4420 2123 4485 εἰς
2164 4416 2225 4478 τὸ
2265 4416 2477 4500 ὕστερον
2517 4415 2578 4476 τὸ
2616 4421 2685 4476 V.
2713 4453 2776 4465 —
2807 4415 2840 4474 5
2868 4413 2956 4474 τὸν
2986 4412 3042 4473 δὲ
3070 4415 3262 4496 ἄκυρον
3291 4415 3508 4499 ὕστερον

1969 4504 2102 4565 Δίἀ.
2140 4503 2229 4564 τὸν
2257 4504 2304 4563 δ’
2335 4501 2509 4585 ἕτερον
2545 4501 2736 4584 ἄκυρον
2769 4506 2839 4560 R.
2869 4503 3169 4581 sequentia
3204 4504 3503 4561 omittens.

1966 4632 2049 4648 —-
2082 4598 2119 4655 6
2156 4594 2455 4655 ἀπέὸαλλον
2500 4597 2690 4677 ᾕφον.
2740 4592 2972 4665 συνήθως
3004 4591 3107 4675 γὰρ
3152 4593 3374 4653 καλοῦσι
3413 4592 3505 4652 τὸν

1969 4684 2066 4765 μὲν
2104 4683 2280 4768 κύριον
2319 4682 2559 4767 ἀμφορέα
2587 4681 2856 4766 πρότερον,
2881 4681 2972 4742 τὸν
2997 4680 3051 4740 δὲ
3076 4679 3266 4762 ἄκυρον
3289 4678 3506 4763 ὕστερον

1969 4780 2175 4835 Venet.

2049 4885 2186 4941 991,
2221 4864 2287 4921 13
2310 4860 2596 4941 βάλλονται
2613 4865 2683 4918 V.
2709 4898 2771 4911 -
2792 4878 2866 4918 ao
2888 4855 3008 4925 τοὺς
3032 4870 3091 4918 et
3112 4877 3186 4916 aa
3209 4855 3305 4929 τὴν
3327 4860 3503 4939 ψῆφον

1968 4964 2026 5008 et
2052 4954 2125 5009 25
2151 4954 2180 5009 ὁ
2206 4961 2339 5009 ante
2366 4945 2513 5008 ἐλεόυ
2541 4967 2664 5009 om.
2698 4953 2771 5006 V.
2807 4981 2879 4992 —-
2910 4948 2983 5005 26
3010 4949 3081 5012 εἰς
3105 4942 3201 5017 τὴν
3231 4950 3324 5004 τοῦ
3351 4942 3504 5005 ἐλίου

1968 5040 2150 5120 βαλεῖν
2179 5042 2253 5098 V.
