3859 5725
381 307 494 358 3⁴2

373 430 467 488 τοῦ
494 425 725 504 φάγοιτε.
756 425 814 474 V·
843 420 1002 500 ἤγουν
1043 416 1191 488 δίκην
1227 412 1433 496 τράγων
1468 412 1587 481 τοὺς
1624 411 1800 494 ὄρχεις
1826 409 1941 470 λεί-

373 536 516 593 χετε.
545 522 608 569 Ρ.
637 509 844 590 λείχετε
869 506 939 566 τὰ
961 507 1134 565 αἰδοῖα
1160 501 1420 576 δηλονότι.
1453 513 1542 563 Br.

452 620 549 660 ποῦ.
591 594 899 678 θρεττανελὸ
929 594 1017 654 τὸν
1043 591 1319 654 Κύκλωπα
1359 611 1374 651 2
1415 580 1495 675 ²⁸?
1532 586 1724 665 σαυτὸν
1750 585 1943 668 παρεί-

373 710 557 754 κασας.
583 696 647 744 P.

317 802 345 841 5
451 795 550 836 2⁰7.
614 770 947 853 βληχώμενοι
1010 789 1026 830 z
1083 765 1444 833 Ἆναὸοῶντες.
1491 760 1878 829 καταλαὸόπες
1924 781 1940 821 :

372 862 584 942 Ὥσπερ
611 864 804 920 ἐκεῖνον
832 862 860 916 6
888 854 1201 926 Ὀδυσσεὺς,
1228 852 1603 935 κρατήσαντες.
1631 859 1694 907 P·

453 971 552 1011 2⁰8.
595 947 775 1030 πήραν
816 946 1007 1026 ἔχοντα
1053 965 1068 1005 1
1113 941 1397 1011 Φιλοξένου
1442 940 1555 1000 ἐστὶ
1601 935 1943 1019 παρηγμένον

374 1040 467 1098 καὶ
488 1042 644 1097 τοῦτο
674 1034 736 1095 τὸ
768 1032 940 1117 ῥητόν.
963 1037 1196 1092 τοιοῦτον
1219 1028 1323 1111 γὰρ
1362 1027 1451 1088 τὸν
1481 1027 1755 1089 Κύκλωπα
1790 1025 1942 1084 εἰσά-

374 1147 483 1205 γει,
526 1122 705 1205 πήραν
751 1119 944 1201 ἔχοντα
991 1118 1084 1178 καὶ
1138 1117 1227 1177 ἐπὶ
1270 1115 1440 1195 ταύτῃ
1497 1113 1711 1194 λάχανα
1760 1112 1938 1194 ἄγρια.

301 1236 350 1275 ιο
375 1218 544 1272 ταῦτα
569 1212 625 1270 δέ
651 1232 781 1291 φησι
805 1206 899 1267 καὶ
924 1205 993 1267 τὰ
1014 1206 1130 1278 ἑξῆς
1145 1251 1164 1284 ,
1187 1209 1257 1274 ὣς
1279 1204 1370 1265 καὶ
1395 1208 1488 1275 τῆς
1510 1200 1822 1285 τυφλώσεως
1845 1203 1943 1259 αὐ-

375 1306 468 1361 τοῦ
507 1298 666 1373 οὔσης
717 1301 771 1357 ἐν
809 1301 888 1378 τῷ
931 1295 1210 1373 ποιήματι.
1257 1324 1324 1335 -
1370 1290 1589 1358 Ἄλλως.
1638 1294 1859 1350 ἐνταῦθα
1912 1293 1942 1348 6

375 1387 599 1459 ποιητὴς
622 1385 953 1465 παιγνιωδῶς
978 1381 1210 1464 ἐπιφέρει
1236 1380 1304 1440 τὰ
1329 1386 1421 1439 τοῦ
1452 1378 1737 1448 Φιλοξένου
1767 1377 1940 1437 εἶπόν-

374 1500 463 1544 τος
479 1475 654 1557 πήραν
672 1472 954 1553 βαστάζειν
973 1470 1063 1530 τὸν
1088 1469 1380 1541 Κύκλωπα,
1401 1467 1492 1528 καὶ
1506 1467 1719 1546 λάχανα
1732 1465 1939 1525 ἐσθίειν.

377 1564 514 1625 οὕτω
526 1561 629 1644 γὰρ
648 1560 906 1633 πεποίηκε
921 1557 1009 1618 τὸν
1025 1562 1118 1617 τοῦ
1138 1555 1431 1623 Κύκλωπος
1449 1552 1735 1635 ὑποκριτὴν
1753 1555 1823 1620 εἷς
1843 1551 1940 1625 τὴν

304 1671 350 1711 15
379 1650 577 1723 σκηνὴν
611 1647 967 1727 εἰσαγόμενον.
1006 1644 1240 1724 ἐμνήσθη
1270 1642 1326 1703 δὲ
1358 1642 1449 1702 καὶ
1476 1647 1570 1715 τῆς
1598 1639 1938 1723 τυφλώσεως,

373 1745 446 1808 ὥς
479 1738 637 1810 οὔσης
665 1739 718 1797 ἓν
746 1739 823 1817 τῷ
849 1734 1131 1813 ποιήματι.
1174 1737 1343 1792 ταῦτα
1379 1729 1436 1791 δὲ
1473 1730 1649 1790 πάντα
1678 1727 1939 1810 διασύρων

374 1826 463 1888 τὸν
495 1823 779 1892 Φιλόξενον
818 1812 982 1894 εἶπεν,
1022 1823 1093 1888 ὥς
1122 1818 1198 1899 μὴ
1232 1816 1572 1890 ἀληθεύοντα.
1612 1821 1641 1876 6
1676 1815 1780 1898 γὰρ
1825 1814 1941 1876 Κύ-

374 1915 552 1993 κλωψ,
576 1912 645 1979 ὥς
670 1933 824 1993 φησιν
852 1907 1125 1989 αΟμηρος,
1148 1904 1279 1988 κρέα
1304 1905 1481 1978 ἤσθιε,
1504 1904 1596 1963 καὶ
1619 1906 1678 1963 οὐ
1700 1903 1941 1983 λάχανα·

374 2000 410 2059 ἃ
427 2000 598 2060 τοίνυν
626 1998 814 2080 ἔφησεν
839 1999 952 2056 ἐκεῖ
970 2001 999 2056 6
1025 1993 1311 2063 Φιλόξενος
1325 2038 1341 2066 ,
1364 1999 1532 2051 ταῦτα
1557 1997 1586 2052 6
1606 1990 1762 2073 χορὸς
1789 1994 1860 2058 εἰς
1881 1990 1943 2050 τὸ

296 2105 350 2143 2⁰
378 2088 536 2167 μέσον
564 2086 826 2168 ἀναφέρει.
860 2090 997 2139 Juut.

453 2174 628 2256 πήραν
662 2194 677 2233 :
715 2171 1028 2246 Σακούλιον,
1072 2167 1254 2250 ὥσπερ
1300 2171 1511 2235 ἐκεῖνος.
1558 2165 1771 2247 λάχανα
1815 2186 1830 2226 :
1876 2165 1938 2227 “A

376 2267 595 2342 συνῆγεν
619 2263 809 2327 ἐκεῖνος
831 2262 904 2327 εἰς
925 2256 1138 2340 τροφήν.
1165 2255 1384 2334 ἐμέθυσε
1407 2253 1510 2335 γὰρ
1535 2256 1730 2313 ἐκεῖνον
1756 2255 1943 2314 Ὀδυσ-

380 2351 518 2419 σεύς.
547 2348 799 2432 δροσερὰς
820 2345 1092 2428 Τρυφερά.
1116 2346 1493 2424 κραιπαλῶντα
1523 2364 1538 2404 :
1563 2342 1860 2404 Μεθύοντα.
1874 2355 1939 2401 Ρ.

455 2438 547 2498 καὶ
560 2438 938 2520 κραιπαλῶντα
964 2454 979 2494 2
1033 2431 1175 2495 Ἀντὶ
1197 2436 1288 2491 τοῦ
1312 2434 1373 2489 ἐκ
1398 2431 1559 2509 μέθης
1582 2433 1909 2490 ἀτακτοῦντα
1924 2475 1941 2502 ,

295 2545 346 2586 25
376 2524 660 2603 μεθύοντα,
680 2521 787 2582 ἀπὸ
803 2527 894 2581 τοῦ
916 2524 1021 2578 τῶν
1040 2517 1257 2599 καιρίων
1283 2517 1626 2599 σφάλλεσθαι.
1689 2557 1764 2570 --
1790 2541 1937 2600 κραι-

372 2612 519 2685 πάλη
548 2610 652 2692 γᾶιρ
681 2616 714 2682 ἡ
741 2607 956 2690 χθεσινὴ
999 2605 1132 2685 μέθη
1160 2605 1447 2687 καραπάλη
1476 2629 1553 2673 τις
1578 2589 1728 2665 offen.
1755 2618 1818 2664 V.

452 2722 549 2762 29⁹.
590 2699 877 2778 ἡγούμενον
908 2717 923 2757 τ
959 2694 1415 2776 Προοδοποιοῦντα
1442 2693 1669 2767 τούτοις,
1702 2686 1774 2762 οἶς
1801 2699 1942 2773 ἡμᾶς

375 2786 690 2856 ἀπεικάζεις.
717 2798 774 2845 θ.
806 2795 870 2842 P.
1040 2828 1050 2838 .

451 2898 550 2939 ³00.
594 2878 707 2948 εἰκῆ
737 2896 751 2935 :
787 2871 1009 2943 Μάτην,
1038 2868 1130 2929 καὶ
1148 2871 1220 2936 ὡς
1246 2866 1513 2949 ἔτυχεν-ἢ
1543 2870 1797 2952 ἀκαίρως.
1823 2871 1939 2930 ὅθεν

296 2990 349 3029 ao
374 2965 464 3026 καὶ
488 2966 706 3034 εἰκαῖος,
731 2965 759 3019 6
784 2958 1023 3037 μάταιος.
1045 2967 1185 3015 Junt.

457 3054 592 3130 (εἰκῆ
622 3047 678 3109 δὲ
714 3043 1111 3126 καταδαρθέντα
1140 3063 1155 3103 :
1194 3042 1293 3111 Ὧς
1320 3042 1458 3104 ἔοικε
1481 3044 1939 3123 κατακοιμηθέντα

372 3163 475 3200 που
489 3186 505 3213 ,
534 3143 602 3207 ὡς
629 3137 716 3197 τὸν
764 3134 1041 3197 Κύκλωπα
1055 3177 1071 3205 ,
1112 3130 1171 3191 ὃν
1216 3137 1476 3210 μιμεῖται.
1510 3138 1602 3191 τοῦ
1645 3131 1700 3192 δὲ
1739 3132 1941 3193 οἰκέτου

375 3226 687 3308 μνησθέντος
732 3228 823 3283 τοῦ
852 3221 1174 3293 Κύκλωπος,
1216 3223 1264 3279 οἱ
1304 3220 1540 3304 γέροντες
1581 3220 1864 3299 ἐπάγουσιν
1904 3220 1939 3279 ἃ

374 3321 536 3381 ἔπαθε
571 3316 719 3397 παρὰ
748 3321 840 3376 τοῦ
874 3311 1170 3380 Ὀδυσσέως
1196 3317 1226 3371 6
1254 3313 1527 3394 Κύκλωψ.)
1560 3348 1639 3359 ·—-
1680 3316 1943 3396 καταδαρ·

297 3435 348 3471 m>
376 3410 526 3470 θέντα
554 3428 568 3469 :
598 3406 707 3467 Καὶ
735 3401 1048 3463 ὑπνώσαντα
1071 3400 1458 3461 καταπεσόντα.
1486 3413 1550 3460 P.

453 3516 551 3558 σοι.
591 3490 960 3576 [σφηκίσκον]
982 3488 1133 3557 ξύλον
1155 3485 1480 3566 ὠξυμμένον,
1508 3487 1624 3547 ἐπεὶ
1643 3487 1735 3547 καὶ
1752 3490 1781 3547 6
1804 3487 1941 3570 σφὴξ

373 3585 490 3655 ὀξὺς
517 3586 578 3643 ἐκ
612 3586 716 3640 τῶν
743 3579 975 3640 ὄπισθεν.
1104 3573 1339 3651 (Ἄλλως.
1372 3574 1685 3649 ἐπιτηδευτὴ
1729 3581 1763 3648 ἡ
1807 3575 1942 3645 λέξις

374 3671 522 3754 παρὰ
547 3672 637 3731 τὸν
664 3673 869 3751 σφῆκα·
895 3664 963 3724 τὰ
988 3662 1090 3743 γὰρ
1115 3659 1298 3742 μακρὰ
1321 3666 1423 3722 τῶν
1447 3662 1612 3731 ξύλων
1637 3662 1728 3722 καὶ
1752 3667 1822 3731 εἰς
1853 3663 1940 3732 ὀξὺ

377 3757 674 3838 συνηγμένα
711 3752 1028 3837 σφηκίσκους
1068 3751 1337 3821 καλοῦσιν,
1369 3751 1482 3809 ἐπεὶ
1521 3750 1613 3809 καὶ
1655 3754 1703 3810 οἰ
1748 3756 1943 3832 σφῆκες

298 3879 351 3915 ω
377 3849 474 3922 τὴν
515 3846 716 3907 κοιλίαν
767 3835 1283 3915 ἐπισυνεσταλμένην
1319 3837 1550 3917 ἔχουσιν,
1592 3840 1761 3919 ἰσχνοὶ
1802 3840 1943 3908 ὄντες

376 3939 605 3999 ὄπισθεν.
651 3930 889 3998 καὶτοὺς
920 3924 1182 4008 λαγαροὺς
1209 3923 1265 3983 δὲ
1305 3931 1412 3993 τοῖς
1453 3926 1694 4004 σώμασιν
1737 3928 1942 4009 ἀνθρώ-

376 4050 504 4094 πους
527 4022 619 4085 καὶ
644 4020 718 4101 μὴ
747 4017 1101 4100 προκοιλίους,
1128 4010 1419 4095 σφηκώδεις
1443 4014 1641 4097 φασίν.)
1669 4047 1740 4058 -—
1819 4016 1942 4076 Ἀλ-

376 4116 497 4181 λως.
529 4111 678 4181 ξύλον
699 4109 760 4168 τὸ
785 4106 877 4185 μὲν
899 4105 1008 4165 άνω
1033 4103 1153 4184 ἔχον
1182 4098 1328 4180 παχὺ
1345 4146 1364 4178 ‚
1389 4102 1449 4162 τὸ
1477 4102 1531 4162 δὲ
1555 4103 1702 4163 κάτω
1730 4104 1940 4166 λεπτόν.

376 4201 597 4268 Ἄλλως.
626 4203 695 4266 ὥς
725 4196 816 4256 καὶ
836 4200 930 4268 τῆς
945 4189 1256 4274 τυφλώσεως
1282 4194 1372 4248 τοῦ
1399 4189 1690 4260 Κύκλωπος
1713 4192 1943 4273 περικειὲ

299 4313 350 4351 45
381 4289 538 4369 μένης
561 4290 615 4347 ἐν
634 4290 710 4368 τῷ
729 4284 1006 4362 ποιήματι.
1026 4292 1088 4340 V.
1113 4278 1463 4365 (ἐκτυφλῶσαί
1483 4279 1543 4338 σέ
1561 4302 1736 4361 φησιν,
1761 4285 1830 4347 ὡς
1853 4280 1943 4339 τὸν

384 4377 675 4445 Κύκλωπα,
697 4372 754 4432 ὃν
778 4372 958 4451 μιμῇ.)
990 4405 1066 4417 -·
1094 4370 1326 4448 ἡμμένον
1359 4388 1374 4429 :
1410 4366 1766 4444 Κεκαυμένον.
1802 4391 1943 4449 σφη-

382 4465 559 4524 κίσκον
585 4483 599 4523 t
632 4461 835 4523 Πάλον.
874 4472 933 4519 Θ.
971 4476 1065 4522 Dv.
1089 4467 1149 4513 P.
1171 4458 1349 4518 δαλόν.
1373 4467 1464 4514 Br.

459 4571 554 4612 ³02.
598 4548 732 4632 [ἐγὼ
760 4547 816 4606 δὲ
840 4545 937 4616 τὴν
967 4543 1173 4625 Κίρκην
1204 4563 1218 4604 :
1247 4543 1496 4608 ’Έκθεσις
1523 4546 1617 4614 τῆς
1637 4543 1824 4613 διπλῆς
1850 4565 1945 4602 συ·

384 4639 719 4715 στηματικῶν
766 4633 961 4713 στίχων
1003 4630 1094 4690 καὶ
1144 4631 1327 4691 κώλων
1379 4629 1563 4690 εἴκοσι.
1612 4629 1715 4688 εἶσὶ
1758 4629 1812 4688 δὲ
1849 4634 1943 4688 τοῦ

304 4750 355 4788 ω
383 4726 592 4810 πρώτου
622 4721 956 4798 συστήματος
988 4718 1161 4798 στίχοι
1188 4720 1280 4778 καὶ
1316 4721 1462 4778 κῶλα
1498 4716 1647 4776 ἑπτά.
1688 4715 1883 4776 τούτων
1915 4721 1945 4776 6

382 4818 586 4895 πρῶτος
617 4808 965 4890 τετράμετρος
1011 4806 1403 4879 ἀκατάληκτός,
1443 4795 1547 4864 οἷον
1583 4802 1644 4863 τὸ
1690 4810 1781 4863 τοῦ
1821 4804 1941 4864 Ἀλ-

382 4899 562 4971 καίου,

539 5076 659 5129 ozeae
681 5089 737 5135 με
760 5070 1064 5133 κωμάζοντα,
1090 5069 1211 5125 δέξαι
1225 5104 1240 5130 ,
1265 5068 1488 5131 λίσσομαί
1508 5084 1562 5117 σε
1575 5105 1589 5129 ,
1610 5068 1850 5130 λίσσομαι.

1507 280 1888 343 SCHOLIA
1938 278 2032 340 IN
2080 279 2468 342 PLUTUM.

2030 414 2061 469 6
2092 411 2326 493 δεύτερος
2351 408 2702 492 τετράμετρος
2726 413 3140 487 καταληκτικὸς,
3163 417 3237 482 ὣς
3261 412 3332 473 τὰ
3358 414 3468 497 πρὸ
3488 412 3621 475 τού-

2030 502 2151 557 των·
2175 503 2204 557 6
2232 501 2287 558 δὲ
2319 499 2491 579 τρίτος
2521 500 2762 582 δίμετρος
2788 502 3169 576 ἀκατάληκτός
3198 507 3228 562 6
3265 503 3323 563 δὲ
3352 505 3617 587 τέταρτος

2028 586 2378 668 τετράμετρος
2421 589 2809 662 καταληκτικὸς
2849 590 3042 668 ὁμοίως
3090 595 3169 673 τῷ
3209 592 3457 674 δευτέρῳ·
3490 598 3524 653 6
3554 592 3615 652 δὲ

2036 673 2271 751 πέμπτος
2297 673 2486 751 ὁμοίως
2521 679 2599 754 τῷ
2625 677 2803 759 τρίτῳ·
2832 681 2861 736 6
2888 678 3037 745 ἕκτος
3081 680 3356 762 τρίμετρος
3389 681 3610 740 ἀκατά·

2028 764 2236 834 ληκτος·
2267 766 2296 821 6
2319 759 2374 821 δὲ
2397 761 2617 843 ἔὸδομος
2641 766 2882 848 δίμετρος
2895 766 3299 841 καταληκτικός·
3322 772 3396 835 ὥς
3423 771 3611 828 ἐκεῖνα
3635 780 3666 819 ⁵

2028 855 2122 909 τοῦ
2149 848 2507 930 Ἀνακρέοντος

2369 993 2396 1042 6
2414 999 2497 1062 μὲν
2515 998 2659 1047 θέλων
2678 995 2911 1060 μάχεσθαι
2925 1032 2941 1058 ,

2365 1069 2562 1134 πάρεστι
2585 1068 2705 1133 γὰρ»
2725 1068 2971 1131 μαχέσθω·

2029 1192 2363 1272 ἑφθημιμερῆ
2393 1191 2448 1252 δὲ
2480 1191 2548 1251 τὰ
2576 1196 2795 1252 τοιαῦτα
2823 1191 3099 1270 καλεῖται,
3129 1196 3200 1262 ὡς
3235 1201 3377 1277 τρεῖς
3408 1198 3611 1279 ἔχοντα

2026 1275 2192 1346 πόδας
2231 1279 2323 1340 καὶ
2351 1280 2642 1354 συλλαὸήν·
2691 1277 2778 1339 ἐπὶ
2804 1282 2882 1358 τῷ
2916 1280 3056 1340 τέλει
3092 1283 3490 1368 παράγραφος.]
3518 1324 3608 1334 -
3644 1312 3699 1351 ιο

2027 1365 2124 1438 τὴν
2160 1367 2364 1449 Κίρκην
2391 1389 2407 1430 ε
2440 1366 2557 1440 Τὴν
2584 1364 2777 1429 Λαίδα.
2802 1378 2865 1426 Ρ.
2889 1370 3238 1430 ἀνακυκῶσαν
3258 1395 3273 1434 t
3297 1374 3614 1456 Ταράττου-

2029 1477 2143 1514 σαν.
2178 1475 2275 1521 Dv.
2305 1456 2683 1538 ταράττουσαν,
2708 1456 3046 1536 μιγνύουσαν.
3070 1469 3128 1518 Θ.
3154 1471 3218 1517 Ρ.

2109 1563 2205 1605 ³03.
2250 1543 2481 1625 ἑταίρους
2520 1551 2613 1604 τοῦ
2641 1545 2942 1605 Φιλωνίδου
2970 1564 2985 1606 2
3020 1543 3169 1622 (Δέον
3203 1549 3370 1608 εἰπεῖν
3404 1550 3611 1611 Ὀδυσ-

2029 1629 2157 1698 σέως
2172 1677 2188 1704 ,
2209 1636 2237 1691 6
2261 1632 2316 1691 δὲ
2338 1632 2638 1694 Φιλωνίδου
2667 1625 2800 1694 εἷπε.
2826 1635 3076 1714 κωμῳδεῖ
3094 1633 3150 1693 δὲ
3170 1637 3322 1695 αὐτὸν
3346 1640 3418 1704 ὣς
3439 1638 3610 1697 πλού-

2030 1741 2141 1777 σιον
2167 1719 2260 1778 καὶ
2284 1720 2606 1802 παρασίτους
2633 1720 2819 1802 ἔχοντα
2850 1722 2942 1782 καὶ
2970 1720 3057 1781 διὰ
3083 1723 3171 1782 τὸν
3202 1722 3397 1792 Λαίδος
3422 1724 3604 1806 ἔρωτα
3638 1757 3693 1797 15

2029 1809 2083 1865 ἐν
2123 1806 2362 1888 Κορίνθῳ
2402 1807 2668 1886 διάγοντα.
2707 1812 3042 1891 κωμῳδεῖται
3071 1809 3127 1870 δὲ
3165 1811 3256 1870 καὶ
3285 1816 3357 1879 ὥς
3391 1811 3605 1884 συώδης

2030 1891 2123 1951 σὺν
2168 1904 2275 1963 τοῖς
2304 1894 2528 1975 ἑταίροις
2578 1898 2770 1970 αὑτοῦ,
2809 1898 2896 1965 οὓς
2944 1897 3177 1978 κάπρους
3227 1890 3361 1961 εἶπε.
3400 1900 3499 1973 τὴν
3542 1902 3603 1961 δὲ

2030 1978 2206 2040 Λαίδα
2238 1982 2439 2064 Κίρκην
2469 1973 2612 2056 εἷπε,
2643 1983 2759 2042 ἐπεὶ
2795 1983 2915 2052 τοὺς
2952 1985 3179 2066 ἐραστὰς
3209 1987 3602 2068 ἐφαρμάκευεν.

2028 2065 2248 2138 Ἄλλως.
2288 2069 2468 2151 ὥσπερ
2505 2070 2597 2129 καὶ
2636 2071 2839 2150 Κίρκην
2877 2072 3007 2153 φησὶ
3042 2073 3247 2143 παίζων
3282 2074 3379 2146 τὴν
3420 2073 3603 2136 Λαίδα

2029 2158 2444 2240 φαρμάσσουσαν
2481 2158 2600 2226 τοὺς
2636 2162 2881 2241 ἐρῶντας.
2917 2167 3178 2242 τροπικῶς
3209 2160 3265 2220 δὲ
3310 2162 3487 2232 παίζει
3526 2168 3605 2232 εἰς
3632 2195 3689 2233 20

2029 2244 2226 2318 ταύτην
2276 2248 2468 2306 ἐκεῖθεν
2512 2247 2656 2326 ἄγων
2684 2247 2780 2319 τὴν
2826 2248 3080 2330 ἱστορίαν·
3124 2252 3285 2322 δῆλον
3330 2249 3386 2310 δὲ
3415 2254 3478 2310 ἐκ
3503 2259 3601 2312 τοῦ

2028 2335 2150 2416 περὶ
2199 2335 2501 2397 Φιλωνίδου
2547 2337 2884 2419 διειλῆφέναι.
2927 2339 3159 2420 κάπρους
3205 2338 3263 2398 δέ
3303 2363 3433 2422 φησι
3480 2340 3605 2409 τοὺς

2030 2423 2263 2504 ἑταίρους
2287 2431 2377 2485 τοῦ
2401 2424 2701 2487 Φιλωνίδου
2725 2431 2802 2508 τῷ
2825 2425 2934 2508 ὅλῳ
2959 2428 3074 2499 ἤθει
3090 2430 3126 2502 ,)
3157 2428 3193 2498 ἢ
3216 2432 3292 2508 τῷ
3317 2427 3606 2500 &aesmu-

2031 2512 2174 2590 μένῳ
2202 2516 2272 2579 ὡς
2301 2512 2486 2587 ὑώδης.
2531 2514 2623 2573 καὶ
2649 2520 2820 2575 ταῦτα
2850 2519 2921 2583 εἷς
2962 2517 3268 2589 Φιλωνίδην
3300 2516 3392 2576 τὸν
3430 2520 3606 2577 Μελι-

2028 2597 2153 2676 τέα,
2173 2603 2243 2667 ὡς
2262 2601 2353 2679 [οὗ
2382 2601 2539 2679 μόνον
2569 2600 2754 2680 μέγαν,
2782 2602 2919 2662 ἀλλὰ
2947 2604 3071 2682 καὶ]
3098 2606 3282 2684 ἀμαθῆ
3310 2604 3403 2663 καὶ
3428 2604 3601 2677 ὕῶδη.
3630 2629 3686 2669 25

2029 2686 2120 2746 καὶ
2148 2688 2454 2771 Νικοχάρης
2477 2691 2530 2748 ἕν
2556 2689 2825 2771 Γαλατείᾳ

2366 2817 2411 2868 τί
2437 2819 2534 2878 δῆτ’
2556 2818 2938 2885 ἀπαιδευτότερος
2960 2819 3002 2869 εἶ
3020 2819 3282 2870 Φιλωνίδου

2364 2895 2448 2939 τοῦ
2469 2891 2701 2948 Μελιτέως
2712 2906 2728 2951 ;

2027 3022 2273 3108 [Ἄλλως.
2301 3028 2356 3085 ἐν
2390 3031 2457 3106 τῇ
2486 3026 2633 3108 νήσῳ
2661 3030 2767 3086 τῶν
2802 3028 3204 3109 Λαιστρυγόνων
3241 3034 3275 3102 ἡ
3307 3029 3483 3112 Κίρκη
3511 3023 3600 3104 ἦν,

2027 3114 2204 3181 πάσας
2233 3117 2485 3192 γυναῖκας
2512 3116 2849 3195 παρελθοῦσα
2883 3115 3146 3195 μαγείαις.
3172 3116 3468 3198 προσέσχεν
3506 3111 3600 3178 οὖν
3628 3146 3685 3187 ³0

2029 3201 2315 3269 Ὀδυσσεὺς
2345 3207 2399 3262 ἐν
2425 3206 2490 3282 τῇ
2528 3203 2675 3281 νήσῳ
2704 3201 2841 3281 μετὰ
2868 3202 2929 3261 τὸ
2956 3208 3139 3285 φυγεῖν
3166 3203 3255 3263 τὸν
3288 3206 3601 3279 Κύκλωπα,

2027 3289 2119 3351 καὶ
2143 3290 2359 3371 πέμψας
2383 3289 2529 3359 τινὰς
2550 3294 2654 3349 τῶν
2685 3293 2842 3350 αὐτοῦ
2866 3292 3011 3361 ἰδεῖν,
3039 3290 3117 3359 τίς
3140 3290 3206 3350 ἂν
3232 3291 3313 3364 εἴη
3344 3294 3601 3367 ἐνταῦθα,

2030 3377 2217 3459 ἔρημος
2244 3378 2348 3458 γὰρ
2387 3369 2452 3450 ἦν
2480 3382 2509 3437 6
2539 3382 2733 3459 χῶρος,
2775 3377 2890 3436 ἐπεὶ
2937 3378 3249 3446 ἀπελθόντες
3287 3371 3462 3452 οὗτοι,
3504 3380 3599 3439 καὶ

2026 3465 2123 3537 τὴν
2155 3466 2358 3548 Κίρκην
2385 3464 2642 3546 εὑρόντες,
2659 3474 2830 3548 χοῖροι
2850 3467 2938 3524 ὑπ’
2966 3468 3129 3538 αὐτῆς
3158 3466 3244 3525 διά
3266 3489 3404 3534 τινος
3428 3474 3599 3528 ποτοῦ

2028 3554 2321 3633 γεγόνασιν,
2351 3553 2507 3622 αὐτὸς
2533 3556 2607 3621 εἰς
2650 3552 2747 3626 τὴν
2775 3552 2972 3613 τούτων
3003 3554 3222 3635 ἀφίκετο
3250 3554 3487 3626 ζήτησιν.
3511 3560 3595 3615 ἐν·
3626 3582 3681 3621 ³⁸

2028 3641 2202 3722 τυχὼν
2228 3633 2316 3700 οὖν
2348 3643 2402 3700 ἐν
2427 3646 2502 3721 τῷ
2533 3640 2680 3723 μέσῳ
2719 3647 2813 3713 τῆς
2853 3642 2972 3701 ὀδοῦ
3000 3645 3078 3721 τῷ
3107 3641 3316 3723 Ἑρμῇ,
3353 3642 3446 3701 καὶ
3466 3645 3599 3727 παρ’

2030 3732 2188 3789 αὐτοῦ
2225 3727 2406 3806 μαθὼν
2447 3728 2515 3787 τὰ
2548 3728 2670 3810 περὶ
2708 3733 2814 3788 τῶν
2851 3728 3090 3810 ἑταίρων,
3120 3730 3211 3789 καὶ
3240 3728 3422 3788 λαὸὼν
3464 3731 3596 3812 παρ’

2030 3821 2189 3877 αὐτοῦ
2217 3816 2276 3876 τὸ
2304 3819 2482 3893 μῶλυ,
2507 3816 2623 3889 ἥτις
2650 3817 2790 3877 ἐστὶν
2824 3816 3215 3898 ἀντιφάρμακος
3246 3818 3474 3897 βοτάνη,
3502 3819 3596 3879 τὸν

2028 3910 2123 3978 τῆς
2168 3904 2368 3985 Κίρκης
2396 3896 2535 3965 οἶκον
2579 3904 2860 3965 κατέλαόε·
2903 3904 3316 3985 ἐπιχειρησάσης
3361 3899 3451 3965 οῧν
3501 3912 3597 3966 καὶ

2031 3992 2184 4052 αὐτὸν
2211 3990 2279 4051 τὰ
2304 3991 2459 4069 ὅμοια
2490 3993 2707 4074 δρᾶσαι,
2732 3992 2793 4051 τὸ
2816 3991 2953 4074 ξίφος
2979 3992 3097 4051 κατ’
3128 3995 3289 4063 αὐτῆς
3314 3993 3594 4057 ἀνέτεινεν.
3627 4028 3684 4069 ⁴0

2030 4068 2143 4142 δθεν
2181 4079 2313 4153 αὐτὴ
2353 4082 2640 4163 φοὸηθεῖσα
2668 4080 2787 4148 τούς
2814 4104 2871 4139 τε
2900 4079 3137 4161 ἑταίρους
3160 4082 3321 4140 αὐτοῦ
3339 4081 3469 4162 πρὸς
3494 4082 3594 4155 τὴν

2031 4170 2259 4252 ἀρχαίαν
2296 4167 2500 4250 μορφὴν
2532 4168 2959 4241 ἀποκατέστησε,
2988 4168 3079 4228 καὶ
3117 4167 3244 4251 πρὸς
3273 4168 3412 4246 μίξιν
3445 4172 3594 4253 αὐτῷ

2031 4258 2290 4319 συνελθεῖν
2345 4253 2690 4334 ἐπεθύμησεν.
2732 4260 2762 4314 6
2806 4253 2862 4313 δὲ
2913 4254 3005 4314 καὶ
3045 4254 3230 4332 ἐμίγη,
3290 4254 3383 4313 καὶ
3427 4259 3599 4317 παῖδα

2031 4345 2184 4425 ἔσχεν
2214 4342 2267 4412 ἐξ
2298 4345 2460 4414 αὐτῆς
2496 4340 2822 4419 Τηλέγονον,
2856 4341 2940 4423 ὑφ’
2970 4334 3031 4403 οὗ
3077 4343 3170 4402 καὶ
3210 4340 3426 4421 ὕστερον
3473 4349 3597 4406 κατ’

2031 4432 2243 4509 ἄγνοιαν
2268 4428 2493 4512 ἀνῃρέθη
2518 4428 2715 4510 κέντρῳ
2732 4428 2991 4510 τρυγόνος.
3016 4428 3179 4491 θέλων
3202 4421 3290 4490 οῦν
3320 4435 3349 4489 6
3370 4433 3597 4506 ποιητὴς
3630 4467 3689 4508 ss

2031 4524 2243 4601 σκῶψαι
2267 4519 2356 4578 τὸν
2386 4517 2708 4594 Φιλωνίδην,
2738 4516 2817 4577 ὅτι
2855 4520 3012 4578 αὐτοῦ
3041 4518 3145 4599 ἦρα
3170 4518 3335 4589 Λαῒς,
3359 4521 3475 4580 ἀντὶ
3502 4529 3599 4582 τοῦ

2030 4608 2192 4666 εἰπεῖν
2219 4604 2337 4673 τοὺς
2364 4605 2596 4685 ἑταίρους
2623 4612 2713 4665 τοῦ
2752 4604 3075 4679 Ὀδυσσέως,
3104 4606 3403 4667 Φιλωνίδου
3432 4600 3598 4669 εἶπεν·

2031 4694 2147 4754 ἀντὶ
2174 4695 2229 4754 δὲ
2269 4699 2360 4753 τοῦ
2387 4696 2566 4752 εἰπεῖν·
2588 4695 2641 4752 έν
2669 4698 2734 4773 τῇ
2766 4692 2910 4775 νήσῳ
2941 4697 3049 4753 τῶν
3080 4693 3506 4775 Λαιστρυγόνων,
3540 4702 3598 4759 ἐν

2037 4781 2272 4864 Κορίνθῳ
2311 4782 2540 4864 εἴρηκεν,
2570 4785 2642 4848 ὡς
2674 4784 2783 4841 ἐκεῖ
2821 4786 2914 4853 τῆς
2960 4781 3156 4850 Λαΐδος
3188 4781 3484 4867 οἰκούσης]
3514 4821 3599 4834 --

2032 4871 2136 4932 ἔδει
2176 4870 2231 4931 δὲ
2261 4871 2363 4954 ἄρα
2405 4870 2498 4930 καὶ
2526 4870 2614 4929 τὸν
2655 4869 2917 4931 Ὀδυσσέα
2958 4870 3167 4953 θανάτῳ
3202 4876 3501 4951 περιπεσεῖν
3626 4913 3686 4951 50

1978 4990 1983 5041 ς
2034 4959 2298 5039 μέμνηται
2325 4960 2465 5038 [τῆς]
2495 4957 2726 5039 ἱστορίας
2758 4958 2848 5017 καὶ
2875 4963 2903 5017 6
2931 4958 3225 5027 Ὀππιανὸς
3256 4963 3309 5019 ἐν
3338 4958 3595 5023 Ἁλιευτι-

2034 5052 2139 5108 κῶν
2171 5052 2223 5127 β.
2256 5065 2396 5113 cant.
2431 5068 2468 5107 1.
2493 5046 2527 5119 ἥ
2555 5045 2673 5114 τοὺς
2698 5045 2928 5128 ἑταίρους
2953 5066 2967 5107 :
2991 5050 3102 5109 Τοῦ
3128 5047 3423 5117 Ὀδυσσέως
3444 5050 3593 5129 ὤφει-
