3859 5725
1449 254 1837 317 SCHOLIA
1888 256 1977 317 IN
2021 257 2338 319 PACEM.

292 388 616 470 (Δημήτριος
642 389 670 446 6
699 384 1032 459 Ζηνοδότειος
1052 384 1377 466 μεταγράφει
1399 383 1698 463 κάνδυλον.)
1720 377 1854 453 εἶδος

291 479 351 540 δέ
381 481 495 538 ἐστι
527 478 866 542 πλακοῦντος.
898 472 1035 533 ἀλλὰ
1070 472 1157 533 διὰ
1184 473 1246 532 τὸ
1272 473 1401 556 ὄψον
1426 473 1648 556 περιττὴ
1688 479 1723 546 ἡ
1755 497 1853 551 με-

287 564 554 650 ταγραφή.
586 575 648 625 R.
676 574 742 624 V.

3385 274 3405 324 1
3420 273 3493 326 75

2020 407 2115 449 m.
2157 386 2413 460 πηδάλιον
2441 408 2458 450 z
2481 388 2561 450 Τὸ
2582 390 2777 452 αἰδοῖον
2805 390 3033 451 δείκνυσι
3046 392 3270 462 παίζων.
3299 427 3369 438 -
3395 416 3497 472 πη-

1892 431 1904 514 ῐ
1940 475 2116 537 δάλιον
2145 476 2204 537 δέ
2227 480 2339 536 ἐστι
2369 477 2430 537 τὸ
2454 483 2543 537 νῦν
2563 478 2885 557 καλούμενον
2912 479 3169 560 αὐχένιον.
3190 492 3248 540 R.
3275 493 3338 542 V.

2022 584 2114 625 1⁴³.
2158 564 2482 647 Ναξιουργὴς
2507 565 2761 648 κάνθαρος
2787 587 2803 628 :
2831 567 3212 648 Στοχάσασθαι
3244 569 3385 630 ἔστιν
3407 573 3500 632 οὐ-

372 675 470 716 124.
513 653 634 737 [καὶ
650 650 729 719 τίς
750 649 909 732 πόρος
944 672 1026 709 σοι
1051 667 1066 709 2
1097 647 1541 722 Είσθεσις’διπλῆς
1568 648 1852 729 ἀμοιὸαίας
1939 650 2024 711 δὲν
2046 651 2203 713 πλέον
2225 652 2262 725 ἢ
2291 652 2371 713 ὅτι
2393 656 2552 714 πλοῖα
2581 646 2645 727 ἦν
2667 653 2803 715 οὕτω
2830 653 3115 733 λεγόμενα,
3139 656 3412 740 κάνθαροι,
3441 662 3496 719 ἐν
3601 718 3607 723 ,

238 761 267 799 ο
287 742 547 822 ῖαμὸείων
570 741 621 800 λ’
655 740 815 819 διπλῇ
840 737 938 806 ἔξω
962 735 1231 819 νενευκυίᾳ
1250 735 1704 818 περατουμένων]
1781 749 1792 761 ’

1938 737 2102 821 Νάξῳ
2127 738 2402 819 γινόμενα,
2430 745 2500 807 ὣς
2520 747 2612 800 νῦν
2636 741 2823 822 σίλφας
2855 741 2975 801 τινὰ
3001 743 3241 822 λέγουσιν
3264 745 3494 805 ἀκατίων
3522 767 3549 805 ιι

375 832 535 901 διπλῆ
558 826 648 887 καὶ
673 825 891 893 εἶσθεσις
913 826 985 893 εἰς
1006 825 1214 905 στίχους
1243 824 1521 904 ἷαμὸικοὺς
1550 824 1854 909 τριμέτρους
1939 825 2072 899 εἴδη.
2095 828 2232 886 ἀλλὰ
2249 827 2342 887 καὶ
2362 828 2641 907 Σαμιακὸν
2661 827 2853 911 τρόπον
2868 829 3028 907 φησὶν
3051 835 3080 890 6
3104 834 3380 913 Κρατῖνος.
3405 834 3493 893 καὶ

291 915 690 987 ἀκαταλήκτους
712 914 811 975 κε’.
842 924 905 971 V.
946 912 1102 995 πόρος
1125 912 1240 971 ἀντὶ
1261 918 1352 972 τοῦ
1377 912 1633 982 διάὸασις.
1662 924 1722 972 R.

374 1025 467 1065 12⁵.
509 1009 634 1071 ναῦς
663 1002 759 1080 μὲν
786 1001 890 1083 γὰρ
919 1020 934 1062 :
965 1000 1384 1081 Ἄμηχανοῦμεν,
1411 1001 1589 1082 φησὶν,
1609 1001 1856 1079 ἐνθυμού-

292 1115 450 1173 μεναι
475 1096 590 1159 πῶς
613 1093 684 1159 εἰς
715 1091 933 1171 οὐρανὸν
960 1088 1326 1170 παραγενήσῃ·
1360 1091 1420 1149 οὐ
1441 1087 1545 1169 γὰρ
1586 1087 1714 1157 νεὼς
1735 1090 1852 1148 ἔπι-

213 1194 265 1233 10
290 1181 389 1249 ὅὰς
407 1183 479 1248 εἰς
501 1178 716 1261 οὐρανὸν
741 1177 976 1259 ἀνέλθῃς.

372 1272 402 1328 6
428 1268 583 1348 λόγος
604 1270 666 1327 ἐκ
704 1265 1013 1333 Σθενεὸοίας
1055 1262 1362 1345 Εὐριπίδου.
1398 1262 1531 1333 τινες
1563 1263 1619 1324 δὲ
1654 1262 1851 1323 οἴονται

290 1361 353 1418 ἐκ
386 1354 805 1438 Βελλεροφόντου
842 1356 1176 1435 παρῳδῆσαι.
1226 1351 1340 1411 ἔστι
1379 1350 1435 1411 δὲ
1471 1355 1523 1411 ἐν
1568 1350 1850 1432 Σθενεὸοία

288 1444 438 1528 παρὰ
472 1446 596 1526 [τῷ]
635 1447 870 1525 τραγικῷ
910 1441 1074 1510 οὕτως
1116 1468 1139 1495 «ι
1164 1440 1331 1508 πέλας
1368 1438 1427 1499 δὲ
1460 1441 1656 1513 ταύτης
1690 1439 1852 1507 δεινὸς

287 1532 495 1615 ἵδρυται
547 1531 736 1614 κράτος
783 1530 991 1613 ἔνθηρος
1037 1527 1074 1600 ἢ
1113 1525 1311 1601 ληστὴς
1367 1536 1668 1609 φρουρεῖται
1722 1527 1851 1588 κλύ-

211 1638 261 1679 1⁶
289 1624 414 1682 δωνι
434 1622 584 1703 δεινῷ
605 1620 696 1680 καὶ
712 1618 1035 1699 βροτοστόνῳ
1056 1615 1238 1699 βρέμει
1254 1614 1448 1686 πτηνὸς
1460 1616 1723 1698 πορεύσει.
1745 1644 1770 1671 2·
1785 1631 1847 1677 V.

372 1729 465 1769 136.
507 1709 568 1766 οὐ
597 1704 1001 1783 ναυσθλώσομαι
1035 1725 1049 1764 :
1090 1706 1171 1764 Οὐ
1200 1700 1327 1767 νεὼς
1362 1702 1706 1782 ἐπιθήσομαι.
1746 1728 1847 1763 κυ-

287 1799 413 1879 ρίως
434 1796 490 1856 δὲ
512 1797 573 1854 τὸ
599 1800 726 1854 ναῦν
751 1793 1135 1872 μισθώσασθαι.
1168 1789 1398 1868 (λέγεται
1425 1790 1481 1849 δὲ
1504 1792 1596 1851 καὶ
1614 1791 1848 1851 πετεινὸν

284 1885 379 1945 καὶ
404 1883 618 1957 πτηνόν.
647 1883 825 1941 πῶλον
863 1880 919 1940 δὲ
952 1878 1094 1958 λέγει
1119 1878 1207 1937 τὸν
1243 1874 1545 1959 κάνθαρον.)
1576 1913 1653 1925 -
1689 1881 1850 1959 διχῶς

287 1972 344 2032 δὲ
370 1978 405 2045 ἦ
431 1972 737 2050 ἀνάγνωσις.
763 1966 798 2040 ἢ
825 1971 1151 2050 ἀρνητικῶς,
1172 1967 1231 2023 οὐ
1253 1961 1572 2045 πλεύσομαι·
1594 1964 1629 2038 ἢ
1659 1965 1847 2039 οὕτως,

203 2078 259 2120 ω
284 2067 388 2122 ποῦ
418 2058 474 2119 δὲ
491 2057 952 2140 περαιωθήσομαι,
971 2060 1042 2124 ὣς
1063 2058 1136 2124 εἰς
1157 2059 1303 2118 ναῦν.
1326 2065 1383 2114 R.
1404 2067 1467 2113 V.

371 2169 462 2209 12⁹.
509 2149 581 2224 (ἐν
603 2154 769 2206 τοῖσιν
817 2142 1069 2204 Αἰσώπου
1097 2162 1112 2203 2
1142 2146 1252 2203 Τοῦ
1296 2146 1607 2224 μυθοποιοῦ.
1635 2141 1850 2224 φέρεται

285 2235 389 2316 γὰρ
413 2237 571 2294 αὐτοῦ
594 2238 780 2311 μῦθος,
808 2235 1087 2313 ἔχθρεῦσαι
1112 2231 1262 2291 ἀετὸν
1286 2233 1377 2293 καὶ
1399 2228 1656 2312 κάνθαρον
1676 2232 1736 2289 ἐκ
1752 2235 1849 2290 τοῦ

285 2325 532 2404 ἑκάτερον
556 2323 727 2380 αὐτῶν
754 2319 973 2401 θατέρου
990 2317 1057 2377 τὰ
1082 2318 1164 2400 ᾠὰ
1191 2321 1464 2397 διασπᾶν.)

369 2433 462 2472 130.
505 2409 659 2488 μόνος
683 2412 932 2468 πετεινῶν
960 2428 974 2467 :
1006 2405 1077 2468 ‘0
1105 2406 1254 2487 λόγος
1289 2405 1521 2474 τοιοῦτός
1543 2408 1705 2466 ἔστιν.
1749 2406 1846 2489 ἃρ-

203 2522 259 2563 25
286 2501 537 2570 πάζοντος
562 2504 658 2557 τοῦ
683 2501 837 2557 ἀετοῦ
871 2494 990 2563 τοὺς
1023 2494 1259 2563 νεοττοὺς
1288 2495 1407 2564 τοὺς
1434 2500 1525 2555 τοῦ
1557 2493 1847 2575 κανθάρου,

285 2587 379 2646 καὶ
401 2591 430 2646 6
464 2585 721 2665 κάνθαρος
745 2581 813 2642 τὰ
854 2580 922 2640 ’ὰ
956 2587 1048 2640 τοῦ
1072 2585 1223 2641 ἀετοῦ
1264 2581 1522 2663 ἐκκλέψας
1556 2581 1846 2650 ἕξεκύλισεν

286 2674 384 2742 ἕως
408 2671 687 2745 τοσούτου,
713 2669 812 2738 ἕως
878 2671 970 2728 λθε
996 2668 1127 2749 πρὸς
1158 2668 1246 2729 τὸν
1275 2669 1398 2731 Δία.
1437 2673 1848 2749 κατηγοροῦντος

286 2761 344 2822 δὲ
365 2767 456 2823 τοῦ
480 2762 634 2819 ἀετοῦ
659 2755 975 2841 προσέταξεν
1002 2761 1031 2816 6
1058 2755 1193 2823 Ζεὺς
1224 2761 1302 2839 τῷ
1330 2759 1470 2838 ἀετῷ
1501 2758 1555 2815 ἐν
1582 2761 1659 2838 τῷ
1687 2758 1847 2815 αὐτοῦ

289 2852 396 2929 (τοῦ
419 2850 557 2928 Διὸς)
582 2845 765 2930 κόλπῳ
799 2842 1104 2905 νεοττεύειν.
1140 2843 1323 2918 ἐπειδὴ
1362 2843 1417 2904 δὲ
1444 2842 1513 2904 τὰ
1538 2842 1619 2926 ᾠὰ
1644 2834 1785 2923 εἶχεν
1818 2847 1847 2903 6

207 2953 263 2995 30
289 2938 450 3011 Ζεὺς,
475 2935 787 3018 περιίπτατο
807 2932 897 2993 τὸν
929 2932 1032 2992 Δία
1060 2936 1089 2992 6
1115 2932 1399 3014 κάνθαρος,
1419 2936 1449 2991 6
1476 2931 1531 2992 δὲ
1560 2934 1847 3010 ἐκλαθόμε-

286 3051 369 3095 νος
390 3025 581 3096 ἀνέστη
609 3028 679 3090 ὡς
697 3021 943 3092 σοὸήσων
972 3023 1034 3080 ἐκ
1054 3025 1148 3092 τῆς
1171 3023 1403 3101 κεφαλῆς
1430 3019 1606 3092 αὐτὸν,
1630 3019 1722 3079 καὶ
1748 3043 1846 3078 κα-

285 3114 432 3184 τέαξε
469 3112 537 3173 τὰ
563 3111 661 3194 ᾠά.
688 3146 767 3157 -
795 3114 824 3169 6
852 3107 908 3168 δὲ
942 3107 1092 3187 λόγος
1115 3108 1246 3190 πρὸς
1275 3107 1397 3175 τοὺς
1431 3107 1641 3174 ἀδίκους
1688 3105 1847 3180 ἐστὶν,

285 3201 367 3262 ὅτι
387 3200 603 3280 οὐδεμία
632 3198 772 3259 ἐστὶν
791 3200 964 3264 αὐτοῖς
986 3195 1246 3278 ἀσφάλεια
1265 3241 1280 3267 ,
1302 3197 1411 3255 οὐδ’
1439 3194 1503 3254 ἂν
1525 3198 1597 3262 εἰς
1622 3194 1851 3254 τὸνκόλ-

285 3313 385 3350 πον
410 3295 501 3349 τοῦ
536 3287 657 3355 Διὸς
677 3284 1049 3368 καταφύγωσι,
1077 3281 1437 3364 διαφεύξονται
1459 3280 1555 3353 τὴν
1576 3281 1850 3364 τιμωρίαν.

205 3389 260 3431 ⁸5
287 3390 350 3438 R.
369 3389 434 3436 V.

370 3484 465 3525 134.
510 3461 589 3542 (ὤ’
614 3482 630 3523 2
653 3460 735 3523 Tb
760 3460 957 3542 πλῆρες
984 3458 1083 3517 ὠά.

364 3547 900 3629 κάντιτιμωρούμενος
930 3566 944 3607 :
971 3544 1042 3607 ‘O
1064 3544 1337 3627 κάνθαρος·
1358 3547 1562 3626 πρῶτος
1578 3543 1681 3627 γὰρ
1702 3548 1732 3604 6
1752 3543 1849 3604 ἀε-

283 3638 370 3706 τὸς
388 3636 638 3709 ἠδίκησεν
663 3633 819 3693 αὐτὸν
841 3632 1022 3715 φαγὼν
1044 3630 1113 3692 τὰ
1136 3632 1382 3711 νεοττία.)

365 3744 462 3787 136.
504 3720 883 3806 τραγικώτερος
917 3742 932 3782 :
965 3718 1404 3804 Πρακτικώτερος
1423 3719 1460 3792 ἢ
1487 3718 1847 3789 ἀξιοπιστότε-

208 3829 263 3870 εο
288 3837 372 3895 ρος
388 3858 406 3882 ,
444 3809 507 3893 [ἢ
545 3808 929 3892 ἀτυχέστερος].
970 3808 1252 3868 αἰνίττεται
1281 3806 1339 3868 δὲ
1362 3810 1436 3876 εἰς
1470 3806 1560 3867 τὸν
1592 3807 1848 3887 Πήγασον

284 3899 377 3960 καὶ
397 3898 487 3958 τὸν
513 3896 935 3980 Βελλεροφόντην
955 3894 1264 3977 Εὐριπίδου.

368 4006 463 4048 137.
506 3976 552 4046 ὦ
569 3984 734 4064 μελέα
763 4003 780 4045 t
807 3985 1028 4050 Δυῖκῶς.
1055 3980 1198 4059 λέγει
1218 3980 1274 4040 δὲ
1296 3980 1425 4062 πρὸς
1443 3980 1605 4062 ἄμφω
1631 3979 1700 4041 τὰ
1721 4004 1847 4041 παι-

286 4074 392 4134 δία.
416 4111 491 4121 -
518 4078 672 4133 τοῦτο
695 4072 749 4132 δὲ
777 4071 948 4149 λέγει,
971 4068 1052 4130 ὅτι
1089 4071 1134 4128 εἰ
1164 4060 1305 4150 εἶχον
1341 4068 1431 4128 τὸν
1454 4066 1730 4149 Πήγασον,
1756 4067 1850 4128 δύο

283 4166 488 4246 τροφῶν
526 4153 668 4242 εἶχον
696 4158 1000 4243 φροντίζειν,
1026 4162 1121 4229 τῆς
1142 4180 1199 4216 τε
1226 4155 1425 4217 ἐκείνου
1451 4156 1544 4216 καὶ
1581 4161 1674 4230 τῆς
1697 4160 1845 4235 ἐμῆς.

204 4263 259 4304 ⁴5
285 4251 352 4312 τὰ
371 4250 472 4331 γὰρ
488 4248 593 4329 ἐμὰ
616 4247 956 4331 ἀφοδεύματα
975 4245 1158 4305 ἐσθίων
1176 4244 1422 4327 τρέφεται
1440 4246 1470 4302 6
1489 4243 1762 4325 κάνθαρος.
1780 4257 1843 4303 V.

368 4359 462 4401 m.
528 4336 806 4406 ἐξολισθεῖν
850 4354 866 4395 :
904 4335 1063 4417 [Πῶς
1114 4331 1455 4404 διανήξασθαι
1507 4329 1845 4412 δυνήσεται,]

286 4426 400 4488 ἐπεὶ
419 4424 488 4486 τὰ
515 4426 740 4485 πλεῖστα
766 4425 871 4483 τῶν
904 4421 1093 4505 ὀρνέων
1122 4417 1418 4499 ἐμπεσόντα
1448 4420 1520 4486 εἰς
1542 4417 1681 4500 ὕδωρ
1705 4419 1847 4492 ἐννή·

282 4520 472 4597 χεσθαι
498 4514 559 4573 οὐ
583 4511 817 4572 δύναται.
837 4545 918 4555 -
939 4507 1028 4569 διὰ
1054 4513 1208 4567 τοῦτο
1229 4506 1321 4567 καὶ
1337 4504 1406 4565 τὰ
1426 4507 1653 4566 πλεῖστα
1673 4507 1734 4564 οὐ
1756 4530 1845 4566 κο-

282 4601 484 4684 λυμὸᾷ.
506 4628 572 4644 -·-
595 4596 815 4665 Ἄλλως.
840 4596 960 4664 τοὺς
992 4593 1266 4679 τραγικοὺς
1302 4592 1478 4662 παίζει
1510 4589 1599 4650 διὰ
1632 4589 1700 4650 τὰ
1724 4592 1844 4674 περὶ

201 4708 257 4749 ω
283 4690 496 4773 Ἰκάρου
520 4684 795 4765 λεγόμενα.
839 4682 874 4756 ἢ
917 4683 1033 4745 ἐπεὶ
1069 4682 1212 4741 δοκεῖ
1240 4685 1270 4740 6
1293 4679 1712 4763 Βελλεροφόντης
1746 4679 1843 4752 τὴν

283 4781 378 4838 τοῦ
417 4775 648 4859 Προίτου
676 4780 902 4853 γυναῖκα
932 4769 1069 4851 μετὰ
1090 4769 1187 4842 τὴν
1210 4772 1303 4841 τῆς
1332 4766 1601 4851 Χιμαίρας
1629 4765 1840 4849 ἀναίρε-

282 4889 367 4926 σιν
391 4862 686 4926 ἐπανελθὼν
710 4863 782 4931 εἰς
802 4860 1054 4943 Κόρινθον
1074 4861 1350 4930 ἀπα-ἧσαι
1362 4856 1569 4926 ὧςὲξων
1588 4857 1860 4935 γυναῖκα,

282 4952 376 5013 καὶ
402 4950 716 5019 ἐπιὸιὸάσας
737 4956 831 5010 τοῦ
869 4946 1128 5029 Πηγάσου
1153 4948 1223 5015 εἰς
1241 4944 1410 5021 μέσην
1434 4945 1586 5026 ῥῖψαι
1612 4941 1709 5014 τὴν
1745 4943 1842 5004 θά-

277 5044 500 5101 λασσαν.
524 5050 586 5098 V.

1937 913 2017 973 ὅτι
2045 916 2594 996 θαλασσοκρατοῦντές
2637 939 2766 976 ποτε
2819 916 3004 984 Νάξιοι
3040 920 3271 998 ἐχρῶντο
3323 921 3499 990 αὐτοῖς

1934 1011 2042 1070 τοῖς
2063 1004 2337 1086 κανθάροις
2356 1004 2445 1063 ἐπὶ
2465 1004 2643 1065 πλέον.
2664 1005 2864 1083 μᾶλλον
2884 1005 2939 1064 δὲ
2966 1004 3102 1065 οὕτω
3121 1004 3342 1065 δεκτέον.
3371 1007 3499 1068 κάν-

1936 1093 2092 1171 θαρον
2117 1090 2215 1169 μὲν
2235 1091 2365 1173 πρὸς
2385 1091 2452 1151 τὰ
2473 1091 2795 1175 προκείμενα
2815 1091 3047 1174 εἴρηκεν,
3070 1092 3131 1153 τὸ
3163 1092 3218 1153 δὲ
3242 1094 3499 1178 Ναξιουρ-

1936 1175 2033 1255 γὴς
2060 1176 2238 1245 οὕτως.
2269 1183 2373 1239 τῶν
2399 1178 2501 1260 γὰρ
2537 1180 2735 1240 πλοίων
2778 1179 2876 1249 τὰς
2899 1180 3152 1263 εὑρούσας
3194 1181 3372 1251 πόλεις
3404 1183 3497 1253 τὰς
3530 1201 3579 1240 ιο

1937 1265 2327 1346 ἀρχιτεκτονίας
2375 1267 2598 1327 ἐκάλουν
2637 1271 2684 1328 οἱ
2725 1269 2971 1350 πρότεροι
3016 1270 3349 1348 ἐπωνύμους,
3392 1263 3497 1333 οἷον

1934 1351 2052 1419 τοὺς
2076 1358 2167 1413 νῦν
2191 1354 2418 1433 λέμὸους
2444 1356 2783 1438 Ναξιουργεῖς
2815 1356 3103 1434 ὠνόμαζον.
3129 1360 3190 1417 ἐκ
3217 1364 3310 1418 τοῦ
3338 1360 3498 1419 αὐτοῦ

1936 1438 1992 1499 δὲ
2039 1432 2174 1501 εἶναι
2214 1443 2306 1503 καὶ
2345 1444 2406 1503 τὸ
2440 1446 2796 1525 Κνιδιουργεῖς
2832 1445 2924 1504 καὶ
2963 1446 3053 1505 τὸν
3088 1444 3341 1527 κέρκυρον
3391 1449 3498 1509 ἀπὸ

1936 1528 2209 1610 Κερκύρας
2251 1529 2344 1589 καὶ
2382 1529 2470 1589 τὸν
2500 1530 2722 1612 πάρωνα
2758 1531 2865 1591 ἀπὸ
2902 1531 3107 1612 Πάρου.
3151 1533 3393 1616 ἄντικρυς
3441 1536 3498 1595 δὲ

1936 1614 2238 1697 Μένανδρος
2281 1619 2335 1675 ἐν
2366 1616 2668 1699 Ναυκλήρῳ
2694 1618 2953 1699 κάνθαρον
2992 1610 3107 1678 εἷπε
3134 1622 3317 1681 πλοῖον
3347 1613 3496 1684 εἶναι.
3527 1635 3577 1675 1⁶

1936 1700 2047 1761 ἔστι
2070 1701 2125 1762 δὲ
2153 1705 2244 1763 καὶ
2278 1694 2409 1771 εἶδος
2431 1704 2702 1785 ποτηρίου.
2736 1704 3040 1773 -·Ἄλλως.
3063 1718 3126 1767 V.
3158 1698 3291 1776 εἶδος
3312 1711 3497 1771 πλοίου

1934 1793 1963 1848 6
1985 1790 2268 1874 κάνθαρος,
2309 1795 2381 1860 ὣς
2421 1795 2476 1850 αἱ
2515 1793 2762 1875 τριήρεις.
2801 1791 2888 1851 διὰ
2922 1793 3121 1854 τούτων
3155 1792 3212 1854 δὲ
3254 1795 3499 1876 βούλεται

1936 1876 2098 1947 δεῖξαι
2125 1883 2196 1948 ὡς
2221 1886 2496 1961 πανταχοῦ
2522 1879 2782 1961 χρειώδης
2804 1883 2949 1962 αὐτῷ
2976 1886 3006 1941 6
3046 1882 3319 1965 κάνθαρος.
3351 1900 3410 1948 R.
3430 1900 3494 1948 V·

2017 1984 2108 2025 1⁴⁶.
2152 1968 2206 2025 ἐν
2233 1969 2452 2048 Πειραιεῖ
2495 1988 2510 2028 z
2540 1966 2667 2029 Ἀπὸ
2690 1968 2969 2049 Κανθάρου
3013 1971 3295 2052 ἐπιχωρίου
3330 1972 3499 2051 ἥρωος

1935 2050 2070 2112 οὕτω
2098 2051 2260 2132 λιμὴν
2297 2056 2533 2115 ἐκαλεῖτο
2559 2057 2613 2115 ἐν
2638 2059 2715 2138 τῷ
2738 2058 2978 2136 Πειραεῖ.
3013 2056 3126 2136 ἔχει
3162 2056 3217 2117 δὲ
3243 2056 3498 2140 Πειραεὺς
3522 2076 3577 2115 20

1936 2139 2153 2220 λιμένας
2174 2142 2246 2221 γ’.
2273 2154 2333 2202 R.
2367 2146 2417 2221 (6
2444 2141 2701 2223 Πειραεὺς
2729 2143 2944 2222 λιμένας
2967 2144 3080 2225 ἔχει
3104 2153 3268 2226 τρεῖς,
3291 2145 3496 2214 πάντας

1934 2227 2240 2309 κλειστούς.)
2271 2221 2342 2297 εἷς
2364 2228 2460 2309 μὲν
2500 2224 2589 2291 οὖν
2620 2236 2650 2291 6
2680 2230 2961 2310 Κανθάρου
2993 2231 3156 2310 λιμὴν
3192 2231 3366 2313 (οὕτω)
3395 2257 3501 2293 κα-

1935 2314 2184 2395 λούμενος
2213 2317 2338 2394 (ἀπό
2364 2342 2499 2387 τινος
2524 2318 2697 2400 ἥρωος
2721 2320 3050 2402 Κανθάρου),
3088 2322 3143 2379 ἐν
3191 2311 3237 2403 ᾧ
3268 2321 3338 2382 τὰ
3362 2320 3493 2381 νεώ-

1936 2426 2051 2483 ρια,
2102 2395 2217 2464 εἶτα
2248 2404 2311 2465 τὸ
2359 2396 2709 2488 Ἀφροδίσιον,
2753 2399 2869 2467 εἶτα
2916 2405 3096 2489 κύκλῳ
3141 2413 3236 2468 τοῦ
3292 2407 3499 2488 λιμένος

1935 2490 2085 2550 στοαὶ
2106 2491 2173 2554 ε’.
2201 2518 2263 2528 ··-
2287 2491 2443 2575 μέρος
2468 2500 2559 2554 τοῦ
2581 2496 2871 2577 Πειραιῶς,
2899 2499 2971 2563 ὡς
2998 2495 3369 2577 Καλλικράτης
3396 2519 3499 2578 φη-
3523 2512 3576 2549 2⁵

1935 2579 2017 2638 σὶν
2057 2577 2093 2652 ἢ
2131 2581 2405 2652 Μενεκλῆς
2443 2583 2497 2640 ἐν
2542 2584 2619 2664 τῷ
2656 2582 2778 2664 περὶ
2816 2583 3043 2652 Ἀθηνῶν
3075 2581 3292 2665 γράφων
3335 2581 3499 2650 οὕτως

1935 2693 1960 2719 ⁴1
1981 2666 2092 2748 ἔχει
2115 2668 2169 2726 δὲ
2193 2670 2221 2727 6
2252 2666 2532 2750 Πειραιεὺς
2554 2668 2767 2748 λιμένας
2787 2674 2953 2751 τρεῖς,
2979 2670 3181 2737 πάντας
3204 2669 3493 2738 κλειστούς.

1935 2744 2008 2821 εἷς
2035 2752 2130 2828 μέν
2156 2756 2295 2813 ἐστιν
2318 2759 2349 2813 6
2377 2754 2655 2837 Κανθάρου
2686 2753 2849 2836 λιμὴν
2887 2755 3234 2834 καλούμενος,
3272 2761 3327 2818 ἐν
3361 2747 3407 2839 ᾧ
3427 2756 3495 2816 τὰ

1935 2839 2123 2924 νεώρια
2147 2840 2425 2917 ἑξήκοντα,
2450 2833 2565 2902 εἶτα
2591 2841 2938 2927 Ἀφροδίσιον,
2958 2833 3070 2903 εἶτα
3099 2843 3277 2926 κύκλῳ
3291 2850 3385 2904 τοῦ
3407 2847 3490 2904 λι-

1936 2927 2089 3007 μένος
2118 2930 2271 2989 στοαὶ
2289 2930 2466 2991 πέντε.
2493 2958 2518 2984 n
2559 2926 2777 3000 Ἄλλως.
2795 2931 3001 3010 μήποτε
3013 2929 3310 3004 ὅπου-ἡτῶν
3323 2930 3498 2992 τοιού-
3525 2947 3581 2986 ³⁰

1934 3040 2040 3074 των
2068 3016 2266 3078 πλοίων
2302 3017 2486 3086 στάσις
2516 3009 2598 3091 ἦν,
2625 3017 2789 3086 οὕτως
2813 3018 3073 3100 ἐκράτησε
3096 3020 3387 3080 καλεῖσθαι.
3423 3023 3500 3102 τῷ

1936 3103 2043 3163 ὄντι
2078 3104 2180 3185 γὰρ
2205 3103 2346 3163 ἔστιν
2387 3107 2441 3164 ἒν
2476 3109 2545 3186 τῇ
2572 3104 2781 3186 Ἀττικῇ
2820 3104 2976 3183 κώμη
3011 3103 3270 3184 λεγομένη
3309 3105 3500 3180 οὕτως,

1937 3190 2196 3273 κανθάρου
2216 3190 2399 3268 λιμὴν,
2420 3194 2540 3273 οὐχὶ
2560 3191 2816 3273 κάνθαρος
2830 3238 2848 3269 ,
2869 3195 2939 3259 ὡς
2962 3191 3259 3275 Φιλόχορος
3280 3194 3501 3275 ἱστορεῖ,

1938 3277 2044 3337 ἀπὸ
2076 3278 2246 3361 ἥρωος
2271 3279 2558 3360 ἐπιχωρίου
2591 3280 2747 3348 τινός.
2787 3278 2989 3347 οἰκείως
3018 3279 3075 3339 δὲ
3113 3281 3303 3340 τούτου
3331 3283 3501 3360 ἐμνη-

1937 3363 2183 3441 μόνευσε,
2232 3364 2404 3426 καίτοι
2439 3364 2663 3433 πλέονας
2695 3365 2912 3443 λιμένας
2972 3364 3181 3445 ἔχοντος
3224 3373 3317 3427 τοῦ
3368 3372 3503 3430 Πει-
3528 3379 3582 3420 ³³

1939 3455 2123 3534 ραιῶς,
2148 3452 2236 3514 διὰ
2261 3456 2322 3513 τὸ
2345 3458 2474 3535 ζῷον
2497 3444 2542 3536 ᾧ
2565 3455 2845 3535 ἐπωχεῖτο.
2876 3464 2937 3512 V.

2018 3561 2112 3603 1⁴7.
2153 3541 2283 3624 πρὸς
2307 3540 2431 3609 τοὺς
2453 3540 2650 3608 θεατὰς
2667 3546 2696 3601 6
2722 3542 2888 3622 λόγος.
2918 3553 2980 3602 V.
3001 3541 3151 3620 λόγος
3184 3547 3219 3616 ἢ
3245 3543 3500 3614 ὑπόθεσις.

1933 3628 2077 3706 λέγει
2100 3628 2157 3689 δὲ
2179 3628 2299 3707 περὶ
2322 3627 2657 3700 Φιλοκτήτου
2684 3628 2796 3707 (καὶ
2823 3628 3281 3712 Βελλεροφόντου).
3308 3655 3502 3714 κωμῳ-

1935 3717 2017 3775 δεῖ
2041 3716 2097 3776 δὲ
2123 3717 2211 3776 τὸν
2237 3716 2527 3799 Εὐριπίδην
2551 3719 2621 3783 ὣς
2637 3716 2955 3796 χωλοποιόν.
2987 3728 3047 3776 R.
3071 3728 3133 3776 V.
3170 3752 3251 3762 —-
3277 3715 3499 3788 Ἄλλως.

1933 3810 2087 3865 τοῦτο
2133 3803 2265 3887 πρὸς
2318 3803 2608 3886 Εὐριπίδην
2650 3803 3005 3879 ἀποτείνεται,
3069 3805 3252 3878 ἐπειδὴ
3309 3809 3502 3876 ἐκεῖνος
3527 3820 3583 3862 ει)

1935 3893 2114 3974 δρᾶμα
2150 3891 2363 3964 ἐποίησε
2394 3890 2483 3950 τὸν
2513 3891 2955 3973 Βελλεροφόντην,
3000 3893 3054 3951 ἐν
3080 3884 3126 3974 ᾧ
3152 3892 3330 3973 χωλὸν
3355 3894 3500 3968 εἰσ-ή-

1932 4001 2094 4058 γαγεν
2136 3976 2290 4039 αὐτὸν
2327 3976 2415 4037 διὰ
2454 3977 2516 4037 τὸ
2552 3977 2890 4039 πεπτωκέναι
2926 3978 3034 4039 ἀπὸ
3070 3984 3163 4039 τοῦ
3203 3980 3495 4061 Πηγάσου,

1936 4065 2247 4147 βουλόμενον
2267 4064 2566 4147 εἶςούρανὸν
2579 4067 2831 4127 ἀνελθεῖν.
2845 4068 2923 4126 δεῖ
2944 4057 3127 4147 σεοῧν,
3148 4067 3279 4149 φησὶ
3292 4113 3309 4141 ,
3327 4091 3496 4150 προσ-

1933 4152 2074 4235 έχειν
2099 4150 2174 4230 μὴ
2203 4150 2379 4212 πεσὼν
2407 4155 2755 4234 διαθραυσθῇς
2780 4152 2873 4212 καὶ
2904 4153 3029 4234 γένῃ
3053 4153 3339 4236 τραγῳδία.

2015 4260 2110 4301 152.
2152 4238 2471 4321 ὀσφρήσεται
2501 4258 2517 4299 :
2543 4238 2821 4321 Διασύρων
2842 4239 2940 4312 τὴν
2967 4237 3099 4311 ὅλην
3121 4246 3213 4299 τοῦ
3239 4239 3501 4322 κανθάρου
3526 4260 3582 4301 σε

1928 4325 2299 4408 πραγματείαν
2323 4324 2479 4386 τοῦτό
2512 4349 2662 4408 φησι.
2695 4327 2846 4386 ποῖαι
2878 4324 2981 4407 γὰρ
3006 4326 3140 4408 ῥῖνές
3172 4328 3276 4387 εἰσι
3302 4328 3503 4389 κανθά-

1930 4437 2051 4495 ρου,
2074 4413 2162 4474 ἵνα
2184 4415 2278 4474 καὶ
2304 4417 2692 4497 ὀσφρανθῶσινς
2720 4425 2778 4473 R.
2799 4425 2862 4474 V.
2972 4415 2987 4440 ³

2012 4521 2108 4564 ¹58.
2151 4502 2438 4584 κατωκάρα
2464 4522 2479 4563 :
2504 4500 2917 4585 [Κατωφερῶς]
2935 4501 3015 4561 ὅτι
3034 4499 3095 4562 τὸ
3117 4499 3206 4563 ἐπὶ
3222 4506 3317 4576 τῆς
3336 4526 3499 4585 κεφα-

1925 4592 2023 4663 λῆς
2037 4598 2220 4651 πεσεῖν
2237 4590 2373 4650 οὕτω
2390 4590 2628 4669 λέγουσιν
2648 4589 2897 4663 Ἀττικοὶ,
2919 4591 2999 4669 (οὐ
3017 4590 3343 4672 διῃρημένως
3359 4591 3497 4672 ἀλλ’)

1927 4678 2013 4761 ὑφ’
2039 4677 2111 4738 ἔν.
2136 4711 2208 4721 --
2231 4677 2488 4760 Πίνδαρος
2502 4684 2583 4751 [fr.
2612 4683 2709 4750 1³⁴]
2734 4704 2758 4728 a
2778 4679 2827 4736 οἱ
2848 4676 3244 4761 μὶνκατωκάρα
3258 4680 3497 4758 δεσμοῖσι
3523 4702 3579 4742 w

1927 4766 2179 4826 δέδενται.
2200 4760 2546 4832 ιιι-Ἄλλως.
2577 4763 2843 4847 ἐπίρρημά
2867 4767 2981 4825 ἐστι
3001 4764 3262 4840 σύνθετον,
3282 4766 3375 4826 καὶ
3400 4767 3495 4829 σὺν

1924 4856 2004 4935 τῷ
2044 4877 2063 4911 ι
2105 4853 2297 4934 γράφει
2336 4850 2678 4932 Ἧρωδιανός.
2721 4854 2771 4911 οἱ
2819 4852 2905 4926 δὲ,
2937 4852 3034 4925 τὴν
3075 4852 3311 4937 κεφαλὴν
3348 4854 3497 4914 κάτω

1924 4939 2150 5012 ποιήσας
2186 4940 2321 5022 ῥίψει
2344 4963 2410 5017 με
2441 4940 2773 5019 βουκοληθεὶς
2803 4940 2893 5000 καὶ
2917 4943 3208 5010 δελεασθεὶς
3226 4946 3294 5022 τῇ
3328 4943 3499 5023 ὀδωδῇ

1925 5032 2031 5089 τῶν
2051 5026 2505 5105 ἀποπατημάτων.
2526 5031 2678 5087 τοῦτο
2701 5025 2757 5087 δὲ
2776 5026 2882 5088 ἀπὸ
2902 5031 3007 5088 τῶν
3028 5027 3207 5089 ἵππων
3228 5029 3496 5104 εἴληπται·
