3859 5725
427 221 542 276 ⁴10
1551 203 1996 269 ADNOTATIO
2036 201 2118 261 IN
2157 201 2417 265 SCHOL.

428 355 565 402 tato.
602 346 695 402 De
725 358 912 416 17·19
938 337 1071 398 vide
1088 337 1162 398 ad
1186 336 1364 396 schol.
1390 338 1541 396 Pluti
1585 338 1846 396 citatum.
1877 334 1947 391 18
2041 346 2135 391 tur
2156 333 2369 414 Ἀγροῖς.
2390 368 2456 384 -
2478 352 2550 406 27
2577 334 2910 413 κεροῧχος,ὃς
2935 337 3169 396 Salmas,
3189 342 3393 398 Eum„
3411 339 3561 401 ΡΗ..

425 426 784 509 ἀνεψησασθαι
810 426 965 498 ΔΙά.,
986 445 1116 503 quae
1137 437 1271 503 post
1301 444 1372 500 ¹9
1402 423 1596 495 addit,
1618 421 1754 502 μετὰ
1772 421 1828 481 δὲ
1851 419 1950 492 τὴν

422 514 606 598 ἑορτὴν
630 512 730 584 ἔξω
751 516 857 573 τῶν
888 515 1063 593 ἀγρῶν
1085 510 1291 572 τιθίασι
1311 511 1438 592 παρ’
1468 508 1629 578 αὐτὸς
1654 508 1751 577 τὰς
1775 508 1949 591 θύρας.

423 602 640 686 Κράτης
666 599 724 662 δὲ
747 606 776 661 6
814 600 1080 672 Ἀθηναῖος
1105 601 1161 658 ἐν
1189 601 1266 680 τῷ
1294 598 1543 680 περὶτῶν
1575 597 1821 680 Ἀθήνησι
1856 602 1952 656 θυ-

422 695 570 766 σιῶν,
597 688 815 772 ἀφορίας
842 685 973 746 ποτὲ
997 684 1366 766 κατασχούσης
1398 684 1495 758 τὴν
1531 682 1715 759 πόλιν,
1760 682 1950 746 θαλλόν

422 797 554 861 φησι
592 773 1023 855 καταστίψαντας
1069 773 1224 855 ἐρίοις
1261 774 1526 855 ἱκετηρίαν
1569 776 1833 832 ἀναθεῖναι
1873 775 1953 853 τῷ

423 865 732 926 Ἀπόλλωνι.
762 869 899 925 Haec
926 881 1158 940 quoque
1183 881 1257 920 ex
1285 862 1455 922 Suida
1481 863 1667 934 illata,
1708 862 1809 939 qui
1833 881 1952 920 non

423 973 500 1011 ex
528 953 836 1012 scholiasta
861 951 1134 1027 sumpsit,
1159 949 1260 1008 sed
1288 970 1362 1008 ex
1400 950 1691 1008 Pausaniae
1717 948 1951 1022 Lexico,

423 1040 498 1099 de
518 1059 637 1118 quo
659 1038 774 1097 vid.
798 1037 1055 1096 Eustath.
1079 1057 1136 1113 p.
1163 1057 1185 1094 ι
1200 1039 1335 1096 283.
1361 1041 1619 1095 Dium—
1639 1055 1714 1093 2ο
1734 1033 1951 1116 ὦραισιν

424 1130 501 1190 Θ.
523 1164 587 1175 -
614 1147 689 1184 22
716 1124 1077 1184 scribebatur
1100 1122 1586 1204 περιειλημμένους.
1614 1122 1678 1181 τό
1703 1145 1762 1182 τε
1797 1122 1953 1189 θάλος

422 1214 578 1297 ἐρίοις
608 1215 813 1295 (ἐριοισι
833 1215 929 1292 Θ.)
951 1210 1390 1293 περιειλημμένον
1415 1218 1482 1271 V.
1506 1214 1578 1273 Θ.
1597 1250 1662 1262 -
1682 1223 1754 1282 24
1777 1213 1950 1271 θαλῶν

421 1309 493 1364 V.
515 1301 738 1362 Deinde
760 1302 986 1382 ὀπῶραι,
1013 1301 1062 1359 si
1092 1300 1235 1377 quid
1260 1298 1597 1360 mutandum
1623 1302 1717 1373 sit,
1738 1318 1955 1377 propo-

424 1392 513 1449 nit
529 1395 837 1449 Pon-sonus.

507 1487 619 1550 742
646 1477 864 1534 scholia
898 1476 1135 1536 invertit
1162 1475 1256 1547 Θ.,
1286 1494 1359 1533 ex
1396 1493 1517 1552 quo
1552 1476 1626 1533 38
1668 1472 1783 1550 ἅμα
1808 1471 1865 1533 δὲ
1892 1486 1952 1533 et

422 1564 513 1624 καὶ
542 1564 757 1623 addita.

503 1653 641 1725 743,
673 1659 746 1719 44
776 1649 1029 1732 δμηρικὸν
1055 1649 1216 1733 ἐξευρ.
1239 1654 1335 1724 V.‚
1360 1671 1434 1710 ex
1461 1669 1581 1728 quo
1606 1649 1680 1720 45
1709 1650 1952 1710 alterum

429 1736 585 1816 μόνος
604 1738 890 1797 additum.
913 1772 977 1784 -
1000 1739 1075 1807 48
1102 1739 1246 1818 αὐτῷ
1268 1739 1341 1799 Θ.

506 1827 622 1899 748
650 1826 741 1884 καὶ
770 1827 885 1884 άντ.
913 1823 990 1892 τίς
1017 1824 1130 1884 ἐστί
1158 1847 1242 1884 σοι
1264 1828 1337 1884 Θ.

507 1923 644 1989 749,
673 1913 745 1982 54
776 1913 994 1985 ἐκκλησ.
1024 1910 1313 1972 τοπαλαιὸν
1336 1913 1408 1972 Θ.

503 2000 641 2073 75ι,
673 2019 708 2058 2
736 2003 930 2082 χρῆναι
955 2022 1082 2080 παρ.
1108 2002 1178 2061 Θ.
1205 2001 1439 2080 παρῆναι
1464 2004 1536 2058 V.

507 2088 643 2160 755,
670 2108 702 2160 7
736 2090 888 2148 Σῦκα
918 2108 1032 2146 om.
1058 2089 1128 2149 Θ.
1146 2108 1265 2163 -9
1298 2086 1632 2146 κατεσθίωσι
1654 2087 1727 2147 Θ.
1755 2086 1948 2167 τρόπον

423 2194 540 2235 om.
573 2180 643 2235 V.
663 2213 728 2226 -
762 2196 825 2233 11
864 2176 1090 2256 εὐχερῶς
1111 2174 1254 2235 οὐδὲν
1283 2177 1356 2236 Θ.
1376 2213 1439 2224 -
1464 2184 1531 2245 ι4
1569 2175 1623 2233 ἐν
1647 2187 1706 2233 et
1745 2174 1814 2233 ι5
1852 2177 1952 2235 αὖ-

420 2265 526 2321 τῶν
551 2282 665 2321 om.
698 2264 858 2324 Θ.-
887 2284 959 2340 ι9
993 2262 1385 2343 μελιττουργοὶ,
1413 2282 1480 2320 2ι
1529 2260 1623 2320 καὶ
1663 2283 1842 2341 χειμ.,
1873 2272 1948 2332 24

422 2349 846 2431 ῥίπτουσι-ποσὶ
885 2352 956 2412 Θ.
991 2349 1319 2428 legebatur
1358 2348 1854 2429 τρίὸουσιν-παισὶ,
1883 2351 1951 2409 In

418 2443 491 2498 V.
516 2444 631 2503 ταῖς
671 2436 937 2514 μελίτταις
971 2436 1272 2517 τρίδουσιν,
1318 2436 1672 2496 intermediis
1707 2437 1948 2497 omissis.

423 2557 487 2574 --
506 2524 581 2582 25
602 2536 662 2582 et
692 2526 989 2602 sequentia
1011 2543 1126 2582 om.
1157 2525 1232 2585 Θ.
1261 2521 1605 2605 περιτιθέντες
1632 2525 1949 2602 Berglerus.

421 2609 747 2689 Legebatur
772 2607 1163 2692 παρατιθέντες.

505 2698 619 2771 756
648 2698 862 2759 habent
900 2703 968 2758 V.
996 2699 1064 2759 Θ.
1097 2700 1259 2770 διπλῆ
1312 2697 1402 2757 καὶ
1444 2697 1619 2778 στίχοι
1664 2697 1847 2776 (διπλῆ
1874 2704 1943 2770 ις’

423 2784 621 2865 στίχων
644 2785 744 2852 Θ.)
765 2785 800 2845 ε’
816 2830 833 2860 ,
860 2774 933 2844 ὧν
965 2790 995 2845 6
1037 2784 1133 2866 μὲν
1159 2786 1203 2845 α’
1223 2786 1315 2845 καὶ
1354 2785 1395 2843 δ’
1420 2786 1512 2844 καὶ
1552 2783 1595 2844 ε’
1633 2783 1819 2864 ίαμὸοι
1849 2809 1945 2845 τε-

419 2872 705 2955 τράμετροι
745 2873 1155 2946 καταληκτικοὶ,
1185 2878 1214 2933 6
1241 2872 1296 2932 δὲ
1325 2873 1373 2954 β’
1400 2873 1493 2933 καὶ
1518 2872 1568 2952 γ’
1605 2876 1655 2953 (6
1680 2875 1730 2953 γ’
1764 2878 1860 2955 V.)
1897 2877 1953 2946 ἐξ

421 2959 634 3038 ῖάμὸων
681 2961 972 3044 διμίτρων,
1005 2953 1120 3021 εἶτα
1162 2963 1216 3020 ἐν
1258 2960 1461 3021 ἐκθέσει
1505 2961 1617 3021 ἐστὶ
1667 2961 1728 3021 τὸ
1769 2962 1950 3042 ἔθιμον

422 3048 586 3120 διπλῆ
613 3046 935 3117 ἀνάπαιστος
978 3050 1327 3131 τετράμετρος
1368 3050 1731 3123 καταληκτικὴ
1754 3097 1772 3126 ,
1809 3053 1893 3136 ὑφ’
1921 3052 1952 3112 ὃ

423 3126 510 3216 (οἶ
539 3137 634 3216 Θ.)
665 3137 826 3209 διπλῆ
868 3138 959 3195 καὶ
989 3136 1103 3211 ἑξῆς
1149 3136 1226 3218 (ἓξ
1256 3140 1351 3217 Θ.)
1381 3138 1555 3218 στίχοι
1587 3139 1812 3218 (στίχων
1850 3140 1951 3221 Θ.)

419 3222 612 3302 ὁμοίως
635 3221 673 3292 ξ’
692 3220 755 3301 (ξ’
775 3244 889 3284 om.
911 3226 1148 3302 Θ.)-4ο
1169 3225 1472 3306 Εὐριπίδου.
1493 3225 1641 3285 Vide
1660 3229 1949 3307 Hephaest.

422 3333 481 3392 p.
505 3321 578 3389 94
592 3313 685 3370 ed.
718 3313 967 3372 Gaisf.—
987 3324 1058 3386 47
1072 3327 1131 3372 et
1144 3333 1301 3392 seqq.
1323 3335 1436 3373 om.
1454 3316 1523 3376 Θ.
1552 3319 1687 3374 Post
1709 3317 1775 3374 51
1793 3317 1953 3376 addit

419 3399 545 3458 Ald.
578 3398 735 3477 ὁμοία
764 3398 820 3459 δὲ
845 3403 943 3479 τῇ,
973 3401 1147 3460 πάντα
1168 3401 1309 3460 λίθον
1338 3402 1487 3461 κίνει.
1511 3406 1603 3460 τοῦ
1640 3401 1740 3484 γὰρ
1782 3406 1947 3488 Μαρ-

423 3485 593 3545 δονίου
618 3484 927 3559 ἡττηθέντος
958 3488 1011 3545 ἐν
1040 3490 1337 3554 Πλαταιαῖς
1351 3533 1369 3562 ,
1404 3487 1558 3568 φήμη
1595 3496 1837 3568 κατεῖχεν
1879 3493 1951 3556 ὡς

420 3574 475 3633 ἐν
503 3575 581 3652 τῷ
606 3571 871 3655 περιὸόλῳ
896 3577 991 3646 τῆς
1010 3579 1206 3648 σκηνῆς
1223 3573 1480 3657 θησαυρὸν
1499 3573 1786 3656 κατορύξας
1812 3579 1952 3637 ἀπο-

418 3657 673 3721 λιλοίποι.
699 3660 986 3741 πριάμενος
1012 3653 1101 3721 οὖν
1128 3661 1474 3744 Πολυκράτης
1496 3666 1524 3720 6
1559 3661 1823 3733 Ἀθηναῖος
1859 3662 1948 3722 τὸν

421 3744 582 3807 τόπον
628 3746 791 3806 πολὺν
828 3745 1021 3831 χρόνον
1064 3750 1253 3820 ἐζήτει.
1289 3752 1360 3816 ὣς
1398 3747 1455 3807 δὲ
1490 3748 1636 3808 οὐδὲν
1675 3749 1914 3832 ἐπίραινε
1930 3797 1949 3826 ,

419 3835 635 3917 πέμψας
659 3838 732 3904 εἷς
769 3836 1002 3913 Δελφοὺς
1043 3836 1293 3919 ἐπηρώτα
1319 3841 1432 3906 πῶς
1479 3837 1542 3898 ἂν
1583 3837 1740 3922 εὕροι.
1776 3838 1865 3899 τὸν
1894 3840 1951 3901 δὲ

421 3924 727 3986 Ἀπόλλωνα
770 3926 1154 4008 ἀποκρίνασθαί
1190 3951 1318 4009 φασι
1336 3975 1354 4004 ,
1394 3928 1570 3988 πάντα
1611 3931 1752 3989 λίθον
1796 3931 1945 3991 κίνει.

424 4013 514 4073 καὶ
538 4015 592 4073 ἐν
617 4011 982 4097 ἐπιγράμματι

518 4140 821 4205 Καλλιμάχου
837 4142 891 4191 τὸ
906 4142 1119 4207 τορευτὸν
1137 4143 1246 4201 ἔπος
1269 4143 1392 4194 τόδε.
1412 4145 1468 4205 δὴ
1483 4145 1570 4211 γὰρ
1588 4146 1661 4194 ἐπ’
1684 4147 1811 4209 αὐτῷ

573 4213 715 4277 ὥ’νηρ
730 4213 840 4269 τοὺς
853 4213 1079 4263 Μουσέων
1100 4212 1274 4271 πάντας
1291 4214 1445 4266 ἱσεισε
1460 4216 1627 4274 κάλως.

418 4330 636 4385 Inserta
678 4337 813 4383 sunt
852 4345 926 4383 ex
971 4326 1148 4386 Suida
1171 4347 1215 4386 s·
1260 4327 1451 4388 Πάντα
1491 4329 1699 4407 κάλων,
1737 4333 1946 4395 additis

419 4413 752 4490 Crinagorae
794 4413 1094 4489 versibus,
1146 4415 1248 4492 qui
1282 4417 1552 4495 leguntur
1604 4421 1665 4477 in
1708 4423 1943 4482 Anthol.

416 4501 596 4560 Palat.
630 4501 741 4558 vol.
763 4520 819 4575 2,
862 4521 922 4579 p.
954 4504 1081 4578 193.
1101 4506 1281 4562 Dum.
1300 4541 1366 4554 -
1397 4514 1429 4574 4
1461 4507 1617 4564 αὐτοῦ
1663 4509 1865 4569 Suidas
1896 4532 1942 4569 s.

418 4587 628 4653 Κάλως.
648 4586 801 4646 αὗτόν
822 4589 953 4647 Ald.
972 4626 1035 4639 -
1061 4591 1097 4647 6
1132 4592 1190 4649 in
1219 4605 1410 4651 mente
1438 4593 1639 4653 hahuit
1675 4600 1943 4656 Homeri-

416 4695 548 4736 cum
574 4679 751 4757 θοῦρος
782 4673 960 4757 Ἄρης.
994 4680 1183 4738 Etiam
1219 4682 1374 4738 8-ι6
1402 4701 1514 4740 om.
1540 4683 1610 4742 Θ.

499 4766 636 4841 759,
661 4783 699 4840 9
723 4764 964 4833 συνέτους
988 4772 1059 4826 V.

499 4854 634 4926 762,
692 4874 758 4909 2ι
807 4873 920 4912 orn.
958 4857 1110 4915 Θ.-
1139 4877 1211 4914 22
1263 4855 1527 4935 μολίὸινον
1577 4865 1646 4920 V.
1673 4896 1734 4908 —
1765 4866 1838 4922 23
1895 4864 1941 4924 δ.

415 4941 795 5023 ἐσκευασμένον
829 4945 900 5004 Θ.
918 4980 984 4994 -
1003 4947 1076 5003 26
1105 4943 1320 5028 Ἀγρίοις
1344 4952 1645 5010 Kusterus.
1674 4953 1941 5030 Legeba-

2037 440 2097 498 p.
2121 429 2252 489 402.
2280 420 2604 498 legebatur
2629 420 2826 504 κέρδος.
2844 460 2908 473 -
2936 427 3011 482 28
3041 429 3132 483 τοῦ
3159 423 3350 506 δάφους
3375 431 3449 486 V.
3467 433 3562 489 ‹ae

2037 506 2256 588 ἐδάφους
2283 513 2354 566 G.
2378 544 2442 557 —
2464 529 2542 585 29
2563 510 2913 587 Thucydidis
2943 513 3105 571 locus
3128 525 3215 571 est
3243 533 3296 585 7,
3330 522 3428 590 4ι,
3456 514 3557 574 ubi

2038 594 2368 654 scholiastes
2393 597 2624 655 eosdem
2654 617 2857 657 versus
2882 599 3237 659 Pherecratis
3258 604 3560 678 exproesit,

2038 683 2194 759 quod
2230 681 2559 756 observavit
2586 685 2829 744 Meinek.
2856 690 3019 746 Com.
3045 692 3074 745 Ι
3094 729 3111 758 ,
3153 707 3209 765 p.
3241 688 3373 747 258.
3395 725 3460 740 --
3483 691 3562 748 30

2039 770 2199 828 addit
2228 771 2350 830 Ald.
2381 769 2476 842 τὴν
2500 770 2847 851 ἐξηρτημάνον
2888 772 3112 854 ἔχουσαν
3147 774 3362 856 δελφινα
3385 783 3564 837 τοσοῦ-

2038 879 2126 916 τον
2150 880 2161 894 ·
2193 860 2247 917 ἐν
2269 856 2371 938 γὰρ
2397 861 2463 938 τῇ
2505 857 2707 939 ἑὸδόμῃ
2736 886 2760 912 ι
2781 859 2964 921 ἔπειτα
2985 888 3011 913 ¹»
3053 862 3212 943 φησὶν
3242 888 3266 914 ι
3290 861 3474 929 αὐτοὺς
3501 864 3562 924 αἱ

2039 958 2244 1030 κεραῖαι
2267 947 2398 1031 ὑπὲρ
2429 953 2534 1009 τῶν
2554 950 2758 1011 εὔπλων
2800 955 2857 1012 αἱ
2900 953 3007 1013 ἀπὸ
3043 957 3148 1012 τῶν
3185 952 3420 1014 ὁλκάδων
3447 955 3566 1014 δελ-

2039 1035 2304 1117 φινοφόροι
2351 1036 2575 1118 ᾐρμίναι
2625 1037 2871 1098 ἐκώλυον.
2913 1066 2938 1093 υ
2988 1040 3260 1121 Δελφίνιον
3316 1040 3374 1099 δὲ
3425 1041 3566 1121 ἱερὸν

2040 1122 2364 1191 Ἀπόλλωνος
2387 1124 2657 1204 Ἀθήνῃσιν
2685 1125 2823 1186 οὕτω
2860 1126 3180 1205 καλούμενον
3202 1174 3220 1203 ,
3247 1127 3373 1187 ἔνθα
3406 1120 3474 1200 ἦν
3503 1128 3566 1187 τὸ

2039 1211 2094 1268 ἐν
2122 1211 2382 1291 Δελφινίῳ
2409 1212 2762 1294 δικαστήριον.
2794 1212 2884 1274 καὶ
2925 1215 3118 1295 χωρίον
3161 1216 3214 1275 ἐν
3244 1214 3380 1296 Χίῳ.
3399 1255 3466 1271 -
3490 1218 3565 1275 32

2039 1302 2113 1366 εἰς
2137 1297 2299 1370 αὐτὴν
2332 1305 2397 1359 V.

2122 1387 2254 1460 766,
2279 1396 2352 1455 42
2377 1386 2541 1465 μηδὲν
2560 1389 2842 1448 σπουδαῖον
2863 1388 3276 1471 διαπραξάμενος
3298 1391 3566 1470 (Sinapat-

2037 1470 2249 1550 τόμενος
2266 1475 2362 1552 V.)
2393 1471 2608 1541 Ἄλλως.
2636 1473 2799 1551 μηδὲν
2824 1481 2892 1536 V.
2917 1477 3111 1536 Md..-
3140 1480 3213 1546 43
3235 1475 3338 1558 γὰρ
3358 1498 3473 1538 om.
3499 1484 3565 1538 V.

2119 1563 2340 1640 767,·,51
2371 1561 2590 1635 ἇὸήναις
2606 1569 2887 1626 Kusterus
2912 1587 2926 1621 ι
2957 1565 3030 1623 de
3055 1585 3175 1644 quo
3203 1585 3328 1624 voc.
3355 1585 3407 1622 v.
3431 1569 3561 1624 Du-

2039 1668 2198 1728 cang.
2230 1650 2557 1728 Legebatur
2599 1648 2868 1728 σαγήναις.
2906 1655 3251 1730 Sequentia,
3294 1651 3564 1712 τουτέστιν

2038 1736 2142 1815 (sic
2181 1757 2291 1815 pro
2317 1736 2540 1816 Ἄλλως)
2580 1739 2640 1796 in
2678 1739 2969 1817 principio
3012 1740 3217 1798 scholii
3249 1738 3428 1800 habet
3464 1744 3566 1814 V.,

2039 1844 2153 1884 om.
2181 1826 2251 1886 Θ.

2120 1912 2256 1984 768,
2286 1931 2309 1967 ι
2338 1914 2598 1986 στηθαῖοι,
2631 1912 2668 1970 6
2695 1909 3018 1990 τεμνομένας
3040 1913 3112 1973 Θ.
3135 1947 3195 1961 -
3225 1933 3255 1984 7
3292 1911 3362 1969 ἶν’
3387 1902 3424 1990 ᾖ
3452 1932 3564 1972 om.

2120 2106 2253 2159 770,
2284 2087 2352 2145 13
2382 2088 2556 2154 αὗτοῖς
2580 2093 2688 2152 τοῖς
2715 2083 3077 2168 περικόμμασι
3100 2088 3205 2146 τῶν
3230 2088 3396 2166 κρεῶν
3423 2086 3470 2144 εἰ
3487 2085 3563 2162 μή

2039 2196 2097 2232 σε
2122 2176 2259 2255 φιλῶ
2289 2175 2384 2245 Θ.,
2421 2174 2480 2232 in
2525 2194 2644 2252 quo
2682 2185 3002 2252 sequuntur
3042 2175 3289 2232 8-ιι.--
3319 2183 3386 2242 ι4
3435 2175 3566 2234 Εἰ-

2040 2259 2269 2342 ρήμασιν
2295 2281 2409 2319 om.
2438 2263 2511 2323 Θ.
2531 2299 2595 2312 -
2623 2264 2695 2322 15
2736 2259 3063 2335 πιστεύσεις,
3107 2265 3176 2321 16
3215 2260 3448 2342 δεύτερον
3495 2264 3563 2323 Θ.

2038 2347 2148 2429 ὅρκ.
2179 2347 2345 2427 μέγαν
2370 2354 2439 2408 V.

2122 2456 2258 2511 77ι,
2286 2456 2360 2495 2ο
2400 2435 2692 2520 παρείληφε
2724 2442 2816 2496 τοῦ
2855 2439 3017 2496 αὐτοῦ
3061 2435 3150 2496 τὸν
3190 2436 3341 2520 ὅρκον
3365 2438 3458 2511 Θ.,
3491 2457 3560 2496 ex

2039 2544 2157 2601 quo
2171 2522 2262 2582 καὶ
2281 2522 2557 2602 εὈμ.--(2
2567 2525 2625 2601 2)
2634 2523 2839 2606 πράσου
2863 2524 3143 2584 additum.
3166 2526 3294 2584 ΔΜ.
3314 2524 3564 2606 παρείλη-

2037 2612 2349 2670 πται.-23.
2380 2617 2591 2671 Totum
2620 2613 2775 2672 hunc
2798 2613 2988 2673 locum
3018 2614 3342 2674 scholiasta
3354 2614 3564 2673 descri-

2040 2699 2157 2776 psit
2201 2698 2564 2759 Phavorinus
2596 2720 2649 2758 v.
2687 2701 3183 2781 Μυττωτῷεειριιά
3219 2720 3391 2780 quem
3439 2702 3564 2779 ple-

2039 2787 2170 2845 nius
2209 2787 2452 2866 legitur,
2493 2785 2622 2868 πρὸς
2655 2785 2744 2846 τὸν
2774 2784 3070 2870 Ὁμηρικὸν
3113 2790 3350 2848 κυκεῶνα
3375 2809 3389 2845 :
3418 2787 3564 2848 unde

2043 2876 2375 2934 scholiastes
2395 2876 2753 2954 supplendus
2782 2889 2882 2935 est.
2909 2882 3092 2937 Rus-r.

2120 2999 2256 3053 772,
2278 2999 2353 3057 29
2375 2978 2571 3062 κρέατα
2593 2983 2658 3039 V.
2687 2980 2821 3040 Ald.
2846 3018 2911 3030 —
2935 2982 3006 3039 32
3033 2980 3152 3040 ἀλλ’
3175 3001 3290 3040 om.
3313 2987 3387 3041 V.
3411 3019 3473 3032 --
3494 2984 3562 3038 32

2040 3067 2342 3145 legendum
2365 3067 2598 3126 videtur
2619 3070 2691 3134 ὥς
2710 3068 2800 3127 καὶ
2820 3066 3038 3140 ταύτην.
3057 3104 3123 3120 -
3145 3071 3240 3142 3.4,
3268 3070 3342 3128 35
3373 3069 3446 3128 ad
3465 3069 3562 3138 δῆ-

2040 3177 2157 3232 μος,
2187 3168 2246 3214 et
2294 3165 2363 3225 4ι
2396 3146 2533 3226 ἦσάν
2555 3178 2613 3214 τε
2637 3155 2728 3214 καὶ
2751 3175 2865 3215 om.
2890 3158 2961 3218 Θ.

2121 3244 2255 3317 778,
2283 3263 2317 3301 2
2341 3244 2444 3301 τῶν
2468 3249 2559 3303 τοῦ
2583 3244 2701 3303 ἀλλ.
2729 3244 2800 3303 Θ.

2122 3331 2257 3404 780,
2287 3333 2319 3388 3
2350 3332 2458 3389 σῶν
2489 3349 2605 3388 om.
2630 3331 2701 3390 Θ.
2723 3367 2785 3379 -
2812 3330 2879 3388 ι5
2906 3328 3105 3389 ἐκδύειν
3133 3332 3206 3392 Θ.

2122 3418 2258 3493 781,
2281 3416 2317 3474 8
2335 3420 2429 3488 τῆς
2446 3416 2683 3489 Ἀττικῆς
2706 3438 2821 3476 om.
2846 3422 2913 3476 V.
2932 3417 2997 3489 ἣν
3018 3418 3294 3499 ἐνώρμησε
3312 3421 3385 3480 Θ.
3403 3419 3562 3500 ἀνώρ-

2045 3527 2221 3582 μησαν
2247 3504 2372 3563 Ald.
2402 3504 2761 3588 ἐνωρμίσαντο
2787 3506 2878 3563 vel
2905 3505 3236 3586 ἐνωρμίσατο
3265 3507 3459 3566 Suidae
3491 3508 3560 3564 li-

2038 3591 2130 3651 bri
2175 3612 2221 3651 s.
2251 3591 2547 3673 Διεξιφίσω.
2566 3629 2630 3642 -
2651 3613 2689 3669 9
2709 3591 3040 3673 Ἇρτάὸαζος.
3065 3584 3251 3652 Irnmo
3277 3593 3560 3675 Ἀρταφέρ-

2037 3703 2128 3752 νης
2153 3704 2166 3738 :
2188 3701 2242 3739 v.
2282 3682 2561 3744 Herodot.
2601 3683 2637 3740 6
2655 3725 2673 3753 ,
2722 3703 2740 3739 ι
2762 3703 2863 3758 ι9ς
2914 3702 2946 3755 7
2965 3726 2983 3755 ,
3033 3702 3119 3740 ιο.
3170 3682 3342 3740 Conl'.
3386 3682 3560 3742 schol.

2037 3768 2286 3826 Acharn.
2311 3769 2405 3836 84.
2424 3804 2488 3817 -
2519 3790 2537 3825 ι
2557 3789 2579 3825 ι
2610 3770 2754 3850 αὐτῷ
2780 3768 2968 3829 Suidae
2994 3768 3239 3828 codices.
3263 3807 3326 3821 -
3356 3772 3423 3829 13
3445 3791 3559 3848 seq.

2036 3854 2126 3913 καὶ
2152 3852 2624 3934 οὔτω-δυνάμεως
2641 3861 2711 3915 V.
2741 3857 2811 3916 Θ.
2838 3870 2896 3914 et
2922 3856 3144 3916 Suidas.
3166 3859 3237 3924 ὡς
3258 3856 3559 3928 ἐξισωθῆναι

2036 3941 2131 4011 τὴν
2167 3944 2270 4000 τῶν
2309 3942 2592 4015 Ἀθηναίων
2636 3941 2855 4021 δύναμιν
2890 3947 2958 4024 τῇ
3005 3946 3228 4027 Περσῶν
3272 3946 3402 4004 Ald.
3429 3951 3561 4005 Post

2039 4027 2310 4108 δυνάμεως
2353 4036 2422 4090 V.
2451 4032 2521 4091 Θ.
2554 4034 2649 4101 τῆς
2675 4033 2940 4112 Περσικῆς
2977 4031 3067 4091 καὶ
3100 4032 3348 4102 addunt,
3386 4035 3481 4103 τῆς
3505 4053 3560 4091 τε

2038 4120 2303 4199 Περσικῆς
2335 4118 2606 4195 δυνάμεως
2656 4117 3016 4199 περιεγένοντο
3056 4117 3148 4177 καὶ
3191 4119 3382 4178 Suidae
3423 4119 3559 4202 edit.

2037 4207 2298 4281 Medion„
2342 4208 2616 4267 omittunt
2644 4207 2873 4266 codices
2910 4206 3217 4266 Gaissordi.
3240 4242 3304 4256 —
3339 4207 3408 4266 16
3437 4208 3562 4266 sor-

2039 4307 2183 4354 tasse
2210 4294 2393 4355 στόλον
2421 4294 2747 4354 addendum
2776 4308 2907 4373 post
2932 4296 3172 4373 Περσῶν.
3198 4299 3381 4353 Dum.

2119 4399 2264 4471 782,
2297 4400 2365 4455 ι8
2393 4397 2608 4474 σεμνολ.
2651 4396 2719 4456 τὰ
2745 4397 2955 4456 ἐκείνων
3002 4416 3115 4456 om.
3155 4400 3222 4453 V.
3246 4394 3317 4456 τὰ
3350 4396 3558 4458 ἐκείνων

2034 4503 2146 4542 om.
2166 4484 2238 4544 Θ.
2268 4481 2336 4541 τὰ
2364 4484 2572 4542 ἐκείνων
2597 4484 2984 4566 κατορθώματα
3002 4484 3224 4545 suidas,

2114 4589 2249 4661 785,
2277 4589 2351 4645 28
2377 4586 2432 4646 δὲ
2455 4607 2568 4646 om.
2598 4589 2667 4648 Θ.
2695 4589 2973 4649 Diibnero
2998 4590 3302 4668 legendum
3332 4591 3559 4650 videtur

2033 4673 2140 4734 ἀπὸ
2167 4672 2223 4734 δὲ
2240 4720 2258 4753 ,
2285 4695 2399 4733 non
2425 4674 2557 4734 niv-tl.
2576 4712 2640 4725 -
2668 4679 2739 4736 32
2769 4675 2870 4760 γὰρ
2897 4679 2950 4736 ἐν
2987 4677 3154 4759 ταύτῃ
3176 4679 3307 4738 ΑΙά.
3338 4692 3399 4737 et
3427 4680 3558 4739 Sui·

2033 4764 2151 4823 das.
2170 4801 2232 4814 —
2260 4766 2331 4831 34
2356 4762 2524 4844 πέτρα
2548 4765 2690 4825 ἐστὶν
2709 4811 2723 4836 ,
2755 4769 2830 4844 39
2849 4764 3104 4840 ἐκαθίσθη
3131 4766 3360 4841 Suidas,
3386 4768 3555 4827 omit·

2035 4864 2156 4910 tens
2186 4863 2261 4922 4ο
2287 4852 2360 4933 ἐρ.
2386 4886 2461 4897 -
2491 4862 2586 4926 47.

2113 4955 2245 5031 786,
2289 4966 2365 5035 49
2395 4959 2504 5015 ἐστι
2547 4962 2703 5036 θαυμ.
2740 4960 2891 5019 Θ..-
2920 4959 2990 5015 52
3039 4957 3296 5024 πολλάκις
3337 4979 3454 5019 om.
3486 4964 3551 5017 V.
