<?xml version="1.0" encoding="UTF-8"?>
<!DOCTYPE html PUBLIC "-//W3C//DTD XHTML 1.0 Transitional//EN"
    "http://www.w3.org/TR/xhtml1/DTD/xhtml1-transitional.dtd">
<html xmlns="http://www.w3.org/1999/xhtml" xml:lang="en" lang="en">
 <head>
  <title>
</title>
<meta http-equiv="Content-Type" content="text/html;charset=utf-8" />
  <meta name='ocr-system' content='tesseract 3.04.00' />
  <meta name='ocr-capabilities' content='ocr_page ocr_carea ocr_par ocr_line ocrx_word'/>
</head>
<body>
  <div class='ocr_page' id='page_1' title='image "./scholiagraecain02dbgoog_0380.png"; bbox 0 0 3859 5725; ppageno 0'>
   <div class='ocr_carea' id='block_1_1' title="bbox 438 264 549 315">
    <p class='ocr_par' dir='ltr' id='par_1_1' title="bbox 438 264 549 315">
     <span class='ocr_line' id='line_1_1' title="bbox 438 264 549 315; baseline -0.009 0"><span class='ocrx_word' id='word_1_1' title='bbox 438 264 549 315; x_wconf 79' lang='lat'>338</span> 
     </span>
    </p>
   </div>
   <div class='ocr_carea' id='block_1_2' title="bbox 1551 258 2501 328">
    <p class='ocr_par' dir='ltr' id='par_1_2' title="bbox 1551 258 2501 328">
     <span class='ocr_line' id='line_1_2' title="bbox 1551 258 2501 328; baseline 0.007 -10"><span class='ocrx_word' id='word_1_2' title='bbox 1551 258 1933 320; x_wconf 82' lang='lat' dir='ltr'><strong>SCHOLIA</strong></span> <span class='ocrx_word' id='word_1_3' title='bbox 1980 262 2072 323; x_wconf 86' lang='lat' dir='ltr'>IN</span> <span class='ocrx_word' id='word_1_4' title='bbox 2121 264 2501 328; x_wconf 83' lang='lat' dir='ltr'>PLUTUM.</span> 
     </span>
    </p>
   </div>
   <div class='ocr_carea' id='block_1_3' title="bbox 424 385 3659 664">
    <p class='ocr_par' dir='ltr' id='par_1_3' title="bbox 424 385 3659 664">
     <span class='ocr_line' id='line_1_3' title="bbox 508 385 3659 488; baseline 0.007 -41"><span class='ocrx_word' id='word_1_5' title='bbox 508 408 607 447; x_wconf 76' lang='lat'><strong>252.</strong></span> <span class='ocrx_word' id='word_1_6' title='bbox 648 385 700 445; x_wconf 90' lang='grc' dir='ltr'>τί</span> <span class='ocrx_word' id='word_1_7' title='bbox 744 386 845 468; x_wconf 78' lang='grc' dir='ltr'>γὰρ</span> <span class='ocrx_word' id='word_1_8' title='bbox 870 387 932 445; x_wconf 84' lang='grc' dir='ltr'>ἄν</span> <span class='ocrx_word' id='word_1_9' title='bbox 961 411 1037 455; x_wconf 90' lang='grc' dir='ltr'>τις</span> <span class='ocrx_word' id='word_1_10' title='bbox 1071 407 1085 447; x_wconf 77' lang='lat'>2</span> <span class='ocrx_word' id='word_1_11' title='bbox 1119 387 1186 448; x_wconf 82' lang='lat' dir='ltr'>‘ll</span> <span class='ocrx_word' id='word_1_12' title='bbox 1214 387 1515 461; x_wconf 85' lang='grc' dir='ltr'>κατασκευὴ</span> <span class='ocrx_word' id='word_1_13' title='bbox 1546 389 1708 464; x_wconf 77' lang='grc' dir='ltr'>αὕτη,</span> <span class='ocrx_word' id='word_1_14' title='bbox 1744 395 1779 462; x_wconf 83' lang='grc' dir='ltr'>ἡ</span> <span class='ocrx_word' id='word_1_15' title='bbox 1808 391 1861 450; x_wconf 88' lang='grc' dir='ltr'>τί</span> <span class='ocrx_word' id='word_1_16' title='bbox 1887 391 1990 473; x_wconf 79' lang='grc' dir='ltr'>γὰρ</span> <span class='ocrx_word' id='word_1_17' title='bbox 2070 393 2181 453; x_wconf 69' lang='grc' dir='ltr'>ἐστὶ</span> <span class='ocrx_word' id='word_1_18' title='bbox 2204 393 2264 454; x_wconf 87' lang='grc' dir='ltr'>τὸ</span> <span class='ocrx_word' id='word_1_19' title='bbox 2288 397 2685 479; x_wconf 90' lang='grc' dir='ltr'>ἀγριοκρόμυον,</span> <span class='ocrx_word' id='word_1_20' title='bbox 2721 391 2765 480; x_wconf 70' lang='grc' dir='ltr'><em>ᾧ</em></span> <span class='ocrx_word' id='word_1_21' title='bbox 2790 401 2856 458; x_wconf 87' lang='grc' dir='ltr'>δι’</span> <span class='ocrx_word' id='word_1_22' title='bbox 2881 400 3049 483; x_wconf 82' lang='grc' dir='ltr'>ἄκραν</span> <span class='ocrx_word' id='word_1_23' title='bbox 3079 404 3300 487; x_wconf 82' lang='grc' dir='ltr'>ἀπορίαν</span> <span class='ocrx_word' id='word_1_24' title='bbox 3327 412 3574 488; x_wconf 73' lang='grc' dir='ltr'>χρῶνται</span> <span class='ocrx_word' id='word_1_25' title='bbox 3606 414 3659 472; x_wconf 72' lang='grc' dir='ltr'><strong><em>ά</em></strong></span> 
     </span>
     <span class='ocr_line' id='line_1_4' title="bbox 429 479 3657 571; baseline 0.006 -32"><span class='ocrx_word' id='word_1_26' title='bbox 429 481 493 540; x_wconf 78' lang='grc' dir='ltr'>ἄν</span> <span class='ocrx_word' id='word_1_27' title='bbox 519 504 623 555; x_wconf 90' lang='grc' dir='ltr'>τις,</span> <span class='ocrx_word' id='word_1_28' title='bbox 653 481 780 562; x_wconf 89' lang='grc' dir='ltr'>πρὸς</span> <span class='ocrx_word' id='word_1_29' title='bbox 812 481 900 554; x_wconf 77' lang='grc' dir='ltr'>τ’ὸ,</span> <span class='ocrx_word' id='word_1_30' title='bbox 930 481 986 541; x_wconf 91' lang='grc' dir='ltr'>ὃν</span> <span class='ocrx_word' id='word_1_31' title='bbox 1014 479 1118 560; x_wconf 80' lang='grc' dir='ltr'>ἐγὼ</span> <span class='ocrx_word' id='word_1_32' title='bbox 1144 484 1277 563; x_wconf 88' lang='grc' dir='ltr'>φιλῶ</span> <span class='ocrx_word' id='word_1_33' title='bbox 1307 483 1540 561; x_wconf 88' lang='grc' dir='ltr'>μάλιστα</span> <span class='ocrx_word' id='word_1_34' title='bbox 1565 482 1699 562; x_wconf 76' lang='grc' dir='ltr'>μετὰ</span> <span class='ocrx_word' id='word_1_35' title='bbox 1727 484 1813 559; x_wconf 88' lang='grc' dir='ltr'>σέ,</span> <span class='ocrx_word' id='word_1_36' title='bbox 1842 488 1903 546; x_wconf 90' lang='grc' dir='ltr'>τὸ</span> <span class='ocrx_word' id='word_1_37' title='bbox 1935 485 1990 544; x_wconf 83' lang='grc' dir='ltr'>δὲ</span> <span class='ocrx_word' id='word_1_38' title='bbox 2070 480 2305 553; x_wconf 68' lang='grc' dir='ltr'>πένητες·</span> <span class='ocrx_word' id='word_1_39' title='bbox 2331 482 2443 563; x_wconf 63' lang='grc' dir='ltr'>ἔχει</span> <span class='ocrx_word' id='word_1_40' title='bbox 2469 484 2523 542; x_wconf 73' lang='grc' dir='ltr'>δὲ</span> <span class='ocrx_word' id='word_1_41' title='bbox 2546 484 2606 544; x_wconf 72' lang='grc' dir='ltr'>τὸ</span> <span class='ocrx_word' id='word_1_42' title='bbox 2628 510 2658 544; x_wconf 76' lang='grc' dir='ltr'>υ</span> <span class='ocrx_word' id='word_1_43' title='bbox 2688 487 2878 568; x_wconf 73' lang='grc' dir='ltr'>βραχύ.</span> <span class='ocrx_word' id='word_1_44' title='bbox 2907 488 2967 547; x_wconf 76' lang='grc' dir='ltr'>τὸ</span> <span class='ocrx_word' id='word_1_45' title='bbox 2995 488 3051 549; x_wconf 70' lang='grc' dir='ltr'>δὲ</span> <span class='ocrx_word' id='word_1_46' title='bbox 3083 491 3273 571; x_wconf 78' lang='grc' dir='ltr'>θυμὸς,</span> <span class='ocrx_word' id='word_1_47' title='bbox 3306 493 3336 553; x_wconf 83' lang='grc' dir='ltr'>ὃ</span> <span class='ocrx_word' id='word_1_48' title='bbox 3361 497 3519 568; x_wconf 82' lang='grc' dir='ltr'>δηλοῖ</span> <span class='ocrx_word' id='word_1_49' title='bbox 3548 498 3657 571; x_wconf 66' lang='grc' dir='ltr'>τὴν</span> 
     </span>
     <span class='ocr_line' id='line_1_5' title="bbox 424 564 3655 664; baseline 0.006 -39"><span class='ocrx_word' id='word_1_50' title='bbox 424 570 671 648; x_wconf 81' lang='grc' dir='ltr'>πείθομαι</span> <span class='ocrx_word' id='word_1_51' title='bbox 706 569 793 628; x_wconf 78' lang='grc' dir='ltr'>διὰ</span> <span class='ocrx_word' id='word_1_52' title='bbox 829 568 990 647; x_wconf 82' lang='grc' dir='ltr'>μέσου</span> <span class='ocrx_word' id='word_1_53' title='bbox 1027 573 1103 650; x_wconf 80' lang='grc' dir='ltr'>τῷ</span> <span class='ocrx_word' id='word_1_54' title='bbox 1135 568 1360 651; x_wconf 78' lang='grc' dir='ltr'>Πλούτῳ</span> <span class='ocrx_word' id='word_1_55' title='bbox 1388 570 1607 653; x_wconf 85' lang='grc' dir='ltr'>εἴρηται.</span> <span class='ocrx_word' id='word_1_56' title='bbox 1635 580 1770 628; x_wconf 81' lang='lat' dir='ltr'><strong>Junt.</strong></span> <span class='ocrx_word' id='word_1_57' title='bbox 1804 571 1858 632; x_wconf 78' lang='grc' dir='ltr'>τί</span> <span class='ocrx_word' id='word_1_58' title='bbox 1886 572 1990 656; x_wconf 81' lang='grc' dir='ltr'>γὰρ</span> <span class='ocrx_word' id='word_1_59' title='bbox 2070 568 2265 649; x_wconf 77' lang='grc' dir='ltr'>ψυχὴν,</span> <span class='ocrx_word' id='word_1_60' title='bbox 2296 571 2518 653; x_wconf 87' lang='grc' dir='ltr'>μακρόν.</span> <span class='ocrx_word' id='word_1_61' title='bbox 2554 584 2607 631; x_wconf 84' lang='grc' dir='ltr'>Ρ.</span> <span class='ocrx_word' id='word_1_62' title='bbox 2638 564 2769 640; x_wconf 71' lang='grc' dir='ltr'>εἶδος</span> <span class='ocrx_word' id='word_1_63' title='bbox 2805 575 3043 653; x_wconf 79' lang='grc' dir='ltr'>βοτάνης.</span> <span class='ocrx_word' id='word_1_64' title='bbox 3077 578 3209 657; x_wconf 91' lang='grc' dir='ltr'>πρὸς</span> <span class='ocrx_word' id='word_1_65' title='bbox 3234 579 3323 638; x_wconf 89' lang='grc' dir='ltr'>τὸν</span> <span class='ocrx_word' id='word_1_66' title='bbox 3343 583 3507 664; x_wconf 89' lang='grc' dir='ltr'>χορὸν</span> <span class='ocrx_word' id='word_1_67' title='bbox 3534 591 3655 644; x_wconf 78' lang='grc' dir='ltr'>τῶν</span> 
     </span>
    </p>
   </div>
   <div class='ocr_carea' id='block_1_4' title="bbox 427 657 805 719">
    <p class='ocr_par' dir='ltr' id='par_1_4' title="bbox 427 657 805 719">
     <span class='ocr_line' id='line_1_6' title="bbox 427 657 805 719; baseline 0 -4"><span class='ocrx_word' id='word_1_68' title='bbox 427 657 489 716; x_wconf 77' lang='grc' dir='ltr'>ἄν</span> <span class='ocrx_word' id='word_1_69' title='bbox 509 678 523 718; x_wconf 73' lang='lat'>2</span> <span class='ocrx_word' id='word_1_70' title='bbox 546 657 717 719; x_wconf 89' lang='grc' dir='ltr'>Διατί.</span> <span class='ocrx_word' id='word_1_71' title='bbox 747 669 805 716; x_wconf 88' lang='grc' dir='ltr'>Ρ.</span> 
     </span>
    </p>
   </div>
   <div class='ocr_carea' id='block_1_5' title="bbox 2068 659 3655 742">
    <p class='ocr_par' dir='ltr' id='par_1_5' title="bbox 2068 659 3655 742">
     <span class='ocr_line' id='line_1_7' title="bbox 2068 659 3655 742; baseline 0.012 -29"><span class='ocrx_word' id='word_1_72' title='bbox 2068 661 2332 736; x_wconf 83' lang='grc' dir='ltr'>γεωργῶν.</span> <span class='ocrx_word' id='word_1_73' title='bbox 2357 670 2419 716; x_wconf 84' lang='lat' dir='ltr'>V.</span> <span class='ocrx_word' id='word_1_74' title='bbox 2442 659 2632 718; x_wconf 80' lang='grc' dir='ltr'>ταύτὸν</span> <span class='ocrx_word' id='word_1_75' title='bbox 2656 659 2816 738; x_wconf 86' lang='grc' dir='ltr'>θύμον</span> <span class='ocrx_word' id='word_1_76' title='bbox 2845 683 2860 722; x_wconf 89' lang='lat'>:</span> <span class='ocrx_word' id='word_1_77' title='bbox 2893 663 3029 723; x_wconf 82' lang='grc' dir='ltr'>Ἀντὶ</span> <span class='ocrx_word' id='word_1_78' title='bbox 3062 671 3184 736; x_wconf 72' lang='grc' dir='ltr'>τοῦ,</span> <span class='ocrx_word' id='word_1_79' title='bbox 3212 672 3306 739; x_wconf 61' lang='grc' dir='ltr'>τῆς</span> <span class='ocrx_word' id='word_1_80' title='bbox 3338 676 3504 742; x_wconf 81' lang='grc' dir='ltr'>αὐτῆς</span> <span class='ocrx_word' id='word_1_81' title='bbox 3539 697 3655 732; x_wconf 82' lang='grc' dir='ltr'>πε-</span> 
     </span>
    </p>
   </div>
   <div class='ocr_carea' id='block_1_6' title="bbox 371 736 3709 834">
    <p class='ocr_par' dir='ltr' id='par_1_6' title="bbox 371 697 3815 836">
     <span class='ocr_line' id='line_1_8' title="bbox 371 736 3709 834; baseline 0.003 -29"><span class='ocrx_word' id='word_1_82' title='bbox 371 773 397 809; x_wconf 71' lang='lat'><strong>5</strong></span> <span class='ocrx_word' id='word_1_83' title='bbox 502 766 602 806; x_wconf 70' lang='lat'>²5³.</span> <span class='ocrx_word' id='word_1_84' title='bbox 647 736 732 826; x_wconf 69' lang='grc' dir='ltr'>[ὦ</span> <span class='ocrx_word' id='word_1_85' title='bbox 759 742 932 804; x_wconf 79' lang='grc' dir='ltr'>πολλὰ</span> <span class='ocrx_word' id='word_1_86' title='bbox 972 742 1035 816; x_wconf 81' lang='grc' dir='ltr'>δὴ</span> <span class='ocrx_word' id='word_1_87' title='bbox 1074 747 1149 825; x_wconf 79' lang='grc' dir='ltr'>τῷ</span> <span class='ocrx_word' id='word_1_88' title='bbox 1186 742 1418 823; x_wconf 79' lang='grc' dir='ltr'>δεσπότῃ</span> <span class='ocrx_word' id='word_1_89' title='bbox 1461 767 1475 805; x_wconf 89' lang='lat'><strong>:</strong></span> <span class='ocrx_word' id='word_1_90' title='bbox 1521 745 1764 811; x_wconf 82' lang='grc' dir='ltr'>Εἴσθεσις</span> <span class='ocrx_word' id='word_1_91' title='bbox 1800 748 1990 819; x_wconf 91' lang='grc' dir='ltr'>διπλῆς</span> <span class='ocrx_word' id='word_1_92' title='bbox 2069 745 2180 814; x_wconf 87' lang='grc' dir='ltr'>νίας</span> <span class='ocrx_word' id='word_1_93' title='bbox 2212 749 2586 828; x_wconf 79' lang='grc' dir='ltr'>μετασχόντες·</span> <span class='ocrx_word' id='word_1_94' title='bbox 2625 750 2784 829; x_wconf 89' lang='grc' dir='ltr'>θύμος</span> <span class='ocrx_word' id='word_1_95' title='bbox 2809 751 2911 832; x_wconf 80' lang='grc' dir='ltr'>γὰρ</span> <span class='ocrx_word' id='word_1_96' title='bbox 2948 745 3081 822; x_wconf 71' lang='grc' dir='ltr'>εἶδος</span> <span class='ocrx_word' id='word_1_97' title='bbox 3120 756 3345 834; x_wconf 82' lang='grc' dir='ltr'>βοτάνης</span> <span class='ocrx_word' id='word_1_98' title='bbox 3379 762 3652 831; x_wconf 69' lang='grc' dir='ltr'>εὐτελοῦς,</span> <span class='ocrx_word' id='word_1_99' title='bbox 3682 781 3709 817; x_wconf 73' lang='grc' dir='ltr'>ε</span> 
     </span>
    </p>
   </div>
   <div class='ocr_carea' id='block_1_7' title="bbox 311 830 1986 5220">
    <p class='ocr_par' dir='ltr' id='par_1_7' title="bbox 311 830 1986 5220">
     <span class='ocr_line' id='line_1_9' title="bbox 345 830 1983 915; baseline 0 -24"><span class='ocrx_word' id='word_1_100' title='bbox 345 885 358 897; x_wconf 86' lang='grc'>,</span> <span class='ocrx_word' id='word_1_101' title='bbox 425 831 706 910; x_wconf 68' lang='grc' dir='ltr'>ἀμοιόαίας</span> <span class='ocrx_word' id='word_1_102' title='bbox 734 835 794 890; x_wconf 81' lang='grc' dir='ltr'>ἐκ</span> <span class='ocrx_word' id='word_1_103' title='bbox 828 831 1022 910; x_wconf 82' lang='grc' dir='ltr'>στίχων</span> <span class='ocrx_word' id='word_1_104' title='bbox 1049 830 1310 907; x_wconf 76' lang='grc' dir='ltr'>ἰαμὸικῶν</span> <span class='ocrx_word' id='word_1_105' title='bbox 1336 831 1480 891; x_wconf 79' lang='grc' dir='ltr'>ἐννέα</span> <span class='ocrx_word' id='word_1_106' title='bbox 1509 834 1637 915; x_wconf 90' lang='grc' dir='ltr'>πρὸς</span> <span class='ocrx_word' id='word_1_107' title='bbox 1662 835 1767 900; x_wconf 87' lang='grc' dir='ltr'>τοῖς</span> <span class='ocrx_word' id='word_1_108' title='bbox 1793 856 1983 893; x_wconf 86' lang='grc' dir='ltr'>τεσσα-</span> 
     </span>
     <span class='ocr_line' id='line_1_10' title="bbox 425 911 1986 1002; baseline 0 -23"><span class='ocrx_word' id='word_1_109' title='bbox 425 919 678 1001; x_wconf 89' lang='grc' dir='ltr'>ράκοντα,</span> <span class='ocrx_word' id='word_1_110' title='bbox 705 919 832 998; x_wconf 83' lang='grc' dir='ltr'>ἄχρι</span> <span class='ocrx_word' id='word_1_111' title='bbox 853 925 975 990; x_wconf 81' lang='grc' dir='ltr'>τοῦ,</span> <span class='ocrx_word' id='word_1_112' title='bbox 1000 947 1025 970; x_wconf 72' lang='grc' dir='ltr'>οι</span> <span class='ocrx_word' id='word_1_113' title='bbox 1049 916 1154 996; x_wconf 83' lang='grc' dir='ltr'>ἐγὼ</span> <span class='ocrx_word' id='word_1_114' title='bbox 1177 917 1232 977; x_wconf 86' lang='grc' dir='ltr'>δὲ</span> <span class='ocrx_word' id='word_1_115' title='bbox 1260 917 1355 991; x_wconf 84' lang='grc' dir='ltr'>τὴν</span> <span class='ocrx_word' id='word_1_116' title='bbox 1387 919 1615 1002; x_wconf 85' lang='grc' dir='ltr'>Κίρκην,</span> <span class='ocrx_word' id='word_1_117' title='bbox 1653 949 1675 972; x_wconf 73' lang='lat' dir='ltr'>n</span> <span class='ocrx_word' id='word_1_118' title='bbox 1707 911 1779 979; x_wconf 66' lang='grc' dir='ltr'>ὧν</span> <span class='ocrx_word' id='word_1_119' title='bbox 1807 923 1855 978; x_wconf 78' lang='grc' dir='ltr'>οἱ</span> <span class='ocrx_word' id='word_1_120' title='bbox 1890 918 1986 998; x_wconf 76' lang='grc' dir='ltr'>μὲν</span> 
     </span>
     <span class='ocr_line' id='line_1_11' title="bbox 355 1004 1982 1087; baseline -0.001 -21"><span class='ocrx_word' id='word_1_121' title='bbox 355 1071 372 1084; x_wconf 53' lang='grc'>,</span> <span class='ocrx_word' id='word_1_122' title='bbox 423 1008 505 1084; x_wconf 90' lang='grc' dir='ltr'>με’</span> <span class='ocrx_word' id='word_1_123' title='bbox 519 1006 874 1087; x_wconf 39' lang='grc' dir='ltr'>,τετράμετροί</span> <span class='ocrx_word' id='word_1_124' title='bbox 902 1008 1000 1064; x_wconf 88' lang='grc' dir='ltr'>εἰσι</span> <span class='ocrx_word' id='word_1_125' title='bbox 1022 1006 1430 1083; x_wconf 73' lang='grc' dir='ltr'>καταληκτικοὶ,</span> <span class='ocrx_word' id='word_1_126' title='bbox 1456 1011 1503 1066; x_wconf 76' lang='grc' dir='ltr'>οἱ</span> <span class='ocrx_word' id='word_1_127' title='bbox 1532 1006 1614 1078; x_wconf 78' lang='grc' dir='ltr'>δὲ,</span> <span class='ocrx_word' id='word_1_128' title='bbox 1640 1036 1661 1060; x_wconf 67' lang='grc' dir='ltr'>«ι</span> <span class='ocrx_word' id='word_1_129' title='bbox 1695 1004 1982 1086; x_wconf 83' lang='grc' dir='ltr'>βληχώμε-</span> 
     </span>
     <span class='ocr_line' id='line_1_12' title="bbox 420 1092 1981 1176; baseline -0.002 -22"><span class='ocrx_word' id='word_1_130' title='bbox 420 1094 500 1154; x_wconf 93' lang='grc' dir='ltr'>νοί</span> <span class='ocrx_word' id='word_1_131' title='bbox 533 1118 591 1154; x_wconf 89' lang='grc' dir='ltr'>τε</span> <span class='ocrx_word' id='word_1_132' title='bbox 639 1092 964 1176; x_wconf 72' lang='grc' dir='ltr'>προὸατίων,</span> <span class='ocrx_word' id='word_1_133' title='bbox 1021 1120 1046 1145; x_wconf 74' lang='lat'>²0</span> <span class='ocrx_word' id='word_1_134' title='bbox 1079 1093 1196 1166; x_wconf 80' lang='grc' dir='ltr'>καὶ,</span> <span class='ocrx_word' id='word_1_135' title='bbox 1236 1103 1266 1144; x_wconf 83' lang='grc'>«“</span> <span class='ocrx_word' id='word_1_136' title='bbox 1294 1096 1458 1173; x_wconf 80' lang='grc' dir='ltr'>αἰγῶν</span> <span class='ocrx_word' id='word_1_137' title='bbox 1511 1118 1569 1153; x_wconf 88' lang='grc' dir='ltr'>τε</span> <span class='ocrx_word' id='word_1_138' title='bbox 1611 1094 1981 1176; x_wconf 80' lang='grc' dir='ltr'>κιναὸρώντων</span> 
     </span>
     <span class='ocr_line' id='line_1_13' title="bbox 347 1179 1983 1264; baseline -0.001 -23"><span class='ocrx_word' id='word_1_139' title='bbox 347 1206 394 1243; x_wconf 87' lang='grc' dir='ltr'>ιο</span> <span class='ocrx_word' id='word_1_140' title='bbox 424 1181 588 1261; x_wconf 85' lang='grc' dir='ltr'>με’λη,</span> <span class='ocrx_word' id='word_1_141' title='bbox 632 1212 657 1236; x_wconf 70' lang='lat' dir='ltr'>u</span> <span class='ocrx_word' id='word_1_142' title='bbox 688 1182 765 1242; x_wconf 82' lang='grc' dir='ltr'>ἔτι</span> <span class='ocrx_word' id='word_1_143' title='bbox 802 1183 883 1254; x_wconf 87' lang='grc' dir='ltr'>δὲ,</span> <span class='ocrx_word' id='word_1_144' title='bbox 924 1211 948 1233; x_wconf 76' lang='grc' dir='ltr'>«ι</span> <span class='ocrx_word' id='word_1_145' title='bbox 987 1179 1274 1260; x_wconf 81' lang='grc' dir='ltr'>ἡγούμενον</span> <span class='ocrx_word' id='word_1_146' title='bbox 1311 1191 1418 1249; x_wconf 88' lang='grc' dir='ltr'>τοῖς</span> <span class='ocrx_word' id='word_1_147' title='bbox 1471 1182 1799 1264; x_wconf 77' lang='grc' dir='ltr'>προὸατίοις,</span> <span class='ocrx_word' id='word_1_148' title='bbox 1830 1211 1855 1235; x_wconf 70' lang='lat' dir='ltr'><strong>u</strong></span> <span class='ocrx_word' id='word_1_149' title='bbox 1891 1188 1983 1247; x_wconf 83' lang='grc' dir='ltr'>καὶ</span> 
     </span>
     <span class='ocr_line' id='line_1_14' title="bbox 420 1268 1983 1352; baseline -0.001 -22"><span class='ocrx_word' id='word_1_150' title='bbox 420 1300 444 1322; x_wconf 84' lang='lat'>«</span> <span class='ocrx_word' id='word_1_151' title='bbox 474 1273 588 1344; x_wconf 81' lang='grc' dir='ltr'>εἰκῆ</span> <span class='ocrx_word' id='word_1_152' title='bbox 614 1271 668 1330; x_wconf 84' lang='grc' dir='ltr'>δὲ</span> <span class='ocrx_word' id='word_1_153' title='bbox 687 1269 1078 1352; x_wconf 85' lang='grc' dir='ltr'>καταδαρθέντα</span> <span class='ocrx_word' id='word_1_154' title='bbox 1097 1293 1198 1329; x_wconf 91' lang='grc' dir='ltr'>που</span> <span class='ocrx_word' id='word_1_155' title='bbox 1211 1315 1228 1342; x_wconf 88' lang='grc'>,</span> <span class='ocrx_word' id='word_1_156' title='bbox 1250 1296 1272 1322; x_wconf 77' lang='grc' dir='ltr'><strong>υ</strong></span> <span class='ocrx_word' id='word_1_157' title='bbox 1292 1268 1542 1352; x_wconf 82' lang='grc' dir='ltr'>τέσσαρες</span> <span class='ocrx_word' id='word_1_158' title='bbox 1559 1269 1726 1343; x_wconf 82' lang='grc' dir='ltr'>ὄντες,</span> <span class='ocrx_word' id='word_1_159' title='bbox 1751 1270 1983 1352; x_wconf 89' lang='grc' dir='ltr'>δίμετροί</span> 
     </span>
     <span class='ocr_line' id='line_1_15' title="bbox 420 1356 1984 1440; baseline -0.001 -22"><span class='ocrx_word' id='word_1_160' title='bbox 420 1363 549 1419; x_wconf 83' lang='grc' dir='ltr'>εἰσιν</span> <span class='ocrx_word' id='word_1_161' title='bbox 585 1359 961 1432; x_wconf 84' lang='grc' dir='ltr'>ἀκατάληκτοι.</span> <span class='ocrx_word' id='word_1_162' title='bbox 997 1359 1089 1419; x_wconf 76' lang='grc' dir='ltr'>καὶ</span> <span class='ocrx_word' id='word_1_163' title='bbox 1116 1358 1177 1417; x_wconf 89' lang='grc' dir='ltr'>τὸ</span> <span class='ocrx_word' id='word_1_164' title='bbox 1208 1356 1302 1435; x_wconf 79' lang='grc' dir='ltr'>μὲν</span> <span class='ocrx_word' id='word_1_165' title='bbox 1333 1358 1681 1440; x_wconf 86' lang='grc' dir='ltr'>τετράμετρον</span> <span class='ocrx_word' id='word_1_166' title='bbox 1708 1359 1984 1419; x_wconf 79' lang='grc' dir='ltr'>Ἵππωνά-</span> 
     </span>
     <span class='ocr_line' id='line_1_16' title="bbox 418 1443 1982 1528; baseline -0.001 -22"><span class='ocrx_word' id='word_1_167' title='bbox 418 1471 587 1507; x_wconf 89' lang='grc' dir='ltr'>κτειον</span> <span class='ocrx_word' id='word_1_168' title='bbox 620 1449 892 1523; x_wconf 89' lang='grc' dir='ltr'>καλεῖται,</span> <span class='ocrx_word' id='word_1_169' title='bbox 919 1445 1004 1507; x_wconf 73' lang='grc' dir='ltr'>διὰ</span> <span class='ocrx_word' id='word_1_170' title='bbox 1031 1447 1091 1505; x_wconf 89' lang='grc' dir='ltr'>τὸ</span> <span class='ocrx_word' id='word_1_171' title='bbox 1125 1443 1429 1525; x_wconf 82' lang='grc' dir='ltr'>κατακόρως</span> <span class='ocrx_word' id='word_1_172' title='bbox 1466 1445 1624 1505; x_wconf 83' lang='grc' dir='ltr'>αὐτὸν</span> <span class='ocrx_word' id='word_1_173' title='bbox 1651 1444 1819 1527; x_wconf 88' lang='grc' dir='ltr'>τούτῳ</span> <span class='ocrx_word' id='word_1_174' title='bbox 1846 1447 1982 1528; x_wconf 84' lang='grc' dir='ltr'>χρή-</span> 
     </span>
     <span class='ocr_line' id='line_1_17' title="bbox 418 1526 1981 1612; baseline 0 -18"><span class='ocrx_word' id='word_1_175' title='bbox 418 1541 630 1596; x_wconf 89' lang='grc' dir='ltr'>σασθαι.</span> <span class='ocrx_word' id='word_1_176' title='bbox 657 1526 762 1595; x_wconf 76' lang='grc' dir='ltr'>οἶόν</span> <span class='ocrx_word' id='word_1_177' title='bbox 791 1536 903 1593; x_wconf 81' lang='grc' dir='ltr'>ἐστι</span> <span class='ocrx_word' id='word_1_178' title='bbox 925 1532 1015 1594; x_wconf 74' lang='grc' dir='ltr'>καὶ</span> <span class='ocrx_word' id='word_1_179' title='bbox 1040 1534 1101 1593; x_wconf 91' lang='grc' dir='ltr'>τὸ</span> <span class='ocrx_word' id='word_1_180' title='bbox 1126 1540 1458 1604; x_wconf 69' lang='lat' dir='ltr'><strong>[Hipponactis</strong></span> <span class='ocrx_word' id='word_1_181' title='bbox 1473 1554 1548 1606; x_wconf 76' lang='lat' dir='ltr'>ap.</span> <span class='ocrx_word' id='word_1_182' title='bbox 1567 1542 1813 1605; x_wconf 81' lang='lat' dir='ltr'><strong>Hepbaest.</strong></span> <span class='ocrx_word' id='word_1_183' title='bbox 1835 1556 1882 1604; x_wconf 84' lang='lat' dir='ltr'>p.</span> <span class='ocrx_word' id='word_1_184' title='bbox 1904 1535 1981 1612; x_wconf 77' lang='lat'>30]</span> 
     </span>
     <span class='ocr_line' id='line_1_18' title="bbox 341 1619 1981 1705; baseline -0.001 -24"><span class='ocrx_word' id='word_1_185' title='bbox 341 1651 389 1689; x_wconf 64' lang='grc' dir='ltr'>ιε,</span> <span class='ocrx_word' id='word_1_186' title='bbox 417 1650 442 1675; x_wconf 74' lang='grc' dir='ltr'><strong><em>κ</em></strong></span> <span class='ocrx_word' id='word_1_187' title='bbox 472 1622 523 1681; x_wconf 81' lang='grc' dir='ltr'>εἴ</span> <span class='ocrx_word' id='word_1_188' title='bbox 533 1646 620 1701; x_wconf 91' lang='grc' dir='ltr'>μοι</span> <span class='ocrx_word' id='word_1_189' title='bbox 635 1621 834 1700; x_wconf 86' lang='grc' dir='ltr'>γένοιτο</span> <span class='ocrx_word' id='word_1_190' title='bbox 850 1619 1103 1700; x_wconf 83' lang='grc' dir='ltr'>παρθένος</span> <span class='ocrx_word' id='word_1_191' title='bbox 1126 1622 1264 1694; x_wconf 88' lang='grc' dir='ltr'>καλή</span> <span class='ocrx_word' id='word_1_192' title='bbox 1281 1645 1338 1681; x_wconf 88' lang='grc' dir='ltr'>τε</span> <span class='ocrx_word' id='word_1_193' title='bbox 1351 1622 1443 1682; x_wconf 76' lang='grc' dir='ltr'>καὶ</span> <span class='ocrx_word' id='word_1_194' title='bbox 1461 1621 1685 1705; x_wconf 85' lang='grc' dir='ltr'>τέρεινα.</span> <span class='ocrx_word' id='word_1_195' title='bbox 1702 1651 1727 1675; x_wconf 74' lang='grc' dir='ltr'>ν</span> <span class='ocrx_word' id='word_1_196' title='bbox 1743 1623 1805 1680; x_wconf 87' lang='grc' dir='ltr'>τὸ</span> <span class='ocrx_word' id='word_1_197' title='bbox 1827 1619 1882 1680; x_wconf 84' lang='grc' dir='ltr'>δὲ</span> <span class='ocrx_word' id='word_1_198' title='bbox 1912 1621 1981 1680; x_wconf 89' lang='grc' dir='ltr'>δί·</span> 
     </span>
     <span class='ocr_line' id='line_1_19' title="bbox 415 1701 1979 1792; baseline -0.003 -23"><span class='ocrx_word' id='word_1_199' title='bbox 415 1732 602 1792; x_wconf 88' lang='grc' dir='ltr'>μετρον</span> <span class='ocrx_word' id='word_1_200' title='bbox 643 1706 1071 1791; x_wconf 81' lang='grc' dir='ltr'>Ἀνακρεόντειον,</span> <span class='ocrx_word' id='word_1_201' title='bbox 1113 1701 1217 1768; x_wconf 81' lang='grc' dir='ltr'>οἶόν</span> <span class='ocrx_word' id='word_1_202' title='bbox 1261 1712 1372 1769; x_wconf 86' lang='grc' dir='ltr'>ἐστι</span> <span class='ocrx_word' id='word_1_203' title='bbox 1406 1709 1496 1783; x_wconf 88' lang='grc' dir='ltr'>τὸ,</span> <span class='ocrx_word' id='word_1_204' title='bbox 1536 1737 1559 1762; x_wconf 72' lang='grc' dir='ltr'>κ</span> <span class='ocrx_word' id='word_1_205' title='bbox 1593 1709 1684 1769; x_wconf 80' lang='grc' dir='ltr'>καὶ</span> <span class='ocrx_word' id='word_1_206' title='bbox 1723 1708 1979 1787; x_wconf 90' lang='grc' dir='ltr'>μαίνομαι</span> 
     </span>
     <span class='ocr_line' id='line_1_20' title="bbox 412 1795 1978 1878; baseline -0.001 -22"><span class='ocrx_word' id='word_1_207' title='bbox 412 1800 506 1856; x_wconf 76' lang='grc' dir='ltr'><strong>κοῦ</strong></span> <span class='ocrx_word' id='word_1_208' title='bbox 548 1796 818 1875; x_wconf 84' lang='grc' dir='ltr'>μαίνομαι.</span> <span class='ocrx_word' id='word_1_209' title='bbox 861 1825 883 1848; x_wconf 75' lang='grc' dir='ltr'>υ</span> <span class='ocrx_word' id='word_1_210' title='bbox 922 1796 1001 1878; x_wconf 79' lang='grc' dir='ltr'>ἐφ’</span> <span class='ocrx_word' id='word_1_211' title='bbox 1042 1795 1249 1878; x_wconf 79' lang='grc' dir='ltr'>ἑκάστῳ</span> <span class='ocrx_word' id='word_1_212' title='bbox 1277 1796 1580 1875; x_wconf 77' lang='grc' dir='ltr'>συστήματι</span> <span class='ocrx_word' id='word_1_213' title='bbox 1605 1796 1978 1878; x_wconf 84' lang='grc' dir='ltr'>παράγραφος·</span> 
     </span>
     <span class='ocr_line' id='line_1_21' title="bbox 410 1883 1978 1966; baseline -0.003 -21"><span class='ocrx_word' id='word_1_214' title='bbox 410 1886 501 1945; x_wconf 75' lang='grc' dir='ltr'>ἐπὶ</span> <span class='ocrx_word' id='word_1_215' title='bbox 517 1885 573 1945; x_wconf 74' lang='grc' dir='ltr'>δὲ</span> <span class='ocrx_word' id='word_1_216' title='bbox 592 1889 667 1966; x_wconf 81' lang='grc' dir='ltr'>τῷ</span> <span class='ocrx_word' id='word_1_217' title='bbox 690 1884 828 1943; x_wconf 83' lang='grc' dir='ltr'>τέλει</span> <span class='ocrx_word' id='word_1_218' title='bbox 849 1887 952 1943; x_wconf 87' lang='grc' dir='ltr'>τῶν</span> <span class='ocrx_word' id='word_1_219' title='bbox 976 1884 1171 1964; x_wconf 80' lang='grc' dir='ltr'>στίχων</span> <span class='ocrx_word' id='word_1_220' title='bbox 1196 1888 1357 1958; x_wconf 85' lang='grc' dir='ltr'>διπλῆ</span> <span class='ocrx_word' id='word_1_221' title='bbox 1377 1885 1476 1953; x_wconf 83' lang='grc' dir='ltr'>ἔξω</span> <span class='ocrx_word' id='word_1_222' title='bbox 1496 1893 1780 1946; x_wconf 84' lang='grc' dir='ltr'>νενευκυῖα.</span> <span class='ocrx_word' id='word_1_223' title='bbox 1811 1883 1978 1944; x_wconf 82' lang='grc' dir='ltr'>ἰστέον</span> 
     </span>
     <span class='ocr_line' id='line_1_22' title="bbox 413 1972 1980 2054; baseline -0.002 -21"><span class='ocrx_word' id='word_1_224' title='bbox 413 1974 517 2046; x_wconf 68' lang='grc' dir='ltr'>ὅτι,</span> <span class='ocrx_word' id='word_1_225' title='bbox 541 1972 626 2033; x_wconf 79' lang='grc' dir='ltr'>ὅτε</span> <span class='ocrx_word' id='word_1_226' title='bbox 644 1973 843 2032; x_wconf 85' lang='grc' dir='ltr'>τίθεται</span> <span class='ocrx_word' id='word_1_227' title='bbox 866 1975 920 2032; x_wconf 80' lang='grc' dir='ltr'>ἐν</span> <span class='ocrx_word' id='word_1_228' title='bbox 947 1976 1051 2039; x_wconf 87' lang='grc' dir='ltr'>τοῖς</span> <span class='ocrx_word' id='word_1_229' title='bbox 1066 1972 1363 2050; x_wconf 74' lang='grc' dir='ltr'>ἀμοιὸαίοις</span> <span class='ocrx_word' id='word_1_230' title='bbox 1384 1978 1486 2032; x_wconf 86' lang='grc' dir='ltr'>τῶν</span> <span class='ocrx_word' id='word_1_231' title='bbox 1501 1976 1793 2054; x_wconf 80' lang='grc' dir='ltr'>ὑποκριτῶν</span> <span class='ocrx_word' id='word_1_232' title='bbox 1816 1994 1980 2052; x_wconf 90' lang='grc' dir='ltr'>προσ-</span> 
     </span>
     <span class='ocr_line' id='line_1_23' title="bbox 333 2059 1975 2140; baseline -0.002 -18"><span class='ocrx_word' id='word_1_233' title='bbox 333 2083 388 2121; x_wconf 69' lang='lat'>20</span> <span class='ocrx_word' id='word_1_234' title='bbox 410 2062 572 2129; x_wconf 84' lang='grc' dir='ltr'>ώποις</span> <span class='ocrx_word' id='word_1_235' title='bbox 601 2063 655 2120; x_wconf 76' lang='grc' dir='ltr'>ἐν</span> <span class='ocrx_word' id='word_1_236' title='bbox 697 2059 897 2120; x_wconf 80' lang='grc' dir='ltr'>ἐκθέσει</span> <span class='ocrx_word' id='word_1_237' title='bbox 934 2059 1081 2118; x_wconf 83' lang='grc' dir='ltr'>κῶλά</span> <span class='ocrx_word' id='word_1_238' title='bbox 1116 2084 1233 2120; x_wconf 88' lang='grc' dir='ltr'>τινα</span> <span class='ocrx_word' id='word_1_239' title='bbox 1270 2059 1405 2137; x_wconf 81' lang='grc' dir='ltr'>μετὰ</span> <span class='ocrx_word' id='word_1_240' title='bbox 1442 2060 1540 2134; x_wconf 68' lang='grc' dir='ltr'>τὴν</span> <span class='ocrx_word' id='word_1_241' title='bbox 1576 2061 1816 2140; x_wconf 83' lang='grc' dir='ltr'>περίοδον</span> <span class='ocrx_word' id='word_1_242' title='bbox 1870 2065 1975 2120; x_wconf 89' lang='grc' dir='ltr'>τῶν</span> 
     </span>
     <span class='ocr_line' id='line_1_24' title="bbox 410 2147 1976 2232; baseline -0.003 -22"><span class='ocrx_word' id='word_1_243' title='bbox 410 2150 605 2232; x_wconf 87' lang='grc' dir='ltr'>στίχων</span> <span class='ocrx_word' id='word_1_244' title='bbox 633 2155 724 2210; x_wconf 74' lang='grc' dir='ltr'>τοῦ</span> <span class='ocrx_word' id='word_1_245' title='bbox 754 2150 911 2208; x_wconf 77' lang='grc' dir='ltr'>αὑτοῦ</span> <span class='ocrx_word' id='word_1_246' title='bbox 942 2147 1134 2229; x_wconf 78' lang='grc' dir='ltr'>μέτρου</span> <span class='ocrx_word' id='word_1_247' title='bbox 1163 2148 1317 2222; x_wconf 76' lang='grc' dir='ltr'>ὄντα,</span> <span class='ocrx_word' id='word_1_248' title='bbox 1345 2148 1380 2220; x_wconf 80' lang='grc' dir='ltr'>ἢ</span> <span class='ocrx_word' id='word_1_249' title='bbox 1409 2149 1500 2209; x_wconf 74' lang='grc' dir='ltr'>καὶ</span> <span class='ocrx_word' id='word_1_250' title='bbox 1528 2149 1705 2230; x_wconf 81' lang='grc' dir='ltr'>ἑτέρου</span> <span class='ocrx_word' id='word_1_251' title='bbox 1737 2148 1976 2229; x_wconf 83' lang='grc' dir='ltr'>(εὕρηται</span> 
     </span>
     <span class='ocr_line' id='line_1_25' title="bbox 407 2236 1973 2321; baseline -0.001 -24"><span class='ocrx_word' id='word_1_252' title='bbox 407 2237 510 2321; x_wconf 79' lang='grc' dir='ltr'>γὰρ</span> <span class='ocrx_word' id='word_1_253' title='bbox 529 2238 622 2298; x_wconf 74' lang='grc' dir='ltr'>καὶ</span> <span class='ocrx_word' id='word_1_254' title='bbox 639 2237 817 2314; x_wconf 79' lang='grc' dir='ltr'>οὕτως)</span> <span class='ocrx_word' id='word_1_255' title='bbox 840 2240 868 2295; x_wconf 80' lang='grc' dir='ltr'>δ</span> <span class='ocrx_word' id='word_1_256' title='bbox 885 2243 1111 2304; x_wconf 77' lang='grc' dir='ltr'>τοιοῦτος</span> <span class='ocrx_word' id='word_1_257' title='bbox 1135 2236 1509 2318; x_wconf 86' lang='grc' dir='ltr'>σχηματισμὸς</span> <span class='ocrx_word' id='word_1_258' title='bbox 1529 2238 1771 2296; x_wconf 88' lang='grc' dir='ltr'>καλεῖται</span> <span class='ocrx_word' id='word_1_259' title='bbox 1791 2239 1973 2316; x_wconf 86' lang='grc' dir='ltr'>διπλῆ,</span> 
     </span>
     <span class='ocr_line' id='line_1_26' title="bbox 408 2324 1975 2405; baseline -0.001 -18"><span class='ocrx_word' id='word_1_260' title='bbox 408 2329 495 2387; x_wconf 80' lang='grc' dir='ltr'>διὰ</span> <span class='ocrx_word' id='word_1_261' title='bbox 515 2326 577 2387; x_wconf 89' lang='grc' dir='ltr'>τὸ</span> <span class='ocrx_word' id='word_1_262' title='bbox 602 2325 736 2405; x_wconf 78' lang='grc' dir='ltr'>μετὰ</span> <span class='ocrx_word' id='word_1_263' title='bbox 761 2324 857 2398; x_wconf 79' lang='grc' dir='ltr'>τὴν</span> <span class='ocrx_word' id='word_1_264' title='bbox 881 2324 1261 2405; x_wconf 81' lang='grc' dir='ltr'>συμπλήρωσιν</span> <span class='ocrx_word' id='word_1_265' title='bbox 1287 2324 1484 2385; x_wconf 89' lang='grc' dir='ltr'>τούτων</span> <span class='ocrx_word' id='word_1_266' title='bbox 1507 2325 1567 2384; x_wconf 88' lang='grc' dir='ltr'>τὸ</span> <span class='ocrx_word' id='word_1_267' title='bbox 1589 2327 1806 2403; x_wconf 87' lang='grc' dir='ltr'>σημεῖον</span> <span class='ocrx_word' id='word_1_268' title='bbox 1829 2328 1975 2395; x_wconf 77' lang='grc' dir='ltr'>ἐκτὸς</span> 
     </span>
     <span class='ocr_line' id='line_1_27' title="bbox 406 2410 1972 2494; baseline 0.001 -20"><span class='ocrx_word' id='word_1_269' title='bbox 406 2414 636 2474; x_wconf 87' lang='grc' dir='ltr'>τίθεσθαι</span> <span class='ocrx_word' id='word_1_270' title='bbox 661 2418 756 2486; x_wconf 87' lang='grc' dir='ltr'>τῆς</span> <span class='ocrx_word' id='word_1_271' title='bbox 786 2414 999 2483; x_wconf 78' lang='grc' dir='ltr'>διπλῆς·</span> <span class='ocrx_word' id='word_1_272' title='bbox 1026 2411 1154 2493; x_wconf 81' lang='grc' dir='ltr'>ὅπερ</span> <span class='ocrx_word' id='word_1_273' title='bbox 1191 2410 1442 2492; x_wconf 82' lang='grc' dir='ltr'>τριγώνου</span> <span class='ocrx_word' id='word_1_274' title='bbox 1477 2413 1704 2492; x_wconf 85' lang='grc' dir='ltr'>πλαγίου</span> <span class='ocrx_word' id='word_1_275' title='bbox 1732 2414 1972 2494; x_wconf 87' lang='grc' dir='ltr'>σχήματι</span> 
     </span>
     <span class='ocr_line' id='line_1_28' title="bbox 325 2498 1971 2585; baseline 0.001 -24"><span class='ocrx_word' id='word_1_276' title='bbox 325 2532 378 2569; x_wconf 75' lang='lat'>25</span> <span class='ocrx_word' id='word_1_277' title='bbox 407 2501 572 2561; x_wconf 77' lang='grc' dir='ltr'>ἔοικεν</span> <span class='ocrx_word' id='word_1_278' title='bbox 596 2505 690 2573; x_wconf 84' lang='grc' dir='ltr'>τῆς</span> <span class='ocrx_word' id='word_1_279' title='bbox 716 2498 922 2580; x_wconf 87' lang='grc' dir='ltr'>βάσεως</span> <span class='ocrx_word' id='word_1_280' title='bbox 943 2498 1106 2578; x_wconf 90' lang='grc' dir='ltr'>μόνης</span> <span class='ocrx_word' id='word_1_281' title='bbox 1127 2500 1406 2571; x_wconf 87' lang='grc' dir='ltr'>λιπούσης·</span> <span class='ocrx_word' id='word_1_282' title='bbox 1434 2501 1547 2575; x_wconf 87' lang='grc' dir='ltr'>μεθ’</span> <span class='ocrx_word' id='word_1_283' title='bbox 1574 2501 1640 2573; x_wconf 81' lang='grc' dir='ltr'>ἣν</span> <span class='ocrx_word' id='word_1_284' title='bbox 1668 2501 1783 2560; x_wconf 78' lang='grc' dir='ltr'>οὐδὲ</span> <span class='ocrx_word' id='word_1_285' title='bbox 1807 2510 1971 2585; x_wconf 77' lang='grc' dir='ltr'>χοροῦ</span> 
     </span>
     <span class='ocr_line' id='line_1_29' title="bbox 404 2586 1972 2670; baseline 0.001 -21"><span class='ocrx_word' id='word_1_286' title='bbox 404 2589 629 2670; x_wconf 89' lang='grc' dir='ltr'>πάροδος</span> <span class='ocrx_word' id='word_1_287' title='bbox 658 2588 739 2647; x_wconf 73' lang='grc' dir='ltr'>ἀεὶ</span> <span class='ocrx_word' id='word_1_288' title='bbox 774 2587 1001 2667; x_wconf 87' lang='grc' dir='ltr'>γίνεται,</span> <span class='ocrx_word' id='word_1_289' title='bbox 1030 2586 1169 2645; x_wconf 79' lang='grc' dir='ltr'>ἀλλὰ</span> <span class='ocrx_word' id='word_1_290' title='bbox 1203 2587 1454 2656; x_wconf 85' lang='grc' dir='ltr'>σπανίως.</span> <span class='ocrx_word' id='word_1_291' title='bbox 1484 2586 1570 2647; x_wconf 83' lang='grc' dir='ltr'>ὅτε</span> <span class='ocrx_word' id='word_1_292' title='bbox 1595 2587 1651 2648; x_wconf 83' lang='grc' dir='ltr'>δὲ</span> <span class='ocrx_word' id='word_1_293' title='bbox 1686 2593 1744 2649; x_wconf 80' lang='grc' dir='ltr'>οὐ</span> <span class='ocrx_word' id='word_1_294' title='bbox 1772 2591 1972 2651; x_wconf 86' lang='grc' dir='ltr'>τίθεται</span> 
     </span>
     <span class='ocr_line' id='line_1_30' title="bbox 405 2665 1972 2756; baseline 0.001 -19"><span class='ocrx_word' id='word_1_295' title='bbox 405 2680 552 2737; x_wconf 88' lang='grc' dir='ltr'>κῶλα</span> <span class='ocrx_word' id='word_1_296' title='bbox 583 2682 830 2748; x_wconf 77' lang='grc' dir='ltr'>τοιαῦτα,</span> <span class='ocrx_word' id='word_1_297' title='bbox 856 2675 972 2734; x_wconf 85' lang='grc' dir='ltr'>ἀλλ’</span> <span class='ocrx_word' id='word_1_298' title='bbox 996 2677 1050 2733; x_wconf 79' lang='grc' dir='ltr'>ἐν</span> <span class='ocrx_word' id='word_1_299' title='bbox 1077 2665 1151 2742; x_wconf 67' lang='grc' dir='ltr'>οἷς</span> <span class='ocrx_word' id='word_1_300' title='bbox 1182 2674 1406 2755; x_wconf 76' lang='grc' dir='ltr'>ἤρξαντο</span> <span class='ocrx_word' id='word_1_301' title='bbox 1438 2674 1662 2756; x_wconf 79' lang='grc' dir='ltr'>στίχοις,</span> <span class='ocrx_word' id='word_1_302' title='bbox 1692 2679 1745 2736; x_wconf 85' lang='grc' dir='ltr'>ἐν</span> <span class='ocrx_word' id='word_1_303' title='bbox 1772 2678 1972 2748; x_wconf 81' lang='grc' dir='ltr'>τούτοις</span> 
     </span>
     <span class='ocr_line' id='line_1_31' title="bbox 404 2762 1969 2847; baseline 0.001 -22"><span class='ocrx_word' id='word_1_304' title='bbox 404 2772 451 2826; x_wconf 79' lang='grc' dir='ltr'>οἱ</span> <span class='ocrx_word' id='word_1_305' title='bbox 488 2765 768 2847; x_wconf 72' lang='grc' dir='ltr'>ὑποκριταὶ</span> <span class='ocrx_word' id='word_1_306' title='bbox 797 2762 1084 2835; x_wconf 78' lang='grc' dir='ltr'>παύονται,</span> <span class='ocrx_word' id='word_1_307' title='bbox 1111 2763 1172 2821; x_wconf 84' lang='grc' dir='ltr'>τὸ</span> <span class='ocrx_word' id='word_1_308' title='bbox 1211 2769 1414 2824; x_wconf 76' lang='grc' dir='ltr'>τοιοῦτο</span> <span class='ocrx_word' id='word_1_309' title='bbox 1456 2769 1696 2824; x_wconf 87' lang='grc' dir='ltr'>καλεῖται</span> <span class='ocrx_word' id='word_1_310' title='bbox 1726 2767 1969 2847; x_wconf 82' lang='grc' dir='ltr'>κορωνὶς,</span> 
     </span>
     <span class='ocr_line' id='line_1_32' title="bbox 404 2848 1971 2933; baseline -0.002 -18"><span class='ocrx_word' id='word_1_311' title='bbox 404 2853 489 2915; x_wconf 79' lang='grc' dir='ltr'>διὰ</span> <span class='ocrx_word' id='word_1_312' title='bbox 518 2853 580 2915; x_wconf 90' lang='grc' dir='ltr'>τὸ</span> <span class='ocrx_word' id='word_1_313' title='bbox 615 2849 751 2933; x_wconf 76' lang='grc' dir='ltr'>μετὰ</span> <span class='ocrx_word' id='word_1_314' title='bbox 780 2850 876 2924; x_wconf 81' lang='grc' dir='ltr'>τὴν</span> <span class='ocrx_word' id='word_1_315' title='bbox 909 2849 1288 2932; x_wconf 80' lang='grc' dir='ltr'>συμπλήρωσιν</span> <span class='ocrx_word' id='word_1_316' title='bbox 1318 2848 1515 2912; x_wconf 85' lang='grc' dir='ltr'>τούτων</span> <span class='ocrx_word' id='word_1_317' title='bbox 1543 2850 1604 2911; x_wconf 88' lang='grc' dir='ltr'>τὸ</span> <span class='ocrx_word' id='word_1_318' title='bbox 1631 2858 1849 2931; x_wconf 91' lang='grc' dir='ltr'>σημεῖον</span> <span class='ocrx_word' id='word_1_319' title='bbox 1877 2859 1971 2929; x_wconf 78' lang='grc' dir='ltr'>τῆς</span> 
     </span>
     <span class='ocr_line' id='line_1_33' title="bbox 322 2938 1972 3026; baseline -0.001 -23"><span class='ocrx_word' id='word_1_320' title='bbox 322 2972 376 3012; x_wconf 73' lang='lat'>20</span> <span class='ocrx_word' id='word_1_321' title='bbox 402 2942 676 3026; x_wconf 87' lang='grc' dir='ltr'>κορωνίδος</span> <span class='ocrx_word' id='word_1_322' title='bbox 687 2940 942 3001; x_wconf 90' lang='grc' dir='ltr'>τίθεσθαι·</span> <span class='ocrx_word' id='word_1_323' title='bbox 962 2938 1091 3020; x_wconf 79' lang='grc' dir='ltr'>ὅπερ</span> <span class='ocrx_word' id='word_1_324' title='bbox 1104 2938 1328 3021; x_wconf 82' lang='grc' dir='ltr'>γραμμή</span> <span class='ocrx_word' id='word_1_325' title='bbox 1348 2939 1424 3006; x_wconf 87' lang='grc' dir='ltr'>τίς</span> <span class='ocrx_word' id='word_1_326' title='bbox 1443 2942 1555 2999; x_wconf 82' lang='grc' dir='ltr'>ἐστι</span> <span class='ocrx_word' id='word_1_327' title='bbox 1573 2944 1972 3021; x_wconf 86' lang='grc' dir='ltr'>βραχεῖα,καμ-</span> 
     </span>
     <span class='ocr_line' id='line_1_34' title="bbox 401 3020 1970 3113; baseline -0.001 -22"><span class='ocrx_word' id='word_1_328' title='bbox 401 3031 506 3104; x_wconf 89' lang='grc' dir='ltr'>πήν</span> <span class='ocrx_word' id='word_1_329' title='bbox 540 3055 657 3090; x_wconf 90' lang='grc' dir='ltr'>τινα</span> <span class='ocrx_word' id='word_1_330' title='bbox 702 3027 953 3088; x_wconf 79' lang='grc' dir='ltr'>ὑποκάτω</span> <span class='ocrx_word' id='word_1_331' title='bbox 982 3026 1204 3107; x_wconf 79' lang='grc' dir='ltr'>ἔχουσα·</span> <span class='ocrx_word' id='word_1_332' title='bbox 1231 3020 1295 3099; x_wconf 68' lang='grc' dir='ltr'>’ἧς</span> <span class='ocrx_word' id='word_1_333' title='bbox 1323 3027 1437 3100; x_wconf 79' lang='grc' dir='ltr'>ἑξῆς</span> <span class='ocrx_word' id='word_1_334' title='bbox 1465 3026 1548 3087; x_wconf 75' lang='grc' dir='ltr'>ἀεὶ</span> <span class='ocrx_word' id='word_1_335' title='bbox 1577 3028 1774 3089; x_wconf 82' lang='grc' dir='ltr'>τίθεται</span> <span class='ocrx_word' id='word_1_336' title='bbox 1801 3054 1970 3113; x_wconf 86' lang='grc' dir='ltr'>κορω-</span> 
     </span>
     <span class='ocr_line' id='line_1_35' title="bbox 399 3106 1969 3202; baseline -0.001 -23"><span class='ocrx_word' id='word_1_337' title='bbox 399 3119 475 3188; x_wconf 78' lang='grc' dir='ltr'>νὶς</span> <span class='ocrx_word' id='word_1_338' title='bbox 496 3118 647 3202; x_wconf 77' lang='grc' dir='ltr'>ἑτέρα</span> <span class='ocrx_word' id='word_1_339' title='bbox 669 3123 827 3199; x_wconf 80' lang='grc' dir='ltr'>χοροῦ</span> <span class='ocrx_word' id='word_1_340' title='bbox 841 3164 856 3192; x_wconf 90' lang='grc'>,</span> <span class='ocrx_word' id='word_1_341' title='bbox 881 3106 1325 3199; x_wconf 77' lang='grc' dir='ltr'>ἐπισφραγίζουσα</span> <span class='ocrx_word' id='word_1_342' title='bbox 1352 3109 1457 3176; x_wconf 70' lang='grc' dir='ltr'>οἷον</span> <span class='ocrx_word' id='word_1_343' title='bbox 1478 3114 1546 3175; x_wconf 79' lang='grc' dir='ltr'>τὰ</span> <span class='ocrx_word' id='word_1_344' title='bbox 1571 3116 1809 3200; x_wconf 79' lang='grc' dir='ltr'>ῥηθέντα.</span> <span class='ocrx_word' id='word_1_345' title='bbox 1835 3121 1889 3177; x_wconf 77' lang='grc' dir='ltr'>ἐν</span> <span class='ocrx_word' id='word_1_346' title='bbox 1912 3118 1969 3179; x_wconf 83' lang='grc' dir='ltr'>δὲ</span> 
     </span>
     <span class='ocr_line' id='line_1_36' title="bbox 398 3202 1968 3289; baseline -0.001 -23"><span class='ocrx_word' id='word_1_347' title='bbox 398 3217 513 3276; x_wconf 89' lang='grc' dir='ltr'>ταῖς</span> <span class='ocrx_word' id='word_1_348' title='bbox 540 3208 787 3289; x_wconf 79' lang='grc' dir='ltr'>στροφαῖς</span> <span class='ocrx_word' id='word_1_349' title='bbox 813 3203 904 3265; x_wconf 79' lang='grc' dir='ltr'>καὶ</span> <span class='ocrx_word' id='word_1_350' title='bbox 940 3207 1307 3285; x_wconf 86' lang='grc' dir='ltr'>ἀντιστροφαῖς</span> <span class='ocrx_word' id='word_1_351' title='bbox 1329 3202 1420 3262; x_wconf 79' lang='grc' dir='ltr'>καὶ</span> <span class='ocrx_word' id='word_1_352' title='bbox 1451 3208 1517 3284; x_wconf 71' lang='grc' dir='ltr'>τῇ</span> <span class='ocrx_word' id='word_1_353' title='bbox 1547 3203 1741 3281; x_wconf 76' lang='grc' dir='ltr'>μεταξὺ</span> <span class='ocrx_word' id='word_1_354' title='bbox 1768 3205 1968 3265; x_wconf 88' lang='grc' dir='ltr'>τούτων</span> 
     </span>
     <span class='ocr_line' id='line_1_37' title="bbox 398 3291 1968 3376; baseline -0.002 -22"><span class='ocrx_word' id='word_1_355' title='bbox 398 3300 501 3356; x_wconf 89' lang='grc' dir='ltr'>τῶν</span> <span class='ocrx_word' id='word_1_356' title='bbox 527 3297 817 3376; x_wconf 78' lang='grc' dir='ltr'>ὑποκριτῶν</span> <span class='ocrx_word' id='word_1_357' title='bbox 835 3292 1062 3375; x_wconf 81' lang='grc' dir='ltr'>περιόδῳ</span> <span class='ocrx_word' id='word_1_358' title='bbox 1083 3292 1427 3373; x_wconf 82' lang='grc' dir='ltr'>παράγραφος</span> <span class='ocrx_word' id='word_1_359' title='bbox 1448 3291 1666 3366; x_wconf 83' lang='grc' dir='ltr'>τίθεται,</span> <span class='ocrx_word' id='word_1_360' title='bbox 1688 3296 1760 3360; x_wconf 82' lang='grc' dir='ltr'>ὡς</span> <span class='ocrx_word' id='word_1_361' title='bbox 1775 3291 1968 3375; x_wconf 85' lang='grc' dir='ltr'>Ἥφαι-</span> 
     </span>
     <span class='ocr_line' id='line_1_38' title="bbox 319 3373 1967 3464; baseline -0.003 -19"><span class='ocrx_word' id='word_1_362' title='bbox 319 3408 371 3445; x_wconf 76' lang='lat'>:15</span> <span class='ocrx_word' id='word_1_363' title='bbox 401 3383 558 3443; x_wconf 89' lang='grc' dir='ltr'>στίων</span> <span class='ocrx_word' id='word_1_364' title='bbox 585 3381 762 3464; x_wconf 70' lang='grc' dir='ltr'>φησὶν,</span> <span class='ocrx_word' id='word_1_365' title='bbox 791 3373 853 3453; x_wconf 69' lang='grc' dir='ltr'>ἧς</span> <span class='ocrx_word' id='word_1_366' title='bbox 879 3381 941 3440; x_wconf 78' lang='grc' dir='ltr'>τὸ</span> <span class='ocrx_word' id='word_1_367' title='bbox 975 3385 1164 3460; x_wconf 86' lang='grc' dir='ltr'>σχῆμα</span> <span class='ocrx_word' id='word_1_368' title='bbox 1192 3379 1417 3458; x_wconf 86' lang='grc' dir='ltr'>γραμμή</span> <span class='ocrx_word' id='word_1_369' title='bbox 1447 3378 1523 3446; x_wconf 87' lang='grc' dir='ltr'>τίς</span> <span class='ocrx_word' id='word_1_370' title='bbox 1560 3381 1673 3438; x_wconf 82' lang='grc' dir='ltr'>ἐστι</span> <span class='ocrx_word' id='word_1_371' title='bbox 1712 3382 1967 3462; x_wconf 85' lang='grc' dir='ltr'>βραχεῖα,</span> 
     </span>
     <span class='ocr_line' id='line_1_39' title="bbox 397 3466 1968 3553; baseline -0.001 -23"><span class='ocrx_word' id='word_1_372' title='bbox 397 3471 577 3553; x_wconf 75' lang='grc' dir='ltr'>ὥσπερ</span> <span class='ocrx_word' id='word_1_373' title='bbox 607 3493 724 3529; x_wconf 87' lang='grc' dir='ltr'>τινα</span> <span class='ocrx_word' id='word_1_374' title='bbox 752 3468 980 3546; x_wconf 80' lang='grc' dir='ltr'>στιγμὴν</span> <span class='ocrx_word' id='word_1_375' title='bbox 1009 3471 1063 3526; x_wconf 85' lang='grc' dir='ltr'>ἐν</span> <span class='ocrx_word' id='word_1_376' title='bbox 1090 3471 1166 3548; x_wconf 82' lang='grc' dir='ltr'>τῷ</span> <span class='ocrx_word' id='word_1_377' title='bbox 1192 3467 1339 3547; x_wconf 80' lang='grc' dir='ltr'>ἄκρῳ</span> <span class='ocrx_word' id='word_1_378' title='bbox 1364 3466 1578 3546; x_wconf 85' lang='grc' dir='ltr'>ἔχουσα.</span> <span class='ocrx_word' id='word_1_379' title='bbox 1604 3468 1740 3539; x_wconf 83' lang='grc' dir='ltr'>δῆλα</span> <span class='ocrx_word' id='word_1_380' title='bbox 1772 3466 1829 3526; x_wconf 84' lang='grc' dir='ltr'>δέ</span> <span class='ocrx_word' id='word_1_381' title='bbox 1855 3471 1968 3528; x_wconf 77' lang='grc' dir='ltr'>ἐστι</span> 
     </span>
     <span class='ocr_line' id='line_1_40' title="bbox 396 3546 1968 3637; baseline -0.002 -19"><span class='ocrx_word' id='word_1_382' title='bbox 396 3546 709 3618; x_wconf 63' lang='grc' dir='ltr'>τὰ’τοια’ὗτα</span> <span class='ocrx_word' id='word_1_383' title='bbox 743 3556 999 3637; x_wconf 85' lang='grc' dir='ltr'>σχήματα</span> <span class='ocrx_word' id='word_1_384' title='bbox 1029 3554 1120 3614; x_wconf 73' lang='grc' dir='ltr'>καὶ</span> <span class='ocrx_word' id='word_1_385' title='bbox 1150 3556 1202 3613; x_wconf 80' lang='grc' dir='ltr'>ἐν</span> <span class='ocrx_word' id='word_1_386' title='bbox 1244 3558 1320 3635; x_wconf 80' lang='grc' dir='ltr'>τῷ</span> <span class='ocrx_word' id='word_1_387' title='bbox 1351 3553 1541 3635; x_wconf 79' lang='grc' dir='ltr'>βιὸλίῳ</span> <span class='ocrx_word' id='word_1_388' title='bbox 1571 3554 1814 3631; x_wconf 87' lang='grc' dir='ltr'>κείμενα·</span> <span class='ocrx_word' id='word_1_389' title='bbox 1851 3562 1968 3635; x_wconf 88' lang='grc' dir='ltr'>μεθ’</span> 
     </span>
     <span class='ocr_line' id='line_1_41' title="bbox 397 3637 1963 3727; baseline -0.001 -21"><span class='ocrx_word' id='word_1_390' title='bbox 397 3638 470 3706; x_wconf 73' lang='grc' dir='ltr'>ὧν</span> <span class='ocrx_word' id='word_1_391' title='bbox 496 3650 607 3706; x_wconf 80' lang='grc' dir='ltr'>ἐστι</span> <span class='ocrx_word' id='word_1_392' title='bbox 630 3646 722 3705; x_wconf 72' lang='grc' dir='ltr'>καὶ</span> <span class='ocrx_word' id='word_1_393' title='bbox 748 3650 776 3705; x_wconf 84' lang='grc' dir='ltr'>ὁ</span> <span class='ocrx_word' id='word_1_394' title='bbox 805 3643 1137 3727; x_wconf 81' lang='grc' dir='ltr'>ἀστερίσκος,</span> <span class='ocrx_word' id='word_1_395' title='bbox 1166 3637 1228 3702; x_wconf 70' lang='grc' dir='ltr'>οἷ</span> <span class='ocrx_word' id='word_1_396' title='bbox 1255 3643 1316 3703; x_wconf 90' lang='grc' dir='ltr'>τὸ</span> <span class='ocrx_word' id='word_1_397' title='bbox 1352 3648 1540 3723; x_wconf 86' lang='grc' dir='ltr'>σχῆμα</span> <span class='ocrx_word' id='word_1_398' title='bbox 1570 3642 1751 3725; x_wconf 80' lang='grc' dir='ltr'>ἀστέρι</span> <span class='ocrx_word' id='word_1_399' title='bbox 1777 3643 1963 3708; x_wconf 80' lang='grc' dir='ltr'>ἔοικεν.</span> 
     </span>
     <span class='ocr_line' id='line_1_42' title="bbox 398 3729 1964 3815; baseline -0.001 -22"><span class='ocrx_word' id='word_1_400' title='bbox 398 3734 725 3815; x_wconf 77' lang='grc' dir='ltr'>Ἡφαιστίων</span> <span class='ocrx_word' id='word_1_401' title='bbox 747 3732 806 3792; x_wconf 77' lang='grc' dir='ltr'>δέ</span> <span class='ocrx_word' id='word_1_402' title='bbox 828 3756 984 3813; x_wconf 90' lang='grc' dir='ltr'>φησιν</span> <span class='ocrx_word' id='word_1_403' title='bbox 1010 3733 1081 3809; x_wconf 81' lang='grc'>[1)·</span> <span class='ocrx_word' id='word_1_404' title='bbox 1109 3738 1203 3803; x_wconf 81' lang='lat'><strong>133]</strong></span> <span class='ocrx_word' id='word_1_405' title='bbox 1239 3729 1319 3790; x_wconf 79' lang='grc' dir='ltr'>ὅτι</span> <span class='ocrx_word' id='word_1_406' title='bbox 1350 3729 1491 3790; x_wconf 79' lang='grc' dir='ltr'>κατὰ</span> <span class='ocrx_word' id='word_1_407' title='bbox 1524 3729 1622 3802; x_wconf 78' lang='grc' dir='ltr'>τὴν</span> <span class='ocrx_word' id='word_1_408' title='bbox 1656 3732 1964 3814; x_wconf 80' lang='grc' dir='ltr'>Ἀριστοφά-</span> 
     </span>
     <span class='ocr_line' id='line_1_43' title="bbox 315 3818 1969 3901; baseline -0.003 -18"><span class='ocrx_word' id='word_1_409' title='bbox 315 3852 369 3891; x_wconf 68' lang='grc' dir='ltr'>ω</span> <span class='ocrx_word' id='word_1_410' title='bbox 397 3846 527 3882; x_wconf 88' lang='grc' dir='ltr'>νειον</span> <span class='ocrx_word' id='word_1_411' title='bbox 554 3822 757 3882; x_wconf 84' lang='grc' dir='ltr'>ἔκδοσιν</span> <span class='ocrx_word' id='word_1_412' title='bbox 781 3826 809 3880; x_wconf 82' lang='grc' dir='ltr'><em>ὃ</em></span> <span class='ocrx_word' id='word_1_413' title='bbox 834 3818 1140 3901; x_wconf 81' lang='grc' dir='ltr'>ἀστερίσκος</span> <span class='ocrx_word' id='word_1_414' title='bbox 1163 3818 1251 3878; x_wconf 77' lang='grc' dir='ltr'>ἐπὶ</span> <span class='ocrx_word' id='word_1_415' title='bbox 1274 3819 1637 3899; x_wconf 81' lang='grc' dir='ltr'>ἑτερομετρίας</span> <span class='ocrx_word' id='word_1_416' title='bbox 1663 3819 1857 3879; x_wconf 73' lang='grc' dir='ltr'>ἐτίθετο</span> <span class='ocrx_word' id='word_1_417' title='bbox 1878 3822 1969 3899; x_wconf 89' lang='grc' dir='ltr'>μό-</span> 
     </span>
     <span class='ocr_line' id='line_1_44' title="bbox 395 3906 1966 3991; baseline 0 -22"><span class='ocrx_word' id='word_1_418' title='bbox 395 3934 505 3983; x_wconf 89' lang='grc' dir='ltr'>νης.</span> <span class='ocrx_word' id='word_1_419' title='bbox 534 3908 788 3991; x_wconf 79' lang='grc' dir='ltr'>χρώμεθα</span> <span class='ocrx_word' id='word_1_420' title='bbox 817 3907 899 3981; x_wconf 82' lang='grc' dir='ltr'>δὲ,</span> <span class='ocrx_word' id='word_1_421' title='bbox 928 3907 1083 3991; x_wconf 76' lang='grc' dir='ltr'>φησὶ,</span> <span class='ocrx_word' id='word_1_422' title='bbox 1115 3912 1182 3988; x_wconf 82' lang='grc' dir='ltr'>τῇ</span> <span class='ocrx_word' id='word_1_423' title='bbox 1216 3906 1457 3987; x_wconf 86' lang='grc' dir='ltr'>κορωνίδι</span> <span class='ocrx_word' id='word_1_424' title='bbox 1487 3911 1540 3967; x_wconf 83' lang='grc' dir='ltr'>ἐν</span> <span class='ocrx_word' id='word_1_425' title='bbox 1568 3910 1675 3974; x_wconf 87' lang='grc' dir='ltr'>τοῖς</span> <span class='ocrx_word' id='word_1_426' title='bbox 1703 3907 1966 3989; x_wconf 86' lang='grc' dir='ltr'>δράμασιν</span> 
     </span>
     <span class='ocr_line' id='line_1_45' title="bbox 394 3994 1966 4079; baseline -0.001 -21"><span class='ocrx_word' id='word_1_427' title='bbox 394 3997 534 4058; x_wconf 75' lang='grc' dir='ltr'>κατὰ</span> <span class='ocrx_word' id='word_1_428' title='bbox 551 3997 772 4079; x_wconf 86' lang='grc' dir='ltr'>τρόπους</span> <span class='ocrx_word' id='word_1_429' title='bbox 788 4000 953 4079; x_wconf 84' lang='grc' dir='ltr'>τρεῖς·</span> <span class='ocrx_word' id='word_1_430' title='bbox 974 3996 1093 4070; x_wconf 84' lang='grc' dir='ltr'>ἤτοι</span> <span class='ocrx_word' id='word_1_431' title='bbox 1110 3994 1256 4068; x_wconf 78' lang='grc' dir='ltr'>ὅταν,</span> <span class='ocrx_word' id='word_1_432' title='bbox 1278 3998 1381 4054; x_wconf 90' lang='grc' dir='ltr'>τῶν</span> <span class='ocrx_word' id='word_1_433' title='bbox 1402 3998 1694 4075; x_wconf 73' lang='grc' dir='ltr'>ὑποκριτῶν</span> <span class='ocrx_word' id='word_1_434' title='bbox 1717 3994 1966 4057; x_wconf 83' lang='grc' dir='ltr'>εἰπόντων</span> 
     </span>
     <span class='ocr_line' id='line_1_46' title="bbox 394 4082 1966 4165; baseline -0.002 -19"><span class='ocrx_word' id='word_1_435' title='bbox 394 4085 511 4146; x_wconf 79' lang='grc' dir='ltr'>τινὰ</span> <span class='ocrx_word' id='word_1_436' title='bbox 532 4086 624 4146; x_wconf 77' lang='grc' dir='ltr'>καὶ</span> <span class='ocrx_word' id='word_1_437' title='bbox 654 4084 1086 4163; x_wconf 81' lang='grc' dir='ltr'>ἀπαλλαγέντων,</span> <span class='ocrx_word' id='word_1_438' title='bbox 1115 4082 1504 4156; x_wconf 83' lang='grc' dir='ltr'>καταλείπηται</span> <span class='ocrx_word' id='word_1_439' title='bbox 1531 4087 1559 4142; x_wconf 85' lang='grc' dir='ltr'>ὁ</span> <span class='ocrx_word' id='word_1_440' title='bbox 1581 4082 1761 4165; x_wconf 89' lang='grc' dir='ltr'>χορός·</span> <span class='ocrx_word' id='word_1_441' title='bbox 1797 4082 1832 4155; x_wconf 82' lang='grc' dir='ltr'>ἢ</span> <span class='ocrx_word' id='word_1_442' title='bbox 1861 4082 1966 4163; x_wconf 84' lang='grc' dir='ltr'>ἔμ-</span> 
     </span>
     <span class='ocr_line' id='line_1_47' title="bbox 395 4170 1965 4252; baseline -0.001 -18"><span class='ocrx_word' id='word_1_443' title='bbox 395 4177 553 4234; x_wconf 85' lang='grc' dir='ltr'>παλιν</span> <span class='ocrx_word' id='word_1_444' title='bbox 567 4200 581 4212; x_wconf 91' lang='grc'>·</span> <span class='ocrx_word' id='word_1_445' title='bbox 603 4173 641 4247; x_wconf 78' lang='grc' dir='ltr'>ἢ</span> <span class='ocrx_word' id='word_1_446' title='bbox 664 4175 790 4234; x_wconf 79' lang='grc' dir='ltr'>ὅταν</span> <span class='ocrx_word' id='word_1_447' title='bbox 820 4172 1112 4252; x_wconf 72' lang='grc' dir='ltr'>μετάὸασις</span> <span class='ocrx_word' id='word_1_448' title='bbox 1135 4171 1240 4231; x_wconf 85' lang='grc' dir='ltr'>ἀπὸ</span> <span class='ocrx_word' id='word_1_449' title='bbox 1266 4171 1428 4231; x_wconf 86' lang='grc' dir='ltr'>τόπου</span> <span class='ocrx_word' id='word_1_450' title='bbox 1452 4174 1524 4239; x_wconf 87' lang='grc' dir='ltr'>εἰς</span> <span class='ocrx_word' id='word_1_451' title='bbox 1552 4170 1711 4231; x_wconf 86' lang='grc' dir='ltr'>τόπον</span> <span class='ocrx_word' id='word_1_452' title='bbox 1733 4171 1965 4251; x_wconf 88' lang='grc' dir='ltr'>γίνεσθαι</span> 
     </span>
     <span class='ocr_line' id='line_1_48' title="bbox 311 4258 1965 4344; baseline -0.005 -17"><span class='ocrx_word' id='word_1_453' title='bbox 311 4291 365 4328; x_wconf 74' lang='lat'>⁴5</span> <span class='ocrx_word' id='word_1_454' title='bbox 394 4266 521 4344; x_wconf 77' lang='grc' dir='ltr'>δοκῇ</span> <span class='ocrx_word' id='word_1_455' title='bbox 558 4268 652 4337; x_wconf 83' lang='grc' dir='ltr'>τῆς</span> <span class='ocrx_word' id='word_1_456' title='bbox 676 4268 896 4337; x_wconf 88' lang='grc' dir='ltr'>σκηνῆς·</span> <span class='ocrx_word' id='word_1_457' title='bbox 924 4267 992 4342; x_wconf 80' lang='grc' dir='ltr'>τῇ</span> <span class='ocrx_word' id='word_1_458' title='bbox 1029 4260 1084 4321; x_wconf 83' lang='grc' dir='ltr'>δὲ</span> <span class='ocrx_word' id='word_1_459' title='bbox 1117 4259 1456 4343; x_wconf 86' lang='grc' dir='ltr'>παραγράφῳ</span> <span class='ocrx_word' id='word_1_460' title='bbox 1482 4259 1599 4332; x_wconf 81' lang='grc' dir='ltr'>ἤτοι</span> <span class='ocrx_word' id='word_1_461' title='bbox 1635 4258 1774 4320; x_wconf 74' lang='grc' dir='ltr'>κατὰ</span> <span class='ocrx_word' id='word_1_462' title='bbox 1798 4260 1965 4343; x_wconf 89' lang='grc' dir='ltr'>πρόσ-</span> 
     </span>
     <span class='ocr_line' id='line_1_49' title="bbox 391 4349 1963 4433; baseline -0.002 -22"><span class='ocrx_word' id='word_1_463' title='bbox 391 4376 515 4413; x_wconf 88' lang='grc' dir='ltr'>ωπα</span> <span class='ocrx_word' id='word_1_464' title='bbox 550 4352 835 4433; x_wconf 74' lang='grc' dir='ltr'>ἀμοιὸαῖα,</span> <span class='ocrx_word' id='word_1_465' title='bbox 868 4350 923 4411; x_wconf 85' lang='grc' dir='ltr'>ἔν</span> <span class='ocrx_word' id='word_1_466' title='bbox 944 4374 1001 4410; x_wconf 86' lang='grc' dir='ltr'>τε</span> <span class='ocrx_word' id='word_1_467' title='bbox 1037 4358 1142 4418; x_wconf 88' lang='grc' dir='ltr'>τοῖς</span> <span class='ocrx_word' id='word_1_468' title='bbox 1168 4349 1438 4428; x_wconf 72' lang='grc' dir='ltr'>ἰαμόικοῖς</span> <span class='ocrx_word' id='word_1_469' title='bbox 1461 4349 1552 4407; x_wconf 82' lang='grc' dir='ltr'>καὶ</span> <span class='ocrx_word' id='word_1_470' title='bbox 1576 4350 1683 4417; x_wconf 88' lang='grc' dir='ltr'>τοῖς</span> <span class='ocrx_word' id='word_1_471' title='bbox 1705 4358 1963 4432; x_wconf 85' lang='grc' dir='ltr'>χορικοῖς,</span> 
     </span>
     <span class='ocr_line' id='line_1_50' title="bbox 393 4435 1962 4522; baseline -0.004 -21"><span class='ocrx_word' id='word_1_472' title='bbox 393 4440 589 4520; x_wconf 77' lang='grc' dir='ltr'>μεταξὺ</span> <span class='ocrx_word' id='word_1_473' title='bbox 615 4446 709 4514; x_wconf 85' lang='grc' dir='ltr'>τῆς</span> <span class='ocrx_word' id='word_1_474' title='bbox 734 4464 792 4500; x_wconf 87' lang='grc' dir='ltr'>τε</span> <span class='ocrx_word' id='word_1_475' title='bbox 821 4443 1046 4522; x_wconf 86' lang='grc' dir='ltr'>στροφῆς</span> <span class='ocrx_word' id='word_1_476' title='bbox 1077 4438 1172 4498; x_wconf 73' lang='grc' dir='ltr'>καὶ</span> <span class='ocrx_word' id='word_1_477' title='bbox 1196 4442 1292 4509; x_wconf 88' lang='grc' dir='ltr'>τῆς</span> <span class='ocrx_word' id='word_1_478' title='bbox 1321 4437 1683 4520; x_wconf 86' lang='grc' dir='ltr'>ἀντιστρόφου.</span> <span class='ocrx_word' id='word_1_479' title='bbox 1717 4435 1809 4495; x_wconf 80' lang='grc' dir='ltr'>ἐὰν</span> <span class='ocrx_word' id='word_1_480' title='bbox 1836 4436 1962 4515; x_wconf 84' lang='grc' dir='ltr'>μέν·</span> 
     </span>
     <span class='ocr_line' id='line_1_51' title="bbox 392 4522 1964 4611; baseline -0.003 -22"><span class='ocrx_word' id='word_1_481' title='bbox 392 4553 473 4589; x_wconf 86' lang='grc' dir='ltr'>τοι</span> <span class='ocrx_word' id='word_1_482' title='bbox 496 4535 530 4601; x_wconf 84' lang='grc' dir='ltr'>ἡ</span> <span class='ocrx_word' id='word_1_483' title='bbox 568 4526 768 4611; x_wconf 79' lang='grc' dir='ltr'>στροφὴ</span> <span class='ocrx_word' id='word_1_484' title='bbox 804 4526 859 4597; x_wconf 81' lang='grc' dir='ltr'>ἐξ</span> <span class='ocrx_word' id='word_1_485' title='bbox 886 4526 1182 4604; x_wconf 74' lang='grc' dir='ltr'>ἀμοιὸαίων</span> <span class='ocrx_word' id='word_1_486' title='bbox 1217 4523 1456 4605; x_wconf 85' lang='grc' dir='ltr'>τυγχάνῃ</span> <span class='ocrx_word' id='word_1_487' title='bbox 1496 4522 1837 4603; x_wconf 83' lang='grc' dir='ltr'>συγκειμένη,</span> <span class='ocrx_word' id='word_1_488' title='bbox 1868 4526 1964 4584; x_wconf 80' lang='grc' dir='ltr'>οὔκ</span> 
     </span>
     <span class='ocr_line' id='line_1_52' title="bbox 393 4610 1963 4701; baseline -0.006 -22"><span class='ocrx_word' id='word_1_489' title='bbox 393 4618 600 4701; x_wconf 79' lang='grc' dir='ltr'>ἐξαρκεῖ</span> <span class='ocrx_word' id='word_1_490' title='bbox 623 4617 753 4700; x_wconf 86' lang='grc' dir='ltr'>πρὸς</span> <span class='ocrx_word' id='word_1_491' title='bbox 777 4616 837 4675; x_wconf 92' lang='grc' dir='ltr'>τὸ</span> <span class='ocrx_word' id='word_1_492' title='bbox 873 4616 1138 4686; x_wconf 86' lang='grc' dir='ltr'>δηλῶσαι,</span> <span class='ocrx_word' id='word_1_493' title='bbox 1168 4612 1247 4673; x_wconf 79' lang='grc' dir='ltr'>ὅτι</span> <span class='ocrx_word' id='word_1_494' title='bbox 1278 4612 1629 4694; x_wconf 84' lang='grc' dir='ltr'>πεπλήρωται</span> <span class='ocrx_word' id='word_1_495' title='bbox 1665 4617 1700 4684; x_wconf 79' lang='grc' dir='ltr'>ἡ</span> <span class='ocrx_word' id='word_1_496' title='bbox 1730 4610 1928 4694; x_wconf 78' lang='grc' dir='ltr'>στροφὴ</span> <span class='ocrx_word' id='word_1_497' title='bbox 1946 4659 1963 4689; x_wconf 85' lang='grc'>,</span> 
     </span>
     <span class='ocr_line' id='line_1_53' title="bbox 312 4700 1964 4787; baseline -0.005 -20"><span class='ocrx_word' id='word_1_498' title='bbox 312 4738 366 4777; x_wconf 67' lang='grc' dir='ltr'>ω</span> <span class='ocrx_word' id='word_1_499' title='bbox 393 4713 427 4780; x_wconf 83' lang='grc' dir='ltr'>ἡ</span> <span class='ocrx_word' id='word_1_500' title='bbox 455 4705 825 4787; x_wconf 86' lang='grc' dir='ltr'>παράγραφος,</span> <span class='ocrx_word' id='word_1_501' title='bbox 849 4702 1226 4785; x_wconf 82' lang='grc' dir='ltr'>ἐπιφερομένης</span> <span class='ocrx_word' id='word_1_502' title='bbox 1254 4700 1418 4773; x_wconf 81' lang='grc' dir='ltr'>ἄλλης</span> <span class='ocrx_word' id='word_1_503' title='bbox 1445 4704 1699 4782; x_wconf 82' lang='grc' dir='ltr'>στροφῆς,</span> <span class='ocrx_word' id='word_1_504' title='bbox 1729 4700 1844 4758; x_wconf 78' lang='grc' dir='ltr'>ἐπεὶ</span> <span class='ocrx_word' id='word_1_505' title='bbox 1871 4702 1964 4759; x_wconf 73' lang='grc' dir='ltr'>καὶ</span> 
     </span>
     <span class='ocr_line' id='line_1_54' title="bbox 390 4782 1964 4878; baseline -0.005 -23"><span class='ocrx_word' id='word_1_506' title='bbox 390 4796 470 4878; x_wconf 84' lang='grc' dir='ltr'>ἐφ’</span> <span class='ocrx_word' id='word_1_507' title='bbox 504 4793 730 4854; x_wconf 78' lang='grc' dir='ltr'>ἑκάστου</span> <span class='ocrx_word' id='word_1_508' title='bbox 770 4791 942 4852; x_wconf 79' lang='grc' dir='ltr'>κώλου</span> <span class='ocrx_word' id='word_1_509' title='bbox 979 4790 1128 4851; x_wconf 78' lang='grc' dir='ltr'>οὐδὲν</span> <span class='ocrx_word' id='word_1_510' title='bbox 1161 4782 1320 4863; x_wconf 72' lang='grc' dir='ltr'>ἧττον</span> <span class='ocrx_word' id='word_1_511' title='bbox 1359 4788 1586 4848; x_wconf 88' lang='grc' dir='ltr'>τίθεται·</span> <span class='ocrx_word' id='word_1_512' title='bbox 1616 4785 1755 4847; x_wconf 77' lang='grc' dir='ltr'>ἀλλὰ</span> <span class='ocrx_word' id='word_1_513' title='bbox 1792 4793 1964 4847; x_wconf 85' lang='grc' dir='ltr'>κεῖται</span> 
     </span>
     <span class='ocr_line' id='line_1_55' title="bbox 391 4875 1964 4958; baseline -0.006 -15"><span class='ocrx_word' id='word_1_514' title='bbox 391 4885 482 4944; x_wconf 82' lang='grc' dir='ltr'>καὶ</span> <span class='ocrx_word' id='word_1_515' title='bbox 503 4888 538 4955; x_wconf 85' lang='grc' dir='ltr'>ἡ</span> <span class='ocrx_word' id='word_1_516' title='bbox 563 4881 668 4942; x_wconf 85' lang='grc' dir='ltr'>ἔσω</span> <span class='ocrx_word' id='word_1_517' title='bbox 691 4881 959 4941; x_wconf 80' lang='grc' dir='ltr'>νενευκυῖα</span> <span class='ocrx_word' id='word_1_518' title='bbox 984 4881 1173 4952; x_wconf 87' lang='grc' dir='ltr'>διπλῆ·</span> <span class='ocrx_word' id='word_1_519' title='bbox 1207 4883 1363 4938; x_wconf 77' lang='grc' dir='ltr'>τοῦτο</span> <span class='ocrx_word' id='word_1_520' title='bbox 1391 4876 1444 4937; x_wconf 78' lang='grc' dir='ltr'>δὲ</span> <span class='ocrx_word' id='word_1_521' title='bbox 1460 4924 1476 4951; x_wconf 89' lang='grc'>,</span> <span class='ocrx_word' id='word_1_522' title='bbox 1508 4877 1598 4937; x_wconf 78' lang='grc' dir='ltr'>ἐὰν</span> <span class='ocrx_word' id='word_1_523' title='bbox 1628 4875 1964 4958; x_wconf 86' lang='grc' dir='ltr'>ἀντίστροφος</span> 
     </span>
     <span class='ocr_line' id='line_1_56' title="bbox 391 4957 1961 5052; baseline -0.006 -20"><span class='ocrx_word' id='word_1_524' title='bbox 391 4970 730 5052; x_wconf 79' lang='grc' dir='ltr'>ἐπιφέρηται,</span> <span class='ocrx_word' id='word_1_525' title='bbox 752 4974 849 5042; x_wconf 81' lang='grc' dir='ltr'>ὣς,</span> <span class='ocrx_word' id='word_1_526' title='bbox 877 4967 967 5027; x_wconf 82' lang='grc' dir='ltr'>ἐάν</span> <span class='ocrx_word' id='word_1_527' title='bbox 994 4992 1053 5046; x_wconf 88' lang='grc' dir='ltr'>γε</span> <span class='ocrx_word' id='word_1_528' title='bbox 1090 4964 1360 5046; x_wconf 77' lang='grc' dir='ltr'>μεταὸολὴ</span> <span class='ocrx_word' id='word_1_529' title='bbox 1390 4966 1547 5044; x_wconf 89' lang='grc' dir='ltr'>μόνον</span> <span class='ocrx_word' id='word_1_530' title='bbox 1576 4957 1613 5047; x_wconf 68' lang='grc' dir='ltr'>ᾗ</span> <span class='ocrx_word' id='word_1_531' title='bbox 1640 4969 1896 5048; x_wconf 85' lang='grc' dir='ltr'>στροφῶν,</span> <span class='ocrx_word' id='word_1_532' title='bbox 1925 4969 1961 5037; x_wconf 85' lang='grc' dir='ltr'>ἡ</span> 
     </span>
     <span class='ocr_line' id='line_1_57' title="bbox 390 5054 1472 5139; baseline -0.009 -18"><span class='ocrx_word' id='word_1_533' title='bbox 390 5060 489 5130; x_wconf 78' lang='grc' dir='ltr'>ἔξω</span> <span class='ocrx_word' id='word_1_534' title='bbox 514 5057 780 5139; x_wconf 79' lang='grc' dir='ltr'>βλέπουσα</span> <span class='ocrx_word' id='word_1_535' title='bbox 806 5056 1056 5136; x_wconf 72' lang='grc' dir='ltr'>τίθεται]</span> <span class='ocrx_word' id='word_1_536' title='bbox 1466 5054 1472 5071; x_wconf 88' lang='grc'><strong>“</strong></span> 
     </span>
     <span class='ocr_line' id='line_1_58' title="bbox 468 5139 1961 5220; baseline -0.006 -13"><span class='ocrx_word' id='word_1_537' title='bbox 468 5167 566 5209; x_wconf 71' lang='lat'>253.</span> <span class='ocrx_word' id='word_1_538' title='bbox 611 5143 784 5206; x_wconf 77' lang='grc' dir='ltr'>πολλὰ</span> <span class='ocrx_word' id='word_1_539' title='bbox 810 5165 824 5205; x_wconf 87' lang='lat'>:</span> <span class='ocrx_word' id='word_1_540' title='bbox 860 5145 1142 5211; x_wconf 82' lang='grc' dir='ltr'>Πολλάκις.</span> <span class='ocrx_word' id='word_1_541' title='bbox 1169 5141 1358 5202; x_wconf 86' lang='grc' dir='ltr'>ταυτὸν</span> <span class='ocrx_word' id='word_1_542' title='bbox 1387 5164 1402 5203; x_wconf 73' lang='lat' dir='ltr'>t</span> <span class='ocrx_word' id='word_1_543' title='bbox 1429 5142 1674 5220; x_wconf 69' lang='grc' dir='ltr'>”Ομοιον.</span> <span class='ocrx_word' id='word_1_544' title='bbox 1708 5153 1768 5200; x_wconf 89' lang='grc' dir='ltr'>Ρ.</span> <span class='ocrx_word' id='word_1_545' title='bbox 1801 5139 1961 5219; x_wconf 87' lang='grc' dir='ltr'>θύμος</span> 
     </span>
    </p>
   </div>
   <div class='ocr_carea' id='block_1_8' title="bbox 2065 833 3653 992">
    <p class='ocr_par' dir='ltr' id='par_1_8' title="bbox 2065 833 3653 992">
     <span class='ocr_line' id='line_1_59' title="bbox 2065 833 3653 992; baseline 0.012 -101"><span class='ocrx_word' id='word_1_546' title='bbox 2065 833 2199 992; x_wconf 57' lang='grc' dir='ltr'>τιῖὲς</span> <span class='ocrx_word' id='word_1_547' title='bbox 2225 835 2282 894; x_wconf 86' lang='grc' dir='ltr'>δέ</span> <span class='ocrx_word' id='word_1_548' title='bbox 2317 858 2474 917; x_wconf 87' lang='grc' dir='ltr'>φασιν</span> <span class='ocrx_word' id='word_1_549' title='bbox 2510 835 2588 895; x_wconf 74' lang='grc' dir='ltr'>ὅτι</span> <span class='ocrx_word' id='word_1_550' title='bbox 2624 838 2938 920; x_wconf 76' lang='grc' dir='ltr'>παρῴδηται</span> <span class='ocrx_word' id='word_1_551' title='bbox 2977 842 3037 899; x_wconf 79' lang='grc' dir='ltr'>ἐκ</span> <span class='ocrx_word' id='word_1_552' title='bbox 3067 844 3171 901; x_wconf 84' lang='grc' dir='ltr'>τῶν</span> <span class='ocrx_word' id='word_1_553' title='bbox 3210 844 3461 906; x_wconf 80' lang='grc' dir='ltr'>Ἡσιόδου</span> <span class='ocrx_word' id='word_1_554' title='bbox 3496 851 3653 928; x_wconf 79' lang='lat' dir='ltr'><strong>[Op.</strong></span> 
     </span>
     <span class='ocr_line' id='line_1_60' title="bbox 2065 939 2112 978; baseline 0 0"><span class='ocrx_word' id='word_1_555' title='bbox 2065 939 2112 978; x_wconf 62' lang='grc' dir='ltr'>ει</span> 
     </span>
    </p>
   </div>
   <div class='ocr_carea' id='block_1_9' title="bbox 2189 1061 3463 1138">
    <p class='ocr_par' dir='ltr' id='par_1_9' title="bbox 2189 1061 3463 1138">
     <span class='ocr_line' id='line_1_61' title="bbox 2189 1061 3463 1138; baseline 0.012 -29"><span class='ocrx_word' id='word_1_556' title='bbox 2189 1061 2286 1110; x_wconf 82' lang='grc' dir='ltr'>οὐδ’</span> <span class='ocrx_word' id='word_1_557' title='bbox 2306 1061 2418 1111; x_wconf 83' lang='grc' dir='ltr'>ὅσον</span> <span class='ocrx_word' id='word_1_558' title='bbox 2439 1063 2487 1112; x_wconf 81' lang='grc' dir='ltr'>ἐν</span> <span class='ocrx_word' id='word_1_559' title='bbox 2510 1063 2699 1128; x_wconf 81' lang='grc' dir='ltr'>μαλάχῃ</span> <span class='ocrx_word' id='word_1_560' title='bbox 2722 1081 2773 1114; x_wconf 88' lang='grc' dir='ltr'>τε</span> <span class='ocrx_word' id='word_1_561' title='bbox 2799 1067 2879 1115; x_wconf 87' lang='grc' dir='ltr'>καὶ</span> <span class='ocrx_word' id='word_1_562' title='bbox 2908 1067 3148 1133; x_wconf 72' lang='grc' dir='ltr'>ἀσφοδέλῳ</span> <span class='ocrx_word' id='word_1_563' title='bbox 3171 1072 3274 1134; x_wconf 79' lang='grc' dir='ltr'>μέγ’</span> <span class='ocrx_word' id='word_1_564' title='bbox 3294 1072 3463 1138; x_wconf 82' lang='grc' dir='ltr'>ὄνειαρ.</span> 
     </span>
    </p>
   </div>
   <div class='ocr_carea' id='block_1_10' title="bbox 2042 1175 3815 5217">
    <p class='ocr_par' dir='ltr' id='par_1_10' title="bbox 2060 1175 3815 1695">
     <span class='ocr_line' id='line_1_62' title="bbox 2065 1175 3815 1262; baseline 0.012 -21"><span class='ocrx_word' id='word_1_565' title='bbox 2065 1183 2181 1242; x_wconf 74' lang='grc' dir='ltr'>ἀντὶ</span> <span class='ocrx_word' id='word_1_566' title='bbox 2210 1191 2331 1258; x_wconf 74' lang='grc' dir='ltr'>τοῦ,</span> <span class='ocrx_word' id='word_1_567' title='bbox 2355 1175 2398 1244; x_wconf 67' lang='grc' dir='ltr'><em>ὦ</em></span> <span class='ocrx_word' id='word_1_568' title='bbox 2431 1186 2648 1260; x_wconf 87' lang='grc' dir='ltr'>δίκαιοι,</span> <span class='ocrx_word' id='word_1_569' title='bbox 2669 1187 2737 1247; x_wconf 80' lang='grc' dir='ltr'>τὰ</span> <span class='ocrx_word' id='word_1_570' title='bbox 2761 1191 2945 1262; x_wconf 78' lang='grc' dir='ltr'>εὐτελῆ</span> <span class='ocrx_word' id='word_1_571' title='bbox 2970 1191 3202 1262; x_wconf 85' lang='grc' dir='ltr'>θέλοντες</span> <span class='ocrx_word' id='word_1_572' title='bbox 3232 1196 3418 1256; x_wconf 82' lang='grc' dir='ltr'>ἐσθίειν</span> <span class='ocrx_word' id='word_1_573' title='bbox 3449 1198 3545 1258; x_wconf 69' lang='grc' dir='ltr'>διὰ</span> <span class='ocrx_word' id='word_1_574' title='bbox 3584 1200 3653 1261; x_wconf 84' lang='grc' dir='ltr'>τὸ</span> <span class='ocrx_word' id='word_1_575' title='bbox 3814 1249 3815 1254; x_wconf 66' lang='lat'>,</span> 
     </span>
     <span class='ocr_line' id='line_1_63' title="bbox 2065 1269 3815 1371; baseline 0.013 -43"><span class='ocrx_word' id='word_1_576' title='bbox 2065 1269 2139 1347; x_wconf 85' lang='grc' dir='ltr'>μὴ</span> <span class='ocrx_word' id='word_1_577' title='bbox 2181 1271 2373 1332; x_wconf 82' lang='grc' dir='ltr'>ἐθέλειν</span> <span class='ocrx_word' id='word_1_578' title='bbox 2407 1275 2627 1333; x_wconf 80' lang='grc' dir='ltr'>ἀδικεῖν·</span> <span class='ocrx_word' id='word_1_579' title='bbox 2664 1276 2777 1353; x_wconf 83' lang='grc' dir='ltr'>ἅμα</span> <span class='ocrx_word' id='word_1_580' title='bbox 2815 1277 2869 1336; x_wconf 83' lang='grc' dir='ltr'>δὲ</span> <span class='ocrx_word' id='word_1_581' title='bbox 2898 1279 2988 1338; x_wconf 76' lang='grc' dir='ltr'>καὶ</span> <span class='ocrx_word' id='word_1_582' title='bbox 3020 1280 3080 1339; x_wconf 90' lang='grc' dir='ltr'>τὸ</span> <span class='ocrx_word' id='word_1_583' title='bbox 3112 1282 3281 1363; x_wconf 76' lang='grc' dir='ltr'>τραχὺ</span> <span class='ocrx_word' id='word_1_584' title='bbox 3316 1286 3425 1361; x_wconf 79' lang='grc' dir='ltr'>(καὶ</span> <span class='ocrx_word' id='word_1_585' title='bbox 3466 1287 3651 1371; x_wconf 74' lang='grc' dir='ltr'>ἄκαρ-</span> <span class='ocrx_word' id='word_1_586' title='bbox 3684 1319 3731 1356; x_wconf 69' lang='lat'>19</span> <span class='ocrx_word' id='word_1_587' title='bbox 3814 1291 3815 1310; x_wconf 68' lang='lat'><em>³</em></span> 
     </span>
     <span class='ocr_line' id='line_1_64' title="bbox 2061 1359 3815 1455; baseline 0.012 -41"><span class='ocrx_word' id='word_1_588' title='bbox 2061 1359 2183 1437; x_wconf 87' lang='grc' dir='ltr'>πον)</span> <span class='ocrx_word' id='word_1_589' title='bbox 2211 1365 2305 1433; x_wconf 82' lang='grc' dir='ltr'>τῆς</span> <span class='ocrx_word' id='word_1_590' title='bbox 2340 1367 2435 1440; x_wconf 88' lang='grc' dir='ltr'>γῆς</span> <span class='ocrx_word' id='word_1_591' title='bbox 2463 1361 2756 1425; x_wconf 74' lang='grc' dir='ltr'>διαὸάλλει.</span> <span class='ocrx_word' id='word_1_592' title='bbox 2791 1366 3089 1447; x_wconf 81' lang='grc' dir='ltr'>(οὐδετέρως</span> <span class='ocrx_word' id='word_1_593' title='bbox 3117 1368 3172 1427; x_wconf 85' lang='grc' dir='ltr'>δὲ</span> <span class='ocrx_word' id='word_1_594' title='bbox 3200 1370 3262 1430; x_wconf 88' lang='grc' dir='ltr'>τὸ</span> <span class='ocrx_word' id='word_1_595' title='bbox 3288 1371 3452 1449; x_wconf 88' lang='grc' dir='ltr'>θύμον</span> <span class='ocrx_word' id='word_1_596' title='bbox 3478 1375 3651 1455; x_wconf 54' lang='grc' dir='ltr'>λήε-</span> <span class='ocrx_word' id='word_1_597' title='bbox 3814 1385 3815 1394; x_wconf 76' lang='grc'>’</span> 
     </span>
     <span class='ocr_line' id='line_1_65' title="bbox 2064 1449 3652 1541; baseline 0.012 -37"><span class='ocrx_word' id='word_1_598' title='bbox 2064 1470 2150 1504; x_wconf 91' lang='grc' dir='ltr'>ται</span> <span class='ocrx_word' id='word_1_599' title='bbox 2176 1449 2268 1508; x_wconf 80' lang='grc' dir='ltr'>καὶ</span> <span class='ocrx_word' id='word_1_600' title='bbox 2307 1450 2831 1532; x_wconf 83' lang='grc' dir='ltr'>βραχυπαραλήκτως</span> <span class='ocrx_word' id='word_1_601' title='bbox 2856 1456 2947 1514; x_wconf 81' lang='grc' dir='ltr'>καὶ</span> <span class='ocrx_word' id='word_1_602' title='bbox 2980 1456 3299 1537; x_wconf 87' lang='grc' dir='ltr'>βαρυτόνως·</span> <span class='ocrx_word' id='word_1_603' title='bbox 3332 1463 3652 1541; x_wconf 76' lang='grc' dir='ltr'>ἐκτεινόμε-</span> 
     </span>
     <span class='ocr_line' id='line_1_66' title="bbox 2060 1536 3655 1695; baseline 0.014 -104"><span class='ocrx_word' id='word_1_604' title='bbox 2060 1556 2148 1692; x_wconf 49' lang='grc' dir='ltr'>Ξν</span> <span class='ocrx_word' id='word_1_605' title='bbox 2171 1536 2273 1617; x_wconf 80' lang='grc' dir='ltr'>γὰρ</span> <span class='ocrx_word' id='word_1_606' title='bbox 2295 1537 2388 1695; x_wconf 55' lang='grc' dir='ltr'>Ξαὶ</span> <span class='ocrx_word' id='word_1_607' title='bbox 2407 1537 2707 1616; x_wconf 83' lang='grc' dir='ltr'>ὀξυνόμενον</span> <span class='ocrx_word' id='word_1_608' title='bbox 2730 1540 2822 1600; x_wconf 80' lang='grc' dir='ltr'>καὶ</span> <span class='ocrx_word' id='word_1_609' title='bbox 2848 1545 3131 1624; x_wconf 85' lang='grc' dir='ltr'>ἀρσενικῶς</span> <span class='ocrx_word' id='word_1_610' title='bbox 3157 1546 3461 1625; x_wconf 84' lang='grc' dir='ltr'>κλινόμενον</span> <span class='ocrx_word' id='word_1_611' title='bbox 3485 1551 3655 1624; x_wconf 71' lang='grc' dir='ltr'>δηλοῖ</span> 
     </span>
    </p>

    <p class='ocr_par' dir='ltr' id='par_1_11' title="bbox 2128 1626 2408 1705">
     <span class='ocr_line' id='line_1_67' title="bbox 2128 1626 2408 1705; baseline 0.014 -25"><span class='ocrx_word' id='word_1_612' title='bbox 2128 1645 2155 1680; x_wconf 93' lang='grc' dir='ltr'>ν</span> <span class='ocrx_word' id='word_1_613' title='bbox 2183 1626 2294 1705; x_wconf 79' lang='grc' dir='ltr'>ψυχ</span> <span class='ocrx_word' id='word_1_614' title='bbox 2333 1626 2408 1704; x_wconf 92' lang='grc' dir='ltr'>ν.)</span> 
     </span>
    </p>

    <p class='ocr_par' dir='ltr' id='par_1_12' title="bbox 2059 1711 3727 1884">
     <span class='ocr_line' id='line_1_68' title="bbox 2139 1711 3727 1802; baseline 0.013 -32"><span class='ocrx_word' id='word_1_615' title='bbox 2139 1730 2235 1771; x_wconf 69' lang='lat'>25⁴.</span> <span class='ocrx_word' id='word_1_616' title='bbox 2279 1713 2507 1791; x_wconf 80' lang='grc' dir='ltr'>δημόται</span> <span class='ocrx_word' id='word_1_617' title='bbox 2544 1735 2559 1775; x_wconf 88' lang='lat'><strong>:</strong></span> <span class='ocrx_word' id='word_1_618' title='bbox 2587 1711 2746 1775; x_wconf 87' lang='grc' dir='ltr'>Ἤτοι</span> <span class='ocrx_word' id='word_1_619' title='bbox 2779 1718 2827 1774; x_wconf 80' lang='grc' dir='ltr'>οἱ</span> <span class='ocrx_word' id='word_1_620' title='bbox 2861 1715 2967 1776; x_wconf 85' lang='grc' dir='ltr'>ἀπὸ</span> <span class='ocrx_word' id='word_1_621' title='bbox 2993 1723 3088 1777; x_wconf 78' lang='grc' dir='ltr'>τοῦ</span> <span class='ocrx_word' id='word_1_622' title='bbox 3125 1721 3284 1780; x_wconf 76' lang='grc' dir='ltr'>αὐτοῦ</span> <span class='ocrx_word' id='word_1_623' title='bbox 3313 1722 3506 1802; x_wconf 88' lang='grc' dir='ltr'>δήμου.</span> <span class='ocrx_word' id='word_1_624' title='bbox 3539 1732 3648 1786; x_wconf 72' lang='grc' dir='ltr'>τοῦ</span> <span class='ocrx_word' id='word_1_625' title='bbox 3684 1753 3727 1791; x_wconf 72' lang='grc' dir='ltr'>ιε»</span> 
     </span>
     <span class='ocr_line' id='line_1_69' title="bbox 2059 1801 3307 1884; baseline 0.01 -28"><span class='ocrx_word' id='word_1_626' title='bbox 2059 1808 2233 1858; x_wconf 87' lang='grc' dir='ltr'>πονεῖν</span> <span class='ocrx_word' id='word_1_627' title='bbox 2254 1801 2475 1880; x_wconf 76' lang='grc' dir='ltr'>ἐρασταὶ</span> <span class='ocrx_word' id='word_1_628' title='bbox 2499 1822 2513 1863; x_wconf 89' lang='lat'><strong>:</strong></span> <span class='ocrx_word' id='word_1_629' title='bbox 2540 1805 2651 1862; x_wconf 79' lang='grc' dir='ltr'>Τοῦ</span> <span class='ocrx_word' id='word_1_630' title='bbox 2674 1812 2862 1861; x_wconf 79' lang='grc' dir='ltr'>κοπιᾶν</span> <span class='ocrx_word' id='word_1_631' title='bbox 2885 1806 3221 1884; x_wconf 80' lang='grc' dir='ltr'>ἐπιθυμηταί.</span> <span class='ocrx_word' id='word_1_632' title='bbox 3248 1821 3307 1868; x_wconf 95' lang='grc' dir='ltr'>Ρ.</span> 
     </span>
    </p>

    <p class='ocr_par' dir='ltr' id='par_1_13' title="bbox 2055 1885 3727 2321">
     <span class='ocr_line' id='line_1_70' title="bbox 2139 1885 3647 1978; baseline 0.011 -33"><span class='ocrx_word' id='word_1_633' title='bbox 2139 1906 2238 1946; x_wconf 72' lang='lat'>255.</span> <span class='ocrx_word' id='word_1_634' title='bbox 2281 1885 2347 1945; x_wconf 78' lang='grc' dir='ltr'>ἴτ’</span> <span class='ocrx_word' id='word_1_635' title='bbox 2360 1933 2376 1961; x_wconf 92' lang='grc'>,</span> <span class='ocrx_word' id='word_1_636' title='bbox 2413 1888 2719 1966; x_wconf 73' lang='grc' dir='ltr'>ἐγκονεῖτεε</span> <span class='ocrx_word' id='word_1_637' title='bbox 2753 1891 2889 1950; x_wconf 81' lang='grc' dir='ltr'>Ἀντὶ</span> <span class='ocrx_word' id='word_1_638' title='bbox 2916 1897 3005 1950; x_wconf 79' lang='grc' dir='ltr'>τοῦ</span> <span class='ocrx_word' id='word_1_639' title='bbox 3035 1895 3289 1975; x_wconf 79' lang='grc' dir='ltr'>ἕνεργεῖτε</span> <span class='ocrx_word' id='word_1_640' title='bbox 3304 1942 3322 1968; x_wconf 87' lang='grc'>,</span> <span class='ocrx_word' id='word_1_641' title='bbox 3348 1899 3647 1978; x_wconf 77' lang='grc' dir='ltr'>ταχύνατε·</span> 
     </span>
     <span class='ocr_line' id='line_1_71' title="bbox 2062 1973 3647 2060; baseline 0.01 -28"><span class='ocrx_word' id='word_1_642' title='bbox 2062 1973 2195 2049; x_wconf 78' lang='grc' dir='ltr'>(ἐπεὶ</span> <span class='ocrx_word' id='word_1_643' title='bbox 2244 1977 2291 2033; x_wconf 82' lang='grc' dir='ltr'>οἱ</span> <span class='ocrx_word' id='word_1_644' title='bbox 2337 1975 2609 2056; x_wconf 84' lang='grc' dir='ltr'>τρέχοντες</span> <span class='ocrx_word' id='word_1_645' title='bbox 2654 1975 2847 2045; x_wconf 88' lang='grc' dir='ltr'>κόνεως</span> <span class='ocrx_word' id='word_1_646' title='bbox 2891 1981 3236 2060; x_wconf 73' lang='grc' dir='ltr'>πληροῦνται.</span> <span class='ocrx_word' id='word_1_647' title='bbox 3282 1984 3319 2055; x_wconf 80' lang='grc' dir='ltr'>ἦ</span> <span class='ocrx_word' id='word_1_648' title='bbox 3370 1986 3479 2046; x_wconf 87' lang='grc' dir='ltr'>ἀπὸ</span> <span class='ocrx_word' id='word_1_649' title='bbox 3525 1993 3647 2047; x_wconf 74' lang='grc' dir='ltr'>τῶν</span> 
     </span>
     <span class='ocr_line' id='line_1_72' title="bbox 2060 2063 3647 2153; baseline 0.011 -34"><span class='ocrx_word' id='word_1_650' title='bbox 2060 2064 2315 2134; x_wconf 85' lang='grc' dir='ltr'>ἀθλητῶν·</span> <span class='ocrx_word' id='word_1_651' title='bbox 2346 2065 2400 2122; x_wconf 83' lang='grc' dir='ltr'>ἐν</span> <span class='ocrx_word' id='word_1_652' title='bbox 2429 2063 2569 2123; x_wconf 89' lang='grc' dir='ltr'>κόνει</span> <span class='ocrx_word' id='word_1_653' title='bbox 2589 2063 2693 2146; x_wconf 76' lang='grc' dir='ltr'>γὰρ</span> <span class='ocrx_word' id='word_1_654' title='bbox 2717 2064 2925 2125; x_wconf 83' lang='grc' dir='ltr'>ἐκείνων</span> <span class='ocrx_word' id='word_1_655' title='bbox 2952 2067 3013 2126; x_wconf 88' lang='grc' dir='ltr'>τὸ</span> <span class='ocrx_word' id='word_1_656' title='bbox 3042 2068 3209 2149; x_wconf 84' lang='grc' dir='ltr'>ἔργον.</span> <span class='ocrx_word' id='word_1_657' title='bbox 3233 2069 3269 2142; x_wconf 79' lang='grc' dir='ltr'>ἢ</span> <span class='ocrx_word' id='word_1_658' title='bbox 3301 2071 3381 2132; x_wconf 77' lang='grc' dir='ltr'>ὅτι</span> <span class='ocrx_word' id='word_1_659' title='bbox 3407 2075 3511 2153; x_wconf 83' lang='grc' dir='ltr'>πρὸ</span> <span class='ocrx_word' id='word_1_660' title='bbox 3536 2083 3647 2136; x_wconf 72' lang='grc' dir='ltr'>τοῦ</span> 
     </span>
     <span class='ocr_line' id='line_1_73' title="bbox 2055 2148 3727 2242; baseline 0.011 -36"><span class='ocrx_word' id='word_1_661' title='bbox 2055 2152 2148 2219; x_wconf 83' lang='grc' dir='ltr'>τῆς</span> <span class='ocrx_word' id='word_1_662' title='bbox 2173 2148 2361 2217; x_wconf 88' lang='grc' dir='ltr'>κόνεως</span> <span class='ocrx_word' id='word_1_663' title='bbox 2384 2149 2622 2232; x_wconf 80' lang='grc' dir='ltr'>ἅψασθαι</span> <span class='ocrx_word' id='word_1_664' title='bbox 2644 2154 2899 2230; x_wconf 87' lang='grc' dir='ltr'>νικῶσιν.)</span> <span class='ocrx_word' id='word_1_665' title='bbox 2928 2189 3009 2198; x_wconf 92' lang='grc'><strong>-</strong></span> <span class='ocrx_word' id='word_1_666' title='bbox 3035 2156 3282 2237; x_wconf 85' lang='grc' dir='ltr'>πρόσιτε,</span> <span class='ocrx_word' id='word_1_667' title='bbox 3315 2159 3458 2220; x_wconf 85' lang='grc' dir='ltr'>κόνιν</span> <span class='ocrx_word' id='word_1_668' title='bbox 3487 2164 3639 2242; x_wconf 75' lang='grc' dir='ltr'>ἐγεί-</span> <span class='ocrx_word' id='word_1_669' title='bbox 3670 2187 3727 2225; x_wconf 79' lang='lat'>20</span> 
     </span>
     <span class='ocr_line' id='line_1_74' title="bbox 2057 2234 3281 2321; baseline 0.011 -28"><span class='ocrx_word' id='word_1_670' title='bbox 2057 2258 2204 2316; x_wconf 88' lang='grc' dir='ltr'>ρετε,</span> <span class='ocrx_word' id='word_1_671' title='bbox 2231 2234 2311 2294; x_wconf 80' lang='grc' dir='ltr'>ὅτι</span> <span class='ocrx_word' id='word_1_672' title='bbox 2342 2241 2372 2295; x_wconf 83' lang='grc' dir='ltr'>ὁ</span> <span class='ocrx_word' id='word_1_673' title='bbox 2399 2239 2578 2319; x_wconf 83' lang='grc' dir='ltr'>καιρὸς</span> <span class='ocrx_word' id='word_1_674' title='bbox 2605 2240 2724 2319; x_wconf 75' lang='grc' dir='ltr'>οὐχὶ</span> <span class='ocrx_word' id='word_1_675' title='bbox 2753 2239 3024 2321; x_wconf 78' lang='grc' dir='ltr'>βραδύνειν</span> <span class='ocrx_word' id='word_1_676' title='bbox 3054 2244 3185 2304; x_wconf 83' lang='grc' dir='ltr'>ἐστί.</span> <span class='ocrx_word' id='word_1_677' title='bbox 3217 2259 3281 2305; x_wconf 92' lang='grc' dir='ltr'>Ρ.</span> 
     </span>
    </p>

    <p class='ocr_par' dir='ltr' id='par_1_14' title="bbox 2050 2323 3645 2577">
     <span class='ocr_line' id='line_1_75' title="bbox 2137 2323 3645 2407; baseline 0.011 -26"><span class='ocrx_word' id='word_1_678' title='bbox 2137 2325 2185 2401; x_wconf 80' lang='grc' dir='ltr'>(ὃ</span> <span class='ocrx_word' id='word_1_679' title='bbox 2210 2323 2389 2406; x_wconf 91' lang='grc' dir='ltr'>καιρὸς</span> <span class='ocrx_word' id='word_1_680' title='bbox 2424 2325 2544 2405; x_wconf 74' lang='grc' dir='ltr'>οὐχὶ</span> <span class='ocrx_word' id='word_1_681' title='bbox 2578 2325 2788 2403; x_wconf 84' lang='grc' dir='ltr'>μέλλειν</span> <span class='ocrx_word' id='word_1_682' title='bbox 2833 2348 2848 2389; x_wconf 76' lang='lat'>2</span> <span class='ocrx_word' id='word_1_683' title='bbox 2880 2331 2963 2388; x_wconf 78' lang='grc' dir='ltr'>Οὐ</span> <span class='ocrx_word' id='word_1_684' title='bbox 2995 2335 3084 2387; x_wconf 76' lang='grc' dir='ltr'>τοῦ</span> <span class='ocrx_word' id='word_1_685' title='bbox 3129 2330 3341 2407; x_wconf 84' lang='grc' dir='ltr'>μέλλειν</span> <span class='ocrx_word' id='word_1_686' title='bbox 3369 2335 3461 2394; x_wconf 79' lang='grc' dir='ltr'>καὶ</span> <span class='ocrx_word' id='word_1_687' title='bbox 3501 2339 3645 2397; x_wconf 84' lang='grc' dir='ltr'>ἀνα-</span> 
     </span>
     <span class='ocr_line' id='line_1_76' title="bbox 2055 2409 3643 2493; baseline 0.011 -25"><span class='ocrx_word' id='word_1_688' title='bbox 2055 2409 2342 2470; x_wconf 77' lang='grc' dir='ltr'>ὅάλλεσθαι</span> <span class='ocrx_word' id='word_1_689' title='bbox 2374 2412 2553 2493; x_wconf 86' lang='grc' dir='ltr'>καιρός</span> <span class='ocrx_word' id='word_1_690' title='bbox 2584 2415 2744 2487; x_wconf 80' lang='grc' dir='ltr'>ἐστιν,</span> <span class='ocrx_word' id='word_1_691' title='bbox 2782 2413 2922 2473; x_wconf 82' lang='grc' dir='ltr'>ἀλλὰ</span> <span class='ocrx_word' id='word_1_692' title='bbox 2961 2421 3056 2475; x_wconf 78' lang='grc' dir='ltr'>τοῦ</span> <span class='ocrx_word' id='word_1_693' title='bbox 3086 2417 3328 2479; x_wconf 81' lang='grc' dir='ltr'>σπεύδειν</span> <span class='ocrx_word' id='word_1_694' title='bbox 3367 2423 3459 2481; x_wconf 79' lang='grc' dir='ltr'>καὶ</span> <span class='ocrx_word' id='word_1_695' title='bbox 3489 2424 3643 2485; x_wconf 84' lang='grc' dir='ltr'>κόνιν</span> 
     </span>
     <span class='ocr_line' id='line_1_77' title="bbox 2050 2497 2295 2577; baseline 0.004 -20"><span class='ocrx_word' id='word_1_696' title='bbox 2050 2497 2295 2577; x_wconf 84' lang='grc' dir='ltr'>πέμπειν.</span> 
     </span>
    </p>

    <p class='ocr_par' dir='ltr' id='par_1_15' title="bbox 2055 2588 3815 2755">
     <span class='ocr_line' id='line_1_78' title="bbox 2131 2588 3815 2680; baseline 0.01 -34"><span class='ocrx_word' id='word_1_697' title='bbox 2131 2607 2227 2647; x_wconf 71' lang='lat' dir='ltr'>25ss.</span> <span class='ocrx_word' id='word_1_698' title='bbox 2280 2651 2290 2667; x_wconf 84' lang='lat'><strong>.</strong></span> <span class='ocrx_word' id='word_1_699' title='bbox 2339 2588 2421 2647; x_wconf 90' lang='grc' dir='ltr'>δεῖ</span> <span class='ocrx_word' id='word_1_700' title='bbox 2450 2588 2668 2669; x_wconf 84' lang='grc' dir='ltr'>παρόντ’</span> <span class='ocrx_word' id='word_1_701' title='bbox 2704 2609 2719 2649; x_wconf 75' lang='lat'>2</span> <span class='ocrx_word' id='word_1_702' title='bbox 2758 2590 2894 2650; x_wconf 85' lang='grc' dir='ltr'>Καθ’</span> <span class='ocrx_word' id='word_1_703' title='bbox 2935 2591 3002 2663; x_wconf 80' lang='grc' dir='ltr'>ἣν</span> <span class='ocrx_word' id='word_1_704' title='bbox 3038 2593 3200 2671; x_wconf 85' lang='grc' dir='ltr'>ἀκμεῖ</span> <span class='ocrx_word' id='word_1_705' title='bbox 3243 2596 3327 2655; x_wconf 88' lang='grc' dir='ltr'>δεῖ</span> <span class='ocrx_word' id='word_1_706' title='bbox 3364 2599 3641 2680; x_wconf 84' lang='grc' dir='ltr'>παρόντας</span> <span class='ocrx_word' id='word_1_707' title='bbox 3670 2630 3723 2669; x_wconf 67' lang='lat'>25</span> <span class='ocrx_word' id='word_1_708' title='bbox 3814 2633 3815 2646; x_wconf 34' lang='grc' dir='ltr'>ι</span> 
     </span>
     <span class='ocr_line' id='line_1_79' title="bbox 2055 2679 2375 2755; baseline 0 -22"><span class='ocrx_word' id='word_1_709' title='bbox 2055 2679 2278 2755; x_wconf 88' lang='grc' dir='ltr'>βοηθεῖν.</span> <span class='ocrx_word' id='word_1_710' title='bbox 2312 2688 2375 2735; x_wconf 89' lang='grc' dir='ltr'>Ρ.</span> 
     </span>
    </p>

    <p class='ocr_par' dir='ltr' id='par_1_16' title="bbox 2051 2762 3723 3113">
     <span class='ocr_line' id='line_1_80' title="bbox 2130 2762 3637 2853; baseline 0.007 -31"><span class='ocrx_word' id='word_1_711' title='bbox 2130 2784 2227 2825; x_wconf 73' lang='lat'>257.</span> <span class='ocrx_word' id='word_1_712' title='bbox 2266 2766 2451 2824; x_wconf 76' lang='grc' dir='ltr'>οὐκοῦν</span> <span class='ocrx_word' id='word_1_713' title='bbox 2480 2784 2495 2824; x_wconf 76' lang='lat' dir='ltr'>t</span> <span class='ocrx_word' id='word_1_714' title='bbox 2522 2763 2602 2824; x_wconf 90' lang='grc' dir='ltr'>Τὸ</span> <span class='ocrx_word' id='word_1_715' title='bbox 2628 2762 2826 2825; x_wconf 87' lang='grc' dir='ltr'>λοιπόν.</span> <span class='ocrx_word' id='word_1_716' title='bbox 2856 2767 3189 2847; x_wconf 83' lang='grc' dir='ltr'>ὁρμωμένους</span> <span class='ocrx_word' id='word_1_717' title='bbox 3216 2790 3231 2829; x_wconf 87' lang='lat'><strong>:</strong></span> <span class='ocrx_word' id='word_1_718' title='bbox 3256 2773 3637 2853; x_wconf 81' lang='grc' dir='ltr'>Κινουμένους,</span> 
     </span>
     <span class='ocr_line' id='line_1_81' title="bbox 2052 2852 3637 2943; baseline 0.008 -31"><span class='ocrx_word' id='word_1_719' title='bbox 2052 2853 2218 2913; x_wconf 89' lang='grc' dir='ltr'>πάλαι</span> <span class='ocrx_word' id='word_1_720' title='bbox 2262 2875 2277 2914; x_wconf 76' lang='lat' dir='ltr'>t</span> <span class='ocrx_word' id='word_1_721' title='bbox 2321 2853 2438 2936; x_wconf 90' lang='grc' dir='ltr'>Πρὸ</span> <span class='ocrx_word' id='word_1_722' title='bbox 2472 2852 2632 2936; x_wconf 80' lang='grc' dir='ltr'>ὧρας.</span> <span class='ocrx_word' id='word_1_723' title='bbox 2663 2867 2728 2913; x_wconf 89' lang='grc' dir='ltr'>Ρ.</span> <span class='ocrx_word' id='word_1_724' title='bbox 2756 2855 2926 2915; x_wconf 88' lang='grc' dir='ltr'>πάλαι</span> <span class='ocrx_word' id='word_1_725' title='bbox 2966 2858 3246 2939; x_wconf 87' lang='grc' dir='ltr'>προθύμως</span> <span class='ocrx_word' id='word_1_726' title='bbox 3275 2882 3290 2921; x_wconf 88' lang='lat'><strong>:</strong></span> <span class='ocrx_word' id='word_1_727' title='bbox 3325 2865 3637 2943; x_wconf 82' lang='grc' dir='ltr'>Συντόνως,</span> 
     </span>
     <span class='ocr_line' id='line_1_82' title="bbox 2051 2942 3637 3026; baseline 0.008 -25"><span class='ocrx_word' id='word_1_728' title='bbox 2051 2942 2335 3010; x_wconf 86' lang='grc' dir='ltr'>δεικτικῶς.</span> <span class='ocrx_word' id='word_1_729' title='bbox 2380 2943 2459 3020; x_wconf 91' lang='grc' dir='ltr'>(τὸ</span> <span class='ocrx_word' id='word_1_730' title='bbox 2502 2943 2558 3002; x_wconf 81' lang='grc' dir='ltr'>δὲ</span> <span class='ocrx_word' id='word_1_731' title='bbox 2601 2942 2773 3001; x_wconf 85' lang='grc' dir='ltr'>πάλαι</span> <span class='ocrx_word' id='word_1_732' title='bbox 2818 2946 2877 3002; x_wconf 76' lang='grc' dir='ltr'>οὐ</span> <span class='ocrx_word' id='word_1_733' title='bbox 2917 2943 3072 3023; x_wconf 88' lang='grc' dir='ltr'>μόνον</span> <span class='ocrx_word' id='word_1_734' title='bbox 3121 2950 3445 3026; x_wconf 82' lang='grc' dir='ltr'>βραδυτῆτός</span> <span class='ocrx_word' id='word_1_735' title='bbox 3486 2957 3637 3015; x_wconf 80' lang='grc' dir='ltr'>ἐστιν</span> 
     </span>
     <span class='ocr_line' id='line_1_83' title="bbox 2052 3029 3723 3113; baseline 0.007 -25"><span class='ocrx_word' id='word_1_736' title='bbox 2052 3029 2318 3113; x_wconf 77' lang='grc' dir='ltr'>ἐπίρρημα</span> <span class='ocrx_word' id='word_1_737' title='bbox 2334 3075 2351 3103; x_wconf 97' lang='grc'>,</span> <span class='ocrx_word' id='word_1_738' title='bbox 2376 3029 2516 3090; x_wconf 81' lang='grc' dir='ltr'>ἀλλὰ</span> <span class='ocrx_word' id='word_1_739' title='bbox 2542 3029 2634 3090; x_wconf 81' lang='grc' dir='ltr'>καὶ</span> <span class='ocrx_word' id='word_1_740' title='bbox 2665 3036 3000 3111; x_wconf 80' lang='grc' dir='ltr'>ταχυτῆτος.)</span> <span class='ocrx_word' id='word_1_741' title='bbox 3668 3070 3723 3113; x_wconf 74' lang='lat'>³0</span> 
     </span>
    </p>

    <p class='ocr_par' dir='ltr' id='par_1_17' title="bbox 2048 3118 3757 3279">
     <span class='ocr_line' id='line_1_84' title="bbox 2129 3118 3757 3202; baseline 0.008 -24"><span class='ocrx_word' id='word_1_742' title='bbox 2129 3139 2226 3179; x_wconf 75' lang='lat'><strong>258.</strong></span> <span class='ocrx_word' id='word_1_743' title='bbox 2268 3122 2339 3186; x_wconf 83' lang='grc' dir='ltr'>ὡς</span> <span class='ocrx_word' id='word_1_744' title='bbox 2360 3118 2495 3188; x_wconf 83' lang='grc' dir='ltr'>εἰκός</span> <span class='ocrx_word' id='word_1_745' title='bbox 2519 3123 2661 3178; x_wconf 82' lang='grc' dir='ltr'>ἐστιν</span> <span class='ocrx_word' id='word_1_746' title='bbox 2686 3139 2701 3179; x_wconf 76' lang='lat' dir='ltr'>t</span> <span class='ocrx_word' id='word_1_747' title='bbox 2733 3120 2964 3202; x_wconf 70' lang='grc' dir='ltr'>Ὁρμᾷν.</span> <span class='ocrx_word' id='word_1_748' title='bbox 2993 3124 3223 3191; x_wconf 85' lang='grc' dir='ltr'>ἀσθενεῖς</span> <span class='ocrx_word' id='word_1_749' title='bbox 3247 3145 3264 3185; x_wconf 85' lang='lat'>:</span> <span class='ocrx_word' id='word_1_750' title='bbox 3294 3125 3629 3199; x_wconf 77' lang='grc' dir='ltr'>Ἀδυνάτους.</span> <span class='ocrx_word' id='word_1_751' title='bbox 3750 3164 3757 3173; x_wconf 84' lang='grc'>·</span> 
     </span>
     <span class='ocr_line' id='line_1_85' title="bbox 2048 3205 2696 3279; baseline 0 -15"><span class='ocrx_word' id='word_1_752' title='bbox 2048 3205 2152 3279; x_wconf 79' lang='grc' dir='ltr'>ἤδη</span> <span class='ocrx_word' id='word_1_753' title='bbox 2179 3228 2193 3267; x_wconf 76' lang='lat' dir='ltr'><strong><em>z</em></strong></span> <span class='ocrx_word' id='word_1_754' title='bbox 2221 3206 2348 3267; x_wconf 84' lang='grc' dir='ltr'>Ἀπὸ</span> <span class='ocrx_word' id='word_1_755' title='bbox 2374 3212 2467 3266; x_wconf 77' lang='grc' dir='ltr'>τοῦ</span> <span class='ocrx_word' id='word_1_756' title='bbox 2491 3213 2600 3269; x_wconf 82' lang='grc' dir='ltr'>νῦν.</span> <span class='ocrx_word' id='word_1_757' title='bbox 2631 3218 2696 3266; x_wconf 85' lang='grc' dir='ltr'>Ρ.</span> 
     </span>
    </p>

    <p class='ocr_par' dir='ltr' id='par_1_18' title="bbox 2047 3292 3714 3639">
     <span class='ocr_line' id='line_1_86' title="bbox 2127 3292 3634 3380; baseline 0.007 -27"><span class='ocrx_word' id='word_1_758' title='bbox 2127 3314 2224 3354; x_wconf 70' lang='lat'>259.</span> <span class='ocrx_word' id='word_1_759' title='bbox 2268 3293 2424 3363; x_wconf 84' lang='grc' dir='ltr'>ἀξιοῖς</span> <span class='ocrx_word' id='word_1_760' title='bbox 2445 3314 2460 3354; x_wconf 87' lang='lat'>:</span> <span class='ocrx_word' id='word_1_761' title='bbox 2478 3292 2648 3363; x_wconf 81' lang='grc' dir='ltr'>Ἄξιον</span> <span class='ocrx_word' id='word_1_762' title='bbox 2673 3294 2880 3376; x_wconf 88' lang='grc' dir='ltr'>κρίνεις.</span> <span class='ocrx_word' id='word_1_763' title='bbox 2896 3293 3023 3363; x_wconf 76' lang='grc' dir='ltr'>ἴσως</span> <span class='ocrx_word' id='word_1_764' title='bbox 3044 3318 3058 3357; x_wconf 88' lang='lat'>:</span> <span class='ocrx_word' id='word_1_765' title='bbox 3081 3296 3328 3375; x_wconf 87' lang='grc' dir='ltr'>Ὁμοίως.</span> <span class='ocrx_word' id='word_1_766' title='bbox 3354 3313 3416 3359; x_wconf 88' lang='grc' dir='ltr'>Ρ.</span> <span class='ocrx_word' id='word_1_767' title='bbox 3434 3304 3634 3380; x_wconf 79' lang='grc' dir='ltr'>ὁμοίως</span> 
     </span>
     <span class='ocr_line' id='line_1_87' title="bbox 2048 3379 3627 3471; baseline 0.009 -32"><span class='ocrx_word' id='word_1_768' title='bbox 2048 3403 2132 3439; x_wconf 90' lang='grc' dir='ltr'>σοι</span> <span class='ocrx_word' id='word_1_769' title='bbox 2166 3379 2387 3462; x_wconf 83' lang='grc' dir='ltr'>τρέχειν.</span> <span class='ocrx_word' id='word_1_770' title='bbox 2418 3384 2491 3443; x_wconf 84' lang='grc' dir='ltr'>Θ.</span> <span class='ocrx_word' id='word_1_771' title='bbox 2522 3380 2647 3448; x_wconf 80' lang='grc' dir='ltr'>ἴσως</span> <span class='ocrx_word' id='word_1_772' title='bbox 2699 3404 2767 3459; x_wconf 90' lang='grc' dir='ltr'>με</span> <span class='ocrx_word' id='word_1_773' title='bbox 2813 3383 2918 3440; x_wconf 89' lang='grc' dir='ltr'>θεῖν</span> <span class='ocrx_word' id='word_1_774' title='bbox 2966 3405 2986 3443; x_wconf 85' lang='lat'>:</span> <span class='ocrx_word' id='word_1_775' title='bbox 3032 3383 3243 3453; x_wconf 80' lang='grc' dir='ltr'>Ἐξίσου</span> <span class='ocrx_word' id='word_1_776' title='bbox 3289 3411 3372 3447; x_wconf 85' lang='grc' dir='ltr'>σοι</span> <span class='ocrx_word' id='word_1_777' title='bbox 3394 3390 3627 3471; x_wconf 78' lang='grc' dir='ltr'>τρέχειν.</span> 
     </span>
     <span class='ocr_line' id='line_1_88' title="bbox 2047 3466 3714 3551; baseline 0.008 -24"><span class='ocrx_word' id='word_1_778' title='bbox 2047 3467 2107 3527; x_wconf 88' lang='grc' dir='ltr'>τὸ</span> <span class='ocrx_word' id='word_1_779' title='bbox 2140 3466 2195 3527; x_wconf 85' lang='grc' dir='ltr'>δὲ</span> <span class='ocrx_word' id='word_1_780' title='bbox 2216 3469 2399 3529; x_wconf 88' lang='grc' dir='ltr'>λοιπὸν</span> <span class='ocrx_word' id='word_1_781' title='bbox 2430 3473 2484 3527; x_wconf 83' lang='grc' dir='ltr'>ἐν</span> <span class='ocrx_word' id='word_1_782' title='bbox 2514 3468 2811 3550; x_wconf 77' lang='grc' dir='ltr'>ὑπερὸατῷ·</span> <span class='ocrx_word' id='word_1_783' title='bbox 2841 3469 3014 3529; x_wconf 89' lang='grc' dir='ltr'>καίτοι</span> <span class='ocrx_word' id='word_1_784' title='bbox 3050 3494 3112 3549; x_wconf 87' lang='grc' dir='ltr'>γε</span> <span class='ocrx_word' id='word_1_785' title='bbox 3146 3472 3265 3544; x_wconf 77' lang='grc' dir='ltr'>ἐξῆν</span> <span class='ocrx_word' id='word_1_786' title='bbox 3294 3476 3481 3551; x_wconf 81' lang='grc' dir='ltr'>εἰπεῖν,</span> <span class='ocrx_word' id='word_1_787' title='bbox 3530 3480 3627 3539; x_wconf 79' lang='grc' dir='ltr'>καὶ</span> <span class='ocrx_word' id='word_1_788' title='bbox 3657 3512 3714 3550; x_wconf 70' lang='lat'>³5</span> 
     </span>
     <span class='ocr_line' id='line_1_89' title="bbox 2048 3554 2732 3639; baseline 0.003 -25"><span class='ocrx_word' id='word_1_789' title='bbox 2048 3562 2218 3616; x_wconf 77' lang='grc' dir='ltr'>ταῦτα</span> <span class='ocrx_word' id='word_1_790' title='bbox 2245 3556 2368 3639; x_wconf 73' lang='grc' dir='ltr'>πρὶν</span> <span class='ocrx_word' id='word_1_791' title='bbox 2398 3554 2594 3639; x_wconf 87' lang='grc' dir='ltr'>φράσαι</span> <span class='ocrx_word' id='word_1_792' title='bbox 2623 3579 2732 3632; x_wconf 86' lang='grc' dir='ltr'>μοι.</span> 
     </span>
    </p>

    <p class='ocr_par' dir='ltr' id='par_1_19' title="bbox 2127 3634 2781 3712">
     <span class='ocr_line' id='line_1_90' title="bbox 2127 3634 2781 3712; baseline -0.006 -8"><span class='ocrx_word' id='word_1_793' title='bbox 2127 3664 2222 3704; x_wconf 73' lang='lat'>260.</span> <span class='ocrx_word' id='word_1_794' title='bbox 2265 3643 2386 3703; x_wconf 77' lang='grc' dir='ltr'>ὅτου</span> <span class='ocrx_word' id='word_1_795' title='bbox 2414 3665 2429 3705; x_wconf 87' lang='lat'>:</span> <span class='ocrx_word' id='word_1_796' title='bbox 2458 3634 2694 3712; x_wconf 68' lang='grc' dir='ltr'>Οὑτινος.</span> <span class='ocrx_word' id='word_1_797' title='bbox 2720 3655 2781 3703; x_wconf 91' lang='grc' dir='ltr'>Ρ.</span> 
     </span>
    </p>

    <p class='ocr_par' dir='ltr' id='par_1_20' title="bbox 2043 3730 3815 4584">
     <span class='ocr_line' id='line_1_91' title="bbox 2127 3730 3625 3812; baseline 0.003 -20"><span class='ocrx_word' id='word_1_798' title='bbox 2127 3752 2223 3792; x_wconf 73' lang='lat'>261.</span> <span class='ocrx_word' id='word_1_799' title='bbox 2267 3734 2454 3792; x_wconf 75' lang='grc' dir='ltr'>οὐκοῦν</span> <span class='ocrx_word' id='word_1_800' title='bbox 2494 3731 2665 3791; x_wconf 89' lang='grc' dir='ltr'>πάλαι</span> <span class='ocrx_word' id='word_1_801' title='bbox 2710 3730 2879 3803; x_wconf 81' lang='grc' dir='ltr'>δήπου</span> <span class='ocrx_word' id='word_1_802' title='bbox 2909 3752 2926 3793; x_wconf 88' lang='lat'><strong>:</strong></span> <span class='ocrx_word' id='word_1_803' title='bbox 2959 3732 3283 3812; x_wconf 87' lang='grc' dir='ltr'>(Σύνδεσμος</span> <span class='ocrx_word' id='word_1_804' title='bbox 3310 3736 3625 3796; x_wconf 84' lang='grc' dir='ltr'>ἀποδεικτι-</span> 
     </span>
     <span class='ocr_line' id='line_1_92' title="bbox 2047 3818 3626 3906; baseline 0.003 -29"><span class='ocrx_word' id='word_1_805' title='bbox 2047 3818 2151 3887; x_wconf 91' lang='grc' dir='ltr'>κός·</span> <span class='ocrx_word' id='word_1_806' title='bbox 2174 3818 2292 3886; x_wconf 72' lang='grc' dir='ltr'>τοὺς</span> <span class='ocrx_word' id='word_1_807' title='bbox 2325 3818 2570 3901; x_wconf 82' lang='grc' dir='ltr'>γέροντας</span> <span class='ocrx_word' id='word_1_808' title='bbox 2591 3819 2647 3879; x_wconf 84' lang='grc' dir='ltr'>δὲ</span> <span class='ocrx_word' id='word_1_809' title='bbox 2680 3819 2855 3888; x_wconf 85' lang='grc' dir='ltr'>παίζει</span> <span class='ocrx_word' id='word_1_810' title='bbox 2889 3820 3052 3896; x_wconf 85' lang='grc' dir='ltr'>μηδὲν</span> <span class='ocrx_word' id='word_1_811' title='bbox 3075 3821 3257 3895; x_wconf 82' lang='grc' dir='ltr'>εἰπὼν,</span> <span class='ocrx_word' id='word_1_812' title='bbox 3284 3823 3377 3883; x_wconf 76' lang='grc' dir='ltr'>καὶ</span> <span class='ocrx_word' id='word_1_813' title='bbox 3399 3826 3626 3906; x_wconf 82' lang='grc' dir='ltr'>ὑποκρί-</span> 
     </span>
     <span class='ocr_line' id='line_1_93' title="bbox 2046 3898 3815 3993; baseline 0.003 -27"><span class='ocrx_word' id='word_1_814' title='bbox 2046 3931 2190 3966; x_wconf 89' lang='grc' dir='ltr'>νεται</span> <span class='ocrx_word' id='word_1_815' title='bbox 2225 3906 2516 3988; x_wconf 76' lang='grc' dir='ltr'>εἰρηκέναι,</span> <span class='ocrx_word' id='word_1_816' title='bbox 2549 3907 2636 3967; x_wconf 79' lang='grc' dir='ltr'>διὰ</span> <span class='ocrx_word' id='word_1_817' title='bbox 2663 3907 2724 3967; x_wconf 90' lang='grc' dir='ltr'>τὸ</span> <span class='ocrx_word' id='word_1_818' title='bbox 2759 3911 2931 3967; x_wconf 79' lang='grc' dir='ltr'>αὐτῶν</span> <span class='ocrx_word' id='word_1_819' title='bbox 2955 3907 3023 3967; x_wconf 79' lang='grc' dir='ltr'>τὰ</span> <span class='ocrx_word' id='word_1_820' title='bbox 3055 3898 3169 3968; x_wconf 69' lang='grc' dir='ltr'>ὦτα</span> <span class='ocrx_word' id='word_1_821' title='bbox 3195 3909 3335 3992; x_wconf 75' lang='grc' dir='ltr'>γήρᾳ</span> <span class='ocrx_word' id='word_1_822' title='bbox 3364 3917 3623 3993; x_wconf 76' lang='grc' dir='ltr'>πεπηρῶ-</span> <span class='ocrx_word' id='word_1_823' title='bbox 3653 3944 3710 3983; x_wconf 71' lang='lat'>⁴0</span> <span class='ocrx_word' id='word_1_824' title='bbox 3814 3920 3815 3925; x_wconf 74' lang='grc'>’</span> 
     </span>
     <span class='ocr_line' id='line_1_94' title="bbox 2047 3989 3815 4076; baseline 0.004 -23"><span class='ocrx_word' id='word_1_825' title='bbox 2047 3994 2213 4076; x_wconf 90' lang='grc' dir='ltr'>σθαι.)</span> <span class='ocrx_word' id='word_1_826' title='bbox 2237 3997 2496 4074; x_wconf 75' lang='grc' dir='ltr'>ἐπεγγελᾷ</span> <span class='ocrx_word' id='word_1_827' title='bbox 2523 3989 2611 4054; x_wconf 67' lang='grc' dir='ltr'>οὖν</span> <span class='ocrx_word' id='word_1_828' title='bbox 2638 3998 2715 4073; x_wconf 81' lang='grc' dir='ltr'>τῷ</span> <span class='ocrx_word' id='word_1_829' title='bbox 2742 3997 2961 4075; x_wconf 81' lang='grc' dir='ltr'>ἀμυδρῷ</span> <span class='ocrx_word' id='word_1_830' title='bbox 2984 4000 3088 4055; x_wconf 86' lang='grc' dir='ltr'>τῶν</span> <span class='ocrx_word' id='word_1_831' title='bbox 3118 3998 3413 4069; x_wconf 78' lang='grc' dir='ltr'>αἰσθήσεων</span> <span class='ocrx_word' id='word_1_832' title='bbox 3443 3998 3531 4058; x_wconf 75' lang='grc' dir='ltr'>διὰ</span> <span class='ocrx_word' id='word_1_833' title='bbox 3561 4001 3625 4059; x_wconf 83' lang='grc' dir='ltr'>τὸ</span> <span class='ocrx_word' id='word_1_834' title='bbox 3814 3996 3815 4001; x_wconf 49' lang='grc'>’</span> 
     </span>
     <span class='ocr_line' id='line_1_95' title="bbox 2044 4074 3625 4164; baseline 0.004 -24"><span class='ocrx_word' id='word_1_835' title='bbox 2044 4088 2226 4164; x_wconf 87' lang='grc' dir='ltr'>γῆρας.</span> <span class='ocrx_word' id='word_1_836' title='bbox 2245 4077 2565 4145; x_wconf 62' lang='grc' dir='ltr'>-Ἀλλωᾳ</span> <span class='ocrx_word' id='word_1_837' title='bbox 2591 4074 2707 4138; x_wconf 80' lang='grc' dir='ltr'>δέον</span> <span class='ocrx_word' id='word_1_838' title='bbox 2730 4078 2881 4148; x_wconf 77' lang='grc' dir='ltr'>ἔλεξα</span> <span class='ocrx_word' id='word_1_839' title='bbox 2912 4084 3077 4142; x_wconf 82' lang='grc' dir='ltr'>εἰπεῖν</span> <span class='ocrx_word' id='word_1_840' title='bbox 3098 4083 3227 4164; x_wconf 84' lang='grc' dir='ltr'>πρὸς</span> <span class='ocrx_word' id='word_1_841' title='bbox 3253 4084 3316 4144; x_wconf 89' lang='grc' dir='ltr'>τὸ</span> <span class='ocrx_word' id='word_1_842' title='bbox 3347 4083 3555 4159; x_wconf 85' lang='grc' dir='ltr'>πάλαι,</span> <span class='ocrx_word' id='word_1_843' title='bbox 3594 4092 3625 4147; x_wconf 76' lang='grc' dir='ltr'>ὁ</span> 
     </span>
     <span class='ocr_line' id='line_1_96' title="bbox 2047 4158 3623 4247; baseline 0.003 -20"><span class='ocrx_word' id='word_1_844' title='bbox 2047 4169 2103 4229; x_wconf 83' lang='grc' dir='ltr'>δὲ</span> <span class='ocrx_word' id='word_1_845' title='bbox 2130 4167 2269 4247; x_wconf 82' lang='grc' dir='ltr'>λέγω</span> <span class='ocrx_word' id='word_1_846' title='bbox 2296 4158 2409 4227; x_wconf 77' lang='grc' dir='ltr'>εῖπε</span> <span class='ocrx_word' id='word_1_847' title='bbox 2443 4166 2672 4240; x_wconf 76' lang='grc' dir='ltr'>δεικνὺς,</span> <span class='ocrx_word' id='word_1_848' title='bbox 2709 4170 2782 4235; x_wconf 78' lang='grc' dir='ltr'>ὥς</span> <span class='ocrx_word' id='word_1_849' title='bbox 2810 4169 2909 4247; x_wconf 77' lang='grc' dir='ltr'>οὐχ</span> <span class='ocrx_word' id='word_1_850' title='bbox 2937 4167 3113 4246; x_wconf 78' lang='grc' dir='ltr'>ἅπαξ,</span> <span class='ocrx_word' id='word_1_851' title='bbox 3157 4169 3296 4229; x_wconf 84' lang='grc' dir='ltr'>ἀλλὰ</span> <span class='ocrx_word' id='word_1_852' title='bbox 3321 4171 3493 4232; x_wconf 84' lang='grc' dir='ltr'>πάλαι</span> <span class='ocrx_word' id='word_1_853' title='bbox 3526 4173 3623 4233; x_wconf 77' lang='grc' dir='ltr'>καὶ</span> 
     </span>
     <span class='ocr_line' id='line_1_97' title="bbox 2045 4255 3623 4342; baseline 0.002 -27"><span class='ocrx_word' id='word_1_854' title='bbox 2045 4263 2136 4317; x_wconf 73' lang='grc' dir='ltr'>νῦν</span> <span class='ocrx_word' id='word_1_855' title='bbox 2167 4256 2328 4335; x_wconf 79' lang='grc' dir='ltr'>λέγει.</span> <span class='ocrx_word' id='word_1_856' title='bbox 2353 4255 2554 4324; x_wconf 85' lang='grc' dir='ltr'>παίζων</span> <span class='ocrx_word' id='word_1_857' title='bbox 2591 4255 2647 4314; x_wconf 87' lang='grc' dir='ltr'>δὲ</span> <span class='ocrx_word' id='word_1_858' title='bbox 2681 4259 2710 4314; x_wconf 82' lang='grc' dir='ltr'>ὁ</span> <span class='ocrx_word' id='word_1_859' title='bbox 2745 4255 2985 4335; x_wconf 87' lang='grc' dir='ltr'>θεράπων</span> <span class='ocrx_word' id='word_1_860' title='bbox 3021 4256 3175 4317; x_wconf 76' lang='grc' dir='ltr'>τοῦτό</span> <span class='ocrx_word' id='word_1_861' title='bbox 3209 4282 3385 4340; x_wconf 88' lang='grc' dir='ltr'>φησιν·</span> <span class='ocrx_word' id='word_1_862' title='bbox 3416 4261 3477 4318; x_wconf 79' lang='grc' dir='ltr'>οὗ</span> <span class='ocrx_word' id='word_1_863' title='bbox 3514 4260 3623 4342; x_wconf 73' lang='grc' dir='ltr'>γὰρ</span> 
     </span>
     <span class='ocr_line' id='line_1_98' title="bbox 2045 4342 3708 4427; baseline 0.003 -22"><span class='ocrx_word' id='word_1_864' title='bbox 2045 4350 2291 4427; x_wconf 88' lang='grc' dir='ltr'>προεῖπεν</span> <span class='ocrx_word' id='word_1_865' title='bbox 2330 4346 2505 4412; x_wconf 75' lang='grc' dir='ltr'>αὐτοῖς</span> <span class='ocrx_word' id='word_1_866' title='bbox 2534 4342 2670 4411; x_wconf 90' lang='grc' dir='ltr'>τίνος</span> <span class='ocrx_word' id='word_1_867' title='bbox 2688 4342 2845 4425; x_wconf 87' lang='grc' dir='ltr'>χάριν</span> <span class='ocrx_word' id='word_1_868' title='bbox 2871 4342 3057 4413; x_wconf 72' lang='grc' dir='ltr'>αὐτοὺς</span> <span class='ocrx_word' id='word_1_869' title='bbox 3087 4346 3258 4407; x_wconf 85' lang='grc' dir='ltr'>καλεῖ.</span> <span class='ocrx_word' id='word_1_870' title='bbox 3280 4357 3420 4406; x_wconf 73' lang='lat' dir='ltr'><strong>sunt.</strong></span> <span class='ocrx_word' id='word_1_871' title='bbox 3442 4347 3623 4420; x_wconf 83' lang='grc' dir='ltr'>δήπου</span> <span class='ocrx_word' id='word_1_872' title='bbox 3651 4378 3708 4418; x_wconf 68' lang='lat'>45</span> 
     </span>
     <span class='ocr_line' id='line_1_99' title="bbox 2043 4430 3621 4515; baseline 0.003 -21"><span class='ocrx_word' id='word_1_873' title='bbox 2043 4434 2183 4514; x_wconf 82' lang='grc' dir='ltr'>λέγω</span> <span class='ocrx_word' id='word_1_874' title='bbox 2220 4453 2235 4495; x_wconf 88' lang='lat'><strong>:</strong></span> <span class='ocrx_word' id='word_1_875' title='bbox 2269 4431 2457 4494; x_wconf 75' lang='grc' dir='ltr'>Θέλων</span> <span class='ocrx_word' id='word_1_876' title='bbox 2492 4435 2565 4500; x_wconf 78' lang='grc' dir='ltr'>ὥς</span> <span class='ocrx_word' id='word_1_877' title='bbox 2605 4430 2807 4514; x_wconf 76' lang='grc' dir='ltr'>κωφοὺς</span> <span class='ocrx_word' id='word_1_878' title='bbox 2836 4431 3107 4492; x_wconf 76' lang='grc' dir='ltr'>διαὸαλεῖν</span> <span class='ocrx_word' id='word_1_879' title='bbox 3140 4432 3319 4515; x_wconf 82' lang='grc' dir='ltr'>φησίν.</span> <span class='ocrx_word' id='word_1_880' title='bbox 3353 4436 3562 4506; x_wconf 82' lang='grc' dir='ltr'>ἀκούεις</span> <span class='ocrx_word' id='word_1_881' title='bbox 3604 4459 3621 4499; x_wconf 86' lang='lat'>:</span> 
     </span>
     <span class='ocr_line' id='line_1_100' title="bbox 2048 4523 2328 4584; baseline -0.021 0"><span class='ocrx_word' id='word_1_882' title='bbox 2048 4523 2113 4584; x_wconf 85' lang='lat' dir='ltr'>’E</span> <span class='ocrx_word' id='word_1_883' title='bbox 2158 4527 2234 4582; x_wconf 74' lang='grc' dir='ltr'>οὔ.</span> <span class='ocrx_word' id='word_1_884' title='bbox 2263 4532 2328 4580; x_wconf 87' lang='grc' dir='ltr'>Ρ.</span> 
     </span>
    </p>

    <p class='ocr_par' dir='ltr' id='par_1_21' title="bbox 2115 4548 2968 4691">
     <span class='ocr_line' id='line_1_101' title="bbox 2115 4548 2968 4691; baseline -0.004 -26"><span class='ocrx_word' id='word_1_885' title='bbox 2115 4548 2221 4672; x_wconf 47' lang='grc' dir='ltr'>ἕω,</span> <span class='ocrx_word' id='word_1_886' title='bbox 2265 4631 2421 4691; x_wconf 88' lang='grc' dir='ltr'>φησιν</span> <span class='ocrx_word' id='word_1_887' title='bbox 2447 4628 2462 4667; x_wconf 84' lang='lat'>:</span> <span class='ocrx_word' id='word_1_888' title='bbox 2487 4606 2875 4685; x_wconf 83' lang='grc' dir='ltr'>Ὑπισχνεῖται.</span> <span class='ocrx_word' id='word_1_889' title='bbox 2905 4617 2968 4663; x_wconf 91' lang='grc' dir='ltr'>Ρ.</span> 
     </span>
    </p>

    <p class='ocr_par' dir='ltr' id='par_1_22' title="bbox 2042 4692 3707 5217">
     <span class='ocr_line' id='line_1_102' title="bbox 2123 4692 3623 4778; baseline -0.002 -19"><span class='ocrx_word' id='word_1_890' title='bbox 2123 4718 2220 4759; x_wconf 73' lang='lat'>263.</span> <span class='ocrx_word' id='word_1_891' title='bbox 2262 4699 2468 4778; x_wconf 76' lang='grc' dir='ltr'>ψυχροῦ</span> <span class='ocrx_word' id='word_1_892' title='bbox 2491 4693 2605 4776; x_wconf 89' lang='grc' dir='ltr'>βίου</span> <span class='ocrx_word' id='word_1_893' title='bbox 2629 4716 2643 4756; x_wconf 88' lang='lat'>:</span> <span class='ocrx_word' id='word_1_894' title='bbox 2667 4692 2827 4755; x_wconf 85' lang='grc' dir='ltr'>Ἤτοι</span> <span class='ocrx_word' id='word_1_895' title='bbox 2848 4697 2941 4754; x_wconf 75' lang='grc' dir='ltr'>τοῦ</span> <span class='ocrx_word' id='word_1_896' title='bbox 2957 4693 3317 4777; x_wconf 84' lang='grc' dir='ltr'>ταλαιπώρου.</span> <span class='ocrx_word' id='word_1_897' title='bbox 3336 4694 3373 4766; x_wconf 68' lang='grc' dir='ltr'>ἢ</span> <span class='ocrx_word' id='word_1_898' title='bbox 3393 4699 3623 4777; x_wconf 76' lang='grc' dir='ltr'>ἐπιμεμ-</span> 
     </span>
     <span class='ocr_line' id='line_1_103' title="bbox 2044 4781 3707 4869; baseline -0.001 -24"><span class='ocrx_word' id='word_1_899' title='bbox 2044 4784 2262 4869; x_wconf 86' lang='grc' dir='ltr'>φόμενος</span> <span class='ocrx_word' id='word_1_900' title='bbox 2289 4783 2376 4844; x_wconf 80' lang='grc' dir='ltr'>διὰ</span> <span class='ocrx_word' id='word_1_901' title='bbox 2403 4784 2463 4843; x_wconf 91' lang='grc' dir='ltr'>τὸ</span> <span class='ocrx_word' id='word_1_902' title='bbox 2492 4788 2656 4864; x_wconf 84' lang='grc' dir='ltr'>γῆρας</span> <span class='ocrx_word' id='word_1_903' title='bbox 2682 4781 2838 4842; x_wconf 75' lang='grc' dir='ltr'>τοῦτό</span> <span class='ocrx_word' id='word_1_904' title='bbox 2859 4805 3035 4863; x_wconf 82' lang='grc' dir='ltr'>φησιν,</span> <span class='ocrx_word' id='word_1_905' title='bbox 3065 4781 3209 4863; x_wconf 83' lang='grc' dir='ltr'>[ἀντὶ</span> <span class='ocrx_word' id='word_1_906' title='bbox 3236 4789 3331 4842; x_wconf 76' lang='grc' dir='ltr'>τοῦ</span> <span class='ocrx_word' id='word_1_907' title='bbox 3359 4786 3624 4855; x_wconf 75' lang='grc' dir='ltr'>εὐτελοῦς·</span> <span class='ocrx_word' id='word_1_908' title='bbox 3653 4811 3707 4853; x_wconf 72' lang='lat'>50</span> 
     </span>
     <span class='ocr_line' id='line_1_104' title="bbox 2043 4869 3622 4953; baseline 0.001 -19"><span class='ocrx_word' id='word_1_909' title='bbox 2043 4877 2102 4935; x_wconf 91' lang='grc' dir='ltr'>τὸ</span> <span class='ocrx_word' id='word_1_910' title='bbox 2128 4875 2185 4934; x_wconf 67' lang='grc' dir='ltr'>δὲ</span> <span class='ocrx_word' id='word_1_911' title='bbox 2210 4873 2355 4947; x_wconf 76' lang='grc' dir='ltr'>ἑξῆς,</span> <span class='ocrx_word' id='word_1_912' title='bbox 2393 4876 2529 4951; x_wconf 78' lang='grc' dir='ltr'>ὑμᾶς</span> <span class='ocrx_word' id='word_1_913' title='bbox 2556 4872 2792 4938; x_wconf 84' lang='grc' dir='ltr'>ἅπαντας</span> <span class='ocrx_word' id='word_1_914' title='bbox 2830 4869 3232 4948; x_wconf 84' lang='grc' dir='ltr'>ἀπαλλαγέντας</span> <span class='ocrx_word' id='word_1_915' title='bbox 3273 4875 3483 4953; x_wconf 73' lang='grc' dir='ltr'>ψυχροῦ</span> <span class='ocrx_word' id='word_1_916' title='bbox 3521 4876 3622 4935; x_wconf 75' lang='grc' dir='ltr'>καὶ</span> 
     </span>
     <span class='ocr_line' id='line_1_105' title="bbox 2045 4959 3621 5041; baseline -0.001 -18"><span class='ocrx_word' id='word_1_917' title='bbox 2045 4960 2295 5023; x_wconf 88' lang='grc' dir='ltr'>δυσκόλου</span> <span class='ocrx_word' id='word_1_918' title='bbox 2323 4960 2436 5041; x_wconf 85' lang='grc' dir='ltr'>βίου</span> <span class='ocrx_word' id='word_1_919' title='bbox 2459 4959 2685 5041; x_wconf 68' lang='grc' dir='ltr'>ζήσειν]</span> <span class='ocrx_word' id='word_1_920' title='bbox 2710 4987 2771 4995; x_wconf 90' lang='grc'>-</span> <span class='ocrx_word' id='word_1_921' title='bbox 2793 4961 2997 5040; x_wconf 72' lang='grc' dir='ltr'>ψυχροῦ</span> <span class='ocrx_word' id='word_1_922' title='bbox 3025 4981 3039 5019; x_wconf 91' lang='lat'>:</span> <span class='ocrx_word' id='word_1_923' title='bbox 3069 4962 3411 5041; x_wconf 80' lang='grc' dir='ltr'>Νεκροποιοῧ·</span> <span class='ocrx_word' id='word_1_924' title='bbox 3436 4967 3621 5021; x_wconf 64' lang='grc' dir='ltr'>ποιοῦ-</span> 
     </span>
     <span class='ocr_line' id='line_1_106' title="bbox 2042 5045 3620 5131; baseline 0.002 -23"><span class='ocrx_word' id='word_1_925' title='bbox 2042 5074 2127 5118; x_wconf 89' lang='grc' dir='ltr'>τος</span> <span class='ocrx_word' id='word_1_926' title='bbox 2170 5047 2271 5131; x_wconf 73' lang='grc' dir='ltr'>γὰρ</span> <span class='ocrx_word' id='word_1_927' title='bbox 2325 5052 2354 5108; x_wconf 86' lang='grc' dir='ltr'><strong>ὁ</strong></span> <span class='ocrx_word' id='word_1_928' title='bbox 2399 5052 2503 5107; x_wconf 89' lang='grc' dir='ltr'>τῶν</span> <span class='ocrx_word' id='word_1_929' title='bbox 2554 5048 2812 5120; x_wconf 78' lang='grc' dir='ltr'>πενήτων.</span> <span class='ocrx_word' id='word_1_930' title='bbox 2861 5045 3115 5105; x_wconf 89' lang='grc' dir='ltr'>δυσκόλου</span> <span class='ocrx_word' id='word_1_931' title='bbox 3163 5067 3179 5108; x_wconf 86' lang='lat'>:</span> <span class='ocrx_word' id='word_1_932' title='bbox 3230 5048 3620 5131; x_wconf 84' lang='grc' dir='ltr'>Δυσπορίστου.</span> 
     </span>
     <span class='ocr_line' id='line_1_107' title="bbox 2042 5133 3093 5217; baseline -0.008 -18"><span class='ocrx_word' id='word_1_933' title='bbox 2042 5135 2442 5216; x_wconf 77' lang='grc' dir='ltr'>ἀπαλλαγέντας</span> <span class='ocrx_word' id='word_1_934' title='bbox 2473 5157 2487 5198; x_wconf 75' lang='lat' dir='ltr'>t</span> <span class='ocrx_word' id='word_1_935' title='bbox 2511 5133 3004 5217; x_wconf 83' lang='grc' dir='ltr'>Ἐλευθερωθέντας.</span> <span class='ocrx_word' id='word_1_936' title='bbox 3028 5153 3093 5201; x_wconf 81' lang='grc' dir='ltr'>Ρ,</span> 
     </span>
    </p>
   </div>
   <div class='ocr_carea' id='block_1_11' title="bbox 3812 1321 3817 1872">
    <p class='ocr_par' dir='ltr' id='par_1_23' title="bbox 3812 1321 3817 1872">
     <span class='ocr_line' id='line_1_108' title="bbox 3812 1321 3817 1872; baseline 0 0"><span class='ocrx_word' id='word_1_937' title='bbox 3812 1321 3817 1872; x_wconf 95' lang='lat' dir='ltr'> </span> 
     </span>
    </p>
   </div>
   <div class='ocr_carea' id='block_1_12' title="bbox 3796 2103 3833 5715">
    <p class='ocr_par' dir='ltr' id='par_1_24' title="bbox 3796 2103 3833 5715">
     <span class='ocr_line' id='line_1_109' title="bbox 3796 2103 3833 5715; baseline 0 0"><span class='ocrx_word' id='word_1_938' title='bbox 3796 2103 3833 5715; x_wconf 95' lang='lat' dir='ltr'> </span> 
     </span>
    </p>
   </div>
  </div>
 </body>
</html>
