3859 5725
1419 246 1817 309 SCHOLIA
1864 245 1955 307 IN
2011 246 2394 310 PLUTUM.
3397 268 3511 321 345

312 387 500 447 άνυσον
525 386 617 447 καὶ
640 385 701 445 τὸ
729 383 879 453 λέξας
907 382 1023 442 elva
1045 387 1138 443 τοῦ
1158 381 1303 452 λέξον
1335 384 1395 442 οὐ
1417 385 1590 451 καλῶς
1615 384 1870 460 λέγωσιν.
2039 404 2139 446 333.
2185 383 2466 466 μεθέστηχ’
2499 377 2573 446 ὧν
2610 385 2859 469 πρότερον
2884 407 2900 449 ε
2931 387 3130 470 Πρώην
3164 386 3267 474 γὰρ
3297 393 3526 476 χρηστὸς

310 476 423 556 ἔχει
453 474 507 534 δὲ
536 473 715 542 οὕτως.
740 472 861 551 λέγε
887 471 967 530 ὅτι
995 469 1094 552 φῄς
1126 492 1255 529 ποτε
1285 469 1506 542 ἀνύσας,
1536 470 1628 529 καὶ
1658 469 1873 537 τελέσας
1960 470 2059 549 ὧν,
2079 478 2168 531 νῦν
2192 478 2481 554 πανοῦργος
2498 474 2726 553 γέγονεν.
2748 487 2806 536 Θ.
2832 487 2965 535 suut.
2980 489 3074 536 DV.
3093 481 3165 547 ὥς
3185 479 3319 538 πολὺ
3345 502 3359 541 :
3388 481 3525 543 Λίαν

308 569 481 623 τοῦτο·
504 563 789 633 τουτέστιν,
818 562 889 626 εἰς
908 557 1056 624 τέλος
1081 556 1172 616 καὶ
1199 555 1513 636 διασάφησιν
1541 553 1753 635 ἀγαγὼν
1781 554 1873 614 σὸν
1962 559 2253 620 zavan-026·
2283 562 2562 644 μεθέστηχ’
2591 585 2607 624 t
2650 564 2987 637 Mttefflv'flfln.
3019 557 3130 646 εἶχε
3166 588 3182 628 t
3212 567 3524 644 ‚Exeunte-

309 651 485 730 λόγον.
518 655 653 704 sunt.
675 640 779 716 οἶος
805 668 820 707 :
856 645 1058 724 Μέγας.
1085 644 1280 712 ἀνύσας
1310 665 1325 705 z
1357 642 1620 712 Σπεύσας.
1643 642 1875 703 σύναπτε
1963 651 2141 699 Paris.

258 764 285 804 ο
310 738 373 799 τὸ
398 737 528 797 ποτέ
548 736 677 817 πρὸς
697 734 759 795 τὸ
782 732 993 801 ἀνύσας.
1012 734 1082 793 Θ.
1113 737 1175 790 Ρ.
2043 745 2140 786 333.
2187 729 2520 810 μελαγχολᾷς
2545 749 2559 789 :
2590 728 2792 809 Μαίνῃ.
2818 741 2883 790 Ρ.

392 845 491 887 330.
533 824 950 906 κατορθώσωμεν
981 842 997 882 :
1021 820 1099 881 Ἀ
1120 818 1434 899 βουλόμεθα.
1466 824 1539 883 Θ.
1565 818 1600 878 ἃ
1632 816 1877 899 βουλεύο-
2044 833 2142 876 337.
2185 812 2246 873 τὸ
2286 816 2479 896 βλέμμ’
2508 818 2665 875 αὐτοῦ
2691 836 2707 877 2
2738 814 2937 884 Αὐτοὺς
2961 816 3079 885 τούς
3109 820 3430 901 ὀφθαλμούς.
3457 835 3526 886 Ρ.
3554 764 3581 805 ⁵

314 936 431 993 μαι.
462 917 528 972 Ρ.
1965 898 2106 960 κατὰ
2137 901 2318 983 χώραν
2344 901 2400 963 δὲ
2433 904 2549 963 ἀντὶ
2572 909 2663 963 τοῦ
2690 902 2829 963 κατὰ
2852 903 2913 962 τὸ
2935 903 3158 985 πρέπον.
3183 918 3242 966 R.
3268 908 3407 969 κατὰ
3425 909 3533 990 χώ-

392 1020 491 1061 ³⁶1.
536 1000 822 1081 σφαλῶμεν
854 1017 870 1058 :
902 994 1326 1076 Ἀστοχήσωμεν,
1364 992 1714 1072 ἀποτύχωμεν
1755 989 1880 1052 τού-
1969 1012 2065 1071 ραν
2092 988 2205 1069 ἔχει
2233 1011 2247 1051 :
2282 991 2440 1052 Κατὰ
2471 991 2531 1050 τὸ
2558 990 2880 1064 καθεστηκὸς
2920 992 3012 1051 καὶ
3038 997 3109 1060 ὣς
3135 994 3233 1056 δεῖ.
3271 1009 3366 1058 Dv.
3390 997 3533 1058 κατὰ

309 1113 426 1149 του.
445 1090 518 1149 Θ.
547 1098 613 1147 Ρ.
652 1084 1007 1167 ἐπιτετρῖφθαι
1037 1104 1052 1143 t
1082 1086 1255 1144 Τοῦτο
1286 1073 1400 1141 εἶπε
1427 1080 1774 1163 φοὸούμενος,
1802 1079 1877 1159 μὴ
1967 1076 2133 1147 τάξιν.
2160 1077 2225 1137 Ρ.

231 1197 284 1239 ιο
314 1173 596 1255 ἀποτυχὼν
624 1173 798 1255 ἐγείρῃ
827 1172 919 1231 τὸν
940 1170 1042 1232 Δία
1062 1170 1190 1253 πρὸς
1210 1168 1388 1251 ὀργὴν,
1406 1169 1499 1229 καὶ
1522 1168 1765 1249 ἐπιτρίὸῃ
1786 1171 1882 1227 αὐ·
2049 1194 2147 1235 aoe.
2192 1173 2436 1247 ἐπίδηλόν
2475 1198 2529 1233 τι
2581 1195 2596 1236 :
2645 1175 2787 1258 ’ᾼλλ’
2842 1173 2955 1234 ἔστι
3002 1175 3065 1235 τὸ
3113 1177 3329 1257 βλέμμα
3373 1183 3533 1242 αὐτοῦ
3564 1204 3614 1246 10

311 1263 450 1332 τούς·
475 1276 635 1340 lunt,
664 1281 719 1327 1>-
745 1265 1093 1343 ἀφανισθῆναι
1119 1257 1257 1337 λέγω
1278 1260 1565 1326 παντελῶς.
1592 1262 1662 1320 Θ·
1684 1262 1731 1310 Ρ
1733 1304 1748 1317 ·
1970 1261 2149 1340 ὅμοιον
2171 1260 2626 1344 πεπανουργηκότι
2655 1261 2940 1342 βλέμματι.
2974 1299 3044 1310 —-
3087 1265 3334 1338 ἐπίδηλον
3360 1288 3375 1329 :
3408 1272 3535 1330 ψα-

398 1351 477 1430 (τὸ
503 1347 760 1431 παράπαν
800 1369 814 1409 :
845 1348 984 1408 Ἀντὶ
1023 1352 1116 1407 τοῦ
1160 1347 1484 1423 παντελῶς,)
1519 1346 1659 1404 κατὰ
1706 1344 1883 1404 πάντα
1972 1349 2135 1431 νερόν.
2170 1364 2268 1411 Dv.
2302 1350 2758 1432 πεπανουργηκότι
2789 1371 2804 1412 :
2838 1354 2998 1433 Αὐτῷ
3025 1354 3343 1434 πανουργίαν
3373 1357 3538 1438 ἔργα·
3565 1335 3580 1346 ·

311 1438 528 1520 τρόπον,
554 1436 608 1506 ἐξ
635 1436 937 1518 ὁλοκλήρου.
968 1435 1201 1495 Ἀττικὸν
1229 1433 1290 1493 τὸ
1323 1438 1527 1515 σχῆμα.
1569 1430 1781 1515 ἀρέσκει
1818 1455 1885 1510 με

351 1525 385 1586 ά
520 1547 593 1584 σι.

230 1645 286 1684 1⁶
312 1549 350 1606 γ
390 1549 724 1694 Ξοῗφορτίον
757 1630 771 1671 :
800 1608 881 1670 Τὸ
906 1608 1064 1690 βάρος
1086 1607 1216 1688 πρὸς
1242 1607 1271 1667 ὃ
1299 1606 1652 1687 δυσχεραίνεις
1664 1604 1755 1666 καὶ
1778 1608 1889 1665 δει-

314 1702 451 1781 λιᾷς.
488 1714 550 1760 Ρ.
581 1697 642 1758 τὸ
685 1705 928 1778 πρᾶγμα.
966 1707 1062 1755 Br,
1089 1694 1151 1753 τὸ
1177 1693 1384 1774 φορτίον
1409 1695 1567 1774 διχῶς
1579 1692 1805 1773 λέγεται.
1828 1691 1890 1752 τὸ

320 1787 494 1869 βάρος.
518 1784 724 1869 φορτίον
751 1784 844 1844 καὶ
869 1788 904 1855 ἡ
935 1783 1149 1865 μέμψις.
1176 1803 1237 1849 Ρ.

397 1893 495 1935 333.
540 1872 753 1954 ἀρέσκει
784 1892 800 1931 :
834 1872 1074 1951 Ἀρεστὸν
1103 1870 1223 1948 ἐμοὶ
1247 1870 1404 1930 δοκεῖ.
1434 1868 1678 1949 ἐξαίφνης
1709 1868 1841 1949 ἄγαν
1873 1889 1888 1930 2

250 1995 260 2004 ·
319 1961 640 2043 Παραυτίκα
660 1959 799 2020 λίαν.
831 1965 894 2019 Ρ.
924 1958 1016 2018 καί
1046 1959 1100 2036 μ’
1125 1959 1222 2019 οὐκ
1245 1959 1331 2038 ἀρ.
1365 1978 1380 2017 :
1414 1957 1593 2036 Ἐμοί.
1620 1969 1719 2017 Br.

228 2086 293 2128 20
400 2071 499 2111 334.
542 2048 706 2116 οὕτως
730 2068 744 2109 :
771 2046 867 2114 Ὦς
887 2046 1070 2129 ᾄδεται
1098 2045 1190 2105 καὶ
1205 2049 1277 2113 ὡς
1306 2043 1458 2112 αὐτὸς
1477 2043 1660 2123 λέγεις.
1686 2046 1757 2105 Θ.
1786 2057 1887 2106 Dv.

324 2153 390 2201 P.
415 2130 484 2198 αὗ
507 2137 793 2198 δεδοικέναι
822 2158 837 2197 2
865 2135 1042 2196 Πάλιν
1064 2135 1281 2206 δειλιᾶν,
1309 2133 1599 2215 φοὸεῖσθαι.
1620 2144 1682 2191 Ρ.

1974 1438 2202 1593 ww·
2238 1450 2302 1500 P.
2335 1437 2812 1521 πεπανουργευκότι
2851 1461 2867 1500 z
2909 1440 3023 1500 ἀντὶ
3052 1447 3143 1501 τοῦ
3168 1451 3539 1526 πεπανουργη-

2121 1572 2135 1585 .
2160 1537 2218 1585 R.

2056 1633 2151 1673 333.
2192 1604 2287 1672 οἶδ’
2311 1611 2340 1672 ὃ
2370 1612 2583 1696 κρώζεις
2610 1632 2625 1674 :
2653 1611 2729 1674 ⁶0
2767 1618 2890 1696 βοᾷς
2913 1613 2941 1674 ὃ
2968 1613 3149 1693 λέγεις.
3173 1629 3236 1675 V.
3276 1618 3535 1701 παροιμία
3569 1633 3616 1672 ¹⁵

1978 1700 2066 1760 ἐπὶ
2088 1704 2192 1759 τῶν
2217 1700 2390 1777 μάτην
2419 1699 2763 1783 θρυλούντων,
2791 1706 2864 1768 ὡς
2891 1706 2946 1761 αἱ
2971 1707 3223 1785 κορῶναι·
3251 1707 3385 1782 (ἀντὶ
3415 1714 3536 1782 τοῦ,

1980 1787 2042 1846 σὺ
2068 1787 2176 1846 ἄνω
2198 1787 2290 1847 καὶ
2313 1787 2459 1847 κάτω
2481 1788 2713 1869 περὶτοῦ
2737 1789 3043 1871 κεκλοφέναι
3065 1813 3156 1868 μοι
3178 1792 3436 1874 διαλέγῃ.)
3460 1831 3541 1841 -

1979 1873 2249 1954 γινώσκω,
2270 1875 2349 1934 διὸ
2368 1879 2551 1957 φωνεῖς
2566 1920 2583 1951 ,
2607 1874 2835 1958 ἀκαίρως
2857 1874 3052 1957 φθέγγῃ
3072 1877 3164 1937 καὶ
3181 1881 3354 1958 ὀχλεῖς
3371 1886 3537 1959 ἡμᾶς,

1980 1968 2051 2031 ὣς
2073 1963 2295 2044 κορώνη.
2320 1976 2379 2023 Θ.
2404 1976 2505 2024 Dv.
2533 1974 2598 2024 P.

2062 2060 2133 2126 ὧς
2157 2062 2285 2136 ἐμοῦ
2312 2083 2364 2118 τι
2394 2057 2704 2140 κεκλοφότος
2740 2079 2756 2119 ε
2785 2058 2867 2120 Τὸ
2892 2062 2964 2126 ὣς
2999 2062 3095 2120 οὐκ
3135 2060 3273 2120 ἔστιν
3318 2064 3531 2125 ἐνταῦθα
3551 2084 3604 2124 20

1983 2145 2099 2205 ἀντὶ
2125 2152 2218 2204 τοῦ
2245 2144 2353 2218 ὅτι,
2381 2150 2453 2213 ὡς
2474 2145 2670 2206 οἴονταί
2694 2170 2852 2214 τινες’
2878 2149 2936 2206 οὐ
2959 2147 3062 2227 γάρ
3086 2149 3198 2205 ἐστι
3223 2148 3351 2228 πρὸς
3371 2151 3432 2210 τὸ
3458 2155 3543 2226 ζη·

1981 2238 2085 2301 τεῖς
2103 2233 2243 2293 ἀλλὰ
2267 2233 2396 2315 πρὸς
2413 2233 2475 2293 τὸ
2500 2232 2834 2315 κεκλοφότος·
2854 2233 2946 2294 καὶ
2968 2233 3110 2294 ἔστιν
3131 2235 3247 2294 ἀντὶ
3264 2242 3355 2295 τοῦ
3378 2239 3515 2298 καθά
3528 2264 3542 2278 ·

1983 2320 2170 2390 στίζων
2197 2312 2286 2381 οὖν
2321 2320 2450 2403 πρὸς
2469 2321 2530 2381 τὸ
2557 2320 2796 2404 κρώζεις,
2823 2319 2884 2380 τὸ
2915 2322 3098 2381 λοιπὸν
3133 2321 3254 2403 λέγε
3279 2347 3546 2403 κομματι-

1982 2414 2104 2477 κῶς.
2129 2421 2265 2469 sunt.

1929 1415 1935 1442 ί

402 2247 502 2288 353.
544 2224 672 2308 πρὸς
706 2246 719 2284 :
750 2221 1034 2305 Περισσόν.
1060 2233 1154 2280 Br.
1176 2219 1354 2303 ἀργόν.
1372 2231 1434 2279 Ρ.
1458 2225 1494 2291 ἡ
1515 2218 1646 2297 πρός
1669 2219 1893 2299 περισσὴ
1928 1527 1947 2539 ἲ

323 2312 589 2380 Ἀττικῶς.
611 2311 723 2370 ἔστι
735 2311 864 2369 ἴδιον
892 2312 1010 2382 δηλ.
1042 2314 1229 2368 κακοῦ.
1250 2318 1311 2368 Ρ.
1339 2306 1523 2388 ἀνδρὸς
1549 2327 1564 2367 z
1587 2301 1752 2366 Ἴδιόν
1765 2309 1893 2365 ἐστι.

324 2408 423 2461 Dv.
469 2412 527 2459 P.
555 2398 692 2479 ὑγιές
718 2419 733 2459 :
765 2394 993 2469 Ἀληθές.
1012 2408 1107 2457 Dv.
1131 2392 1300 2476 ὀρθόν.
1332 2392 1677 2475 εἰργασμένου
1703 2413 1718 2454 :
1741 2393 1896 2475 Πρά-

230 2502 296 2543 ²⁵
324 2485 606 2598 emm-‘R
635 2485 767 2596 ξρὸς
788 2484 972 2565 ἀνδρὸς
1001 2505 1015 2545 ²
1043 2483 1119 2592 :H
1139 2481 1269 2563 πρός
1287 2485 1513 2588 ἐξαῦθῆ
1535 2480 1653 2587 οὔξῑ
1666 2482 1893 2562 περισσή
2062 2524 2160 2566 370.
2205 2508 2374 2577 ζητεῖς
2410 2503 2729 2583 μεταλαὸεῖν
2772 2523 2787 2564 :
2812 2508 2926 2577 Τῆς
2956 2507 3173 2578 κλοπῆς.
3201 2520 3260 2566 Θ.
3289 2519 3387 2570 Dv.
3411 2511 3541 2592 χρή·
3572 2519 3626 2558 2⁵

325 2578 491 2651 ἔστιν,
516 2599 586 2642 ως
611 2572 809 2632 οιονταί
822 2594 985 2644 τινες,
1009 2593 1127 2629 ουτε
1151 2568 1266 2628 ἀντὶ
1288 2592 1383 2640 της
1411 2572 1513 2627 ὑπο
1532 2591 1735 2641 κειται,
1755 2567 1894 2628 ἀλλὰ
3489 2579 3498 2592 ·

1950 4326 1967 5061 ὐ

510 2667 544 2682 ...
818 2659 831 2683 Ι
1571 2660 1598 2674 ..
1680 2665 1691 2677 ⁸
1984 2597 2085 2662 ζεις
2123 2596 2462 2665 κοινωνῆσαι,
2506 2594 2807 2672 μετασχεῖν.
2851 2593 3169 2670 μεταλαὸεῖν
3211 2615 3226 2655 :
3260 2599 3432 2658 Τοῦτο
3459 2600 3546 2660 διὰ

324 2662 386 2722 τὸ
409 2668 637 2735 καθηκον
661 2681 925 2739 σημαινει·
950 2662 1020 2725 ὣς
1046 2657 1137 2717 καὶ
1158 2655 1307 2738 παρὰ
1336 2658 1593 2738 Σοφοκλει
1616 2662 1714 2728 [AJ.
1740 2663 1839 2729 581]
1985 2679 2147 2759 μέσου
2171 2678 2394 2761 εἴρηται·
2416 2678 2550 2747 τίνος
2575 2699 2590 2739 2
2625 2680 2963 2761 deyparoc.
2997 2692 3061 2742 p·

640 2768 695 2816 οὐ
708 2766 821 2830 πρὸς
839 2767 1001 2828 ἰατροῦ
1017 2766 1166 2827 σοφοῦ

679 2841 701 2853 -
891 2834 904 2849 ,
2063 2788 2162 2830 37ῐ.
2206 2771 2264 2827 οὐ
2293 2774 2524 2828 τοιοῦτον
2553 2788 2568 2828 1
2594 2767 2671 2828 ⁶0
2701 2768 2764 2827 σὺ
2794 2771 3042 2836 ὑπονοεῖς.
3068 2782 3126 2829 Θ.
3152 2783 3215 2829 Ρ.

578 2839 725 2903 θροειν
749 2836 949 2900 ἐπῳδας.
1026 2859 1037 2877 ι

237 2952 301 2996 ³0
410 2947 512 2989 333.
554 2929 666 2993 πῶς
687 2926 787 2983 κτλ
813 2944 829 2983 :
861 2919 1025 2983 Ἴδιον
1048 2919 1232 3002 ἀνδρὸς
1255 2917 1618 3000 εἰργασμένου.
1651 2938 1717 2987 Ρ.

410 3034 510 3075 357.
542 3013 687 3086 ἥκεις
708 3033 723 3073 z
747 3001 960 3077 ’Ἧλθεᾳ
983 3019 1047 3067 Ρ.
1070 3005 1313 3090 ἀργύριον
1337 3006 1372 3078 ἢ
1392 3004 1605 3089 χρυσίον
1635 3026 1650 3065 t
1675 3004 1740 3065 Ἃ
1767 3008 1896 3065 ἂνα-

325 3100 559 3162 τιθέασιν
589 3101 851 3180 ἄνθρωποι
875 3100 954 3178 τῷ
981 3099 1102 3177 θεῷ.
1133 3108 1230 3154 Dv.
1256 3107 1319 3154 P.

411 3210 508 3250 338.
550 3187 676 3254 ἴσως
715 3206 730 3247 :
776 3184 959 3264 Τάχα.
999 3180 1283 3259 μεταμέλει
1321 3202 1335 3242 :
1379 3182 1725 3260 Μεταμέλεια
1758 3180 1897 3262 γίνε-

328 3300 423 3337 ται
449 3281 544 3347 τῆς
564 3277 780 3345 κλοπῆς.
804 3284 863 3332 Θ.
883 3282 946 3329 Ρ.
979 3267 1265 3347 μεταμέλει
1291 3266 1408 3327 ἀντὶ
1429 3272 1520 3326 τοῦ
1549 3269 1898 3350 μεταφροντί-

241 3393 303 3433 ³³
333 3368 438 3434 ζεις
464 3361 782 3445 φοὸούμενος
801 3359 864 3419 τὸ
890 3359 1109 3418 ἁλῶναι.
1132 3369 1189 3416 Θ.

413 3472 513 3512 339.
559 3448 879 3531 ἀποτρόπαιε
927 3467 941 3506 :
979 3444 1074 3513 Ὡς
1114 3447 1168 3504 ἐν
1206 3441 1424 3524 ἀρνήσει
1463 3442 1645 3525 εἴληφε
1686 3442 1780 3516 τὴν
1805 3448 1898 3504 τοῦ

331 3544 455 3597 θεοῦ
478 3537 773 3607 ἐπίκλησιν.
799 3568 879 3579 —-
905 3528 1214 3603 ἀποσοὸητὰ
1236 3534 1339 3590 τῶν
1373 3535 1569 3590 κακῶν.
1599 3544 1658 3593 Θ.
1695 3545 1795 3593 Dv.
1830 3544 1894 3592 P.

331 3625 420 3686 Δί’
450 3624 555 3705 ἐγὼ
585 3627 679 3703 μὲν
704 3625 763 3682 οὐ
787 3645 802 3683 :
832 3619 1004 3683 Οὐδὲν
1032 3625 1261 3679 τοιοῦτον
1285 3618 1528 3690 ἐποίησα.
1556 3630 1619 3677 Ρ.

416 3731 516 3772 330.
562 3713 807 3792 φλυαρῶν
833 3728 848 3768 :
879 3708 1297 3789 Περισσολογῶν.
1326 3696 1443 3764 οἶδα
1469 3725 1483 3766 :
1516 3703 1769 3767 Γινώσκω
1794 3728 1900 3786 φα-

244 3829 307 3869 40
335 3803 523 3881 νερῶς,
544 3797 624 3857 ὅτι
653 3795 1063 3878 ἐπανούργησας.
1094 3806 1157 3853 Ρ.
1184 3793 1264 3852 ὅτι
1290 3792 1747 3876 πεπανούργηκας.
1777 3806 1838 3854 Θ.

420 3907 518 3947 331.
561 3885 767 3945 ὑπονόει
801 3906 816 3945 t
846 3882 1160 3944 Ὑπόπτευε.
1189 3894 1249 3941 Θ.
1284 3892 1343 3938 Ρ.
1379 3884 1499 3962 (φεῦ
1537 3903 1551 3942 :
1583 3882 1905 3942 Ἀποδυσπε-

338 3983 449 4049 τεῖ,
476 3978 545 4041 ὣς
570 3971 866 4054 ἠρνημένου
890 3969 1170 4052 Χρεμύλου
1191 3968 1253 4029 τὸ
1274 3967 1661 4049 κακούργημα.)

424 4082 523 4122 333.
569 4059 707 4139 ὑγιές
749 4064 889 4119 ἐστιν
930 4057 1132 4125 οὐδενὸς
1170 4076 1184 4116 2
1227 4056 1441 4128 Οὐδεὶς,
1492 4055 1547 4123 ὃς
1587 4056 1728 4115 δοκεῖ
1766 4054 1903 4134 ἔχειν

2063 2888 2160 2929 872.
2204 2868 2451 2948 ἥρπακας
2492 2888 2507 2927 :
2553 2867 3066 2935 Κατεδυνάστευσας.
3111 2870 3497 2949 κακοδαιμονᾶς
3527 2894 3545 2935 t

1986 2954 2196 3035 Μαίνῃ,
2227 2955 2402 3023 ἄθλιος
2424 2946 2475 3013 εἶ
2494 2954 2585 3014 καὶ
2611 2954 2974 3031 κακοδαίμων.
3006 2967 3070 3016 Ρ.
3275 2990 3280 2995 ·
3448 2932 3459 2954 ⁶
3571 2984 3626 3026 ³0

2063 3072 2159 3113 373.
2202 3050 2564 3133 ἀπεστέρηκας
2588 3069 2604 3110 t
2630 3050 2928 3130 Ἀποστερῶ
2957 3050 3117 3124 ἐστὶν,
3144 3050 3268 3111 ὅταν
3294 3076 3550 3132 παρακα-
3619 3092 3626 3103 ·

1983 3139 2217 3213 ταθήκην
2250 3139 2387 3205 τινὸς
2418 3137 2599 3198 λαὸὼν
2636 3141 2706 3205 εἰς
2743 3137 2994 3210 διαὸολὴν
3029 3138 3288 3218 χωρήσω,
3331 3141 3421 3201 καὶ
3455 3146 3551 3204 οὐκ

1985 3227 2146 3287 ἐθέλω
2170 3226 2366 3286 διδόναι
2388 3228 2558 3307 αὐτῷ,
2581 3224 2615 3283 ἃ
2637 3223 2847 3286 ἔλαὸον.
2864 3236 3002 3285 sunt.
3023 3238 3118 3285 Dv.
3145 3226 3510 3308 ἀπεστέρηκας
3533 3250 3549 3291 :

1986 3315 2140 3383 Τινὸς
2164 3313 2423 3387 δηλονότι.
2454 3325 2513 3373 Θ.
2541 3311 2679 3380 τινὸς
2709 3312 2894 3372 οὐδένα
2921 3313 3211 3394 ἄνθρωπον.
3243 3326 3308 3375 Ρ.

2066 3432 2164 3474 374.
2208 3414 2267 3472 οὐ
2315 3411 2428 3483 δῆτ’
2479 3431 2494 3470 :
2535 3411 2830 3488 Οὐδαμῶς,
2873 3409 3096 3481 ἐποίησα
3138 3410 3256 3482 δηλ.
3300 3400 3346 3470 ὦ
3381 3411 3547 3493 Ἥρά-
3579 3433 3630 3472 33

1987 3505 2165 3569 κλειςτ
2193 3503 2331 3562 Φεῦ.
2357 3511 2421 3560 Ρ.
2448 3496 2606 3580 φέρει
2631 3494 2704 3557 Τί
2722 3496 2786 3556 ἄν
2808 3521 2886 3565 τις
2907 3496 3260 3580 είποιὲτερονς
3281 3511 3342 3560 Θ.
3370 3512 3468 3560 Dv.
3486 3513 3550 3562 P.

2068 3610 2164 3651 375.
2207 3587 2405 3670 φράσαι
2433 3608 2447 3648 :
2477 3590 2683 3648 Είπεῖν.
2710 3597 2772 3644 Ρ.
3316 3616 3322 3623 ·

2069 3705 2165 3746 373.
2209 3687 2514 3764 κατηγορεῖς
2550 3702 2564 3743 2
2596 3681 2705 3743 Ναὶ
2733 3682 2793 3740 οὐ
2829 3679 2965 3740 θέλω
3000 3682 3119 3752 δηλ.
3150 3680 3275 3762 πρὶν
3320 3687 3504 3760 μαθεῖν
3534 3705 3552 3745 t

1990 3772 2109 3856 Πρὸ
2135 3778 2227 3833 τοῦ
2255 3771 2525 3855 γνωρίσαι.
2556 3793 2656 3849 μου
2685 3790 2700 3831 :
2731 3767 2979 3830 Σύναπτε
3004 3768 3064 3827 τό
3088 3791 3188 3846 μου
3217 3769 3346 3849 πρὸς
3373 3770 3433 3830 τὸ
3455 3795 3552 3832 κα-

1989 3865 2240 3943 τηγορεῖς.
2265 3872 2328 3920 Ρ.
3580 3875 3632 3915 ⁴0

2071 3978 2167 4020 377.
2213 3954 2347 4038 [ἐγώ
2371 3978 2453 4015 σοι
2480 3953 2617 4014 τοῦτ’
2644 3952 2749 4012 ἀπὸ
2774 3958 2999 4033 σμικροῦ
3026 3973 3040 4013 t
3070 3951 3166 4020 Ὦς
3186 3953 3315 4034 πρὸς
3337 3956 3552 4036 εὖρηκό·

1992 4071 2061 4106 τα
2090 4051 2124 4118 ἡ
2168 4043 2404 4113 διάλεξις.
2433 4066 2473 4123 χ
2505 4048 2629 4115 ῆται
2657 4039 2713 4100 δὲ
2741 4044 2807 4121 τῇ
2837 4041 3151 4113 πηλικότητι
3178 4039 3294 4099 ἀντὶ
3320 4041 3555 4114 ποσότη-

1995 4134 2127 4215 τος]
2150 4169 2229 4179 --
2255 4122 2299 4191 ὦ
2317 4141 2415 4190 τᾶν
2443 4066 2558 4191 τΕὮ
2583 4128 2719 4211 φίλε.
2748 4134 2970 4209 σμικροῦ
2997 4150 3011 4189 :
3038 4127 3272 4205 Ὀλίγου.
3294 4139 3355 4187 Ρ.
3375 4129 3513 4189 τοῦτ’
3537 4150 3552 4190 :

1994 4223 2072 4283 Ὀ
2100 4219 2554 4300 πεπανούργηκας.
2586 4221 2810 4295 σμικροῦ
2837 4235 2852 4276 :
2882 4213 3264 4295 Ἀναλώματος.
3289 4229 3385 4276 Dv.

2076 4329 2173 4369 378.
2214 4306 2374 4366 ἐθέλω
2404 4329 2418 4368 :
2461 4304 2676 4384 Χρῄζω.
2707 4315 2772 4361 Ρ.
2803 4301 3085 4384 διαπρᾶξαι
3126 4324 3141 4364 :
3170 4306 3549 4381 Οἰκονομῆσαι.
3581 4326 3632 4365 ⁴³5

1996 4395 2250 4455 πυθέσθαι
2278 4414 2292 4453 :
2324 4394 2544 4464 Μαθεῖν,
2569 4395 2810 4450 ἀκοῦσαι.
2841 4402 2932 4447 Dv.

337 4149 738 4226 πλεονέκτημα,
768 4150 956 4227 ἀρετῆς
996 4149 1152 4223 ὑγιῶς
1191 4142 1323 4224 ἔχει.
1369 4177 1448 4188 ·—-
1484 4142 1713 4203 Πλάτων
1756 4142 1904 4203 Φαί-

249 4268 315 4308 ⁴2>
347 4239 474 4297 δωνι
498 4244 569 4311 [p.
599 4257 668 4308 37,
686 4242 759 4307 1)]
785 4262 810 4287 α
833 4235 1086 4293 τελευτῶν
1111 4230 1176 4303 δὴ
1205 4228 1350 4308 θαμὰ
1386 4229 1722 4311 προσκρούων
1765 4232 1911 4308 μισεῖ

344 4349 404 4387 τε
430 4324 522 4384 καὶ
547 4323 750 4390 πάντας
775 4327 982 4398 ἡγεῖται
1014 4318 1217 4385 οὐδενὸς
1243 4316 1389 4376 οὐδὲν
1416 4316 1555 4396 ὑγιὲς
1588 4308 1719 4377 εἶναι
1740 4342 1905 4377 τοπα-

348 4413 544 4496 ράπαν.
573 4439 600 4465 n
627 4422 761 4470 suut.
789 4412 1021 4489 ἀτεχνῶς
1041 4406 1179 4487 ὑγιές
1204 4428 1219 4468 ;
1246 4408 1504 4487 Φανερῶς
1526 4405 1728 4479 ἀληθές.
1751 4418 1814 4468 Θ.
1848 4419 1909 4465 Ρ.

347 4500 552 4567 οὐδενὸς
575 4520 590 4559 2
621 4495 937 4580 Ἀνθρώπου.
965 4507 1027 4555 Ρ.

428 4609 527 4651 333.
570 4586 780 4668 κέρδους
906 4583 1116 4656 ἥττονες
1160 4603 1175 4643 ε
1206 4580 1506 4660 Νικώμενοι
1529 4579 1631 4638 ὕπὸ
1669 4585 1761 4639 τοῦ
1787 4579 1910 4661 κέρ-

256 4706 323 4748 ω
351 4678 501 4750 δους,
521 4673 703 4757 ὥσπερ
738 4665 885 4740 οὗτος
924 4676 1151 4744 ἡττᾶται
1178 4669 1272 4728 καὶ
1307 4667 1367 4728 τὸ
1412 4664 1600 4740 ἀληθὲς
1627 4670 1721 4727 οὐκ
1749 4668 1912 4727 έθέλει

475 4788 541 4825 ιν.
566 4777 626 4824 θ.
655 4783 719 4831 Ρ.

347 4765 530 4914 λέξοι.
575 4849 825 4932 ι’)γιαίνειν
854 4872 944 4929 μοι
971 4849 1138 4914 δοκεῖς
1171 4866 1186 4907 :
1212 4844 1370 4908 Ἐπεὶ
1397 4847 1615 4904 τοιαῦτα
1642 4842 1760 4903 κατ’
1784 4843 1912 4919 ἐμοῦ

257 4954 270 4966 ’
351 4938 679 5009 ὓποπτεύεις.
697 4951 760 5003 Θ.
789 4948 926 4999 sunt„
951 4934 1093 4999 οὔτοι
1120 4957 1136 4997 :
1165 4935 1449 5013 Οὐδαμῶς.
1479 4932 1676 4999 δοκεῖςε
1701 4930 1909 4992 Φαίνει.

353 5040 534 5097 Patis-

2061 4512 2178 4552 «379.
2221 4489 2282 4549 τὸ
2311 4487 2461 4566 στόμ’
2497 4486 2750 4553 έπιὸύσας
2780 4506 2794 4545 :
2825 4484 3097 4566 (Φράξας·
3124 4484 3239 4546 ὅθεν
3275 4491 3303 4546 ὁ
3344 4485 3492 4566 βυθὸς
3525 4490 3554 4547 ὅ

1998 4578 2380 4662 πεφραγμένος.
2404 4576 2627 4636 τείνεται
2656 4575 2708 4635 δὲ
2733 4574 2864 4657 πρὸς
2885 4573 3003 4642 τοὺς
3031 4574 3274 4657 ῥήτορας,
3299 4574 3412 4633 ἐπεὶ
3437 4572 3555 4633 εἰώ-

2000 4672 2122 4726 θασι
2165 4666 2271 4733 τοῖς
2312 4663 2527 4745 ἕρμαιον
2571 4660 2987 4745 κεκληρωμένοις
3030 4661 3442 4744 ἐπιφορτίζεσθαι
3486 4667 3555 4730 ὡς

2001 4755 2289 4836 κοινωφελῆ
2316 4760 2503 4833 μοῖραν
2527 4757 2616 4810 τοῦ
2640 4749 2946 4832 εὑρημένου.
2976 4749 3201 4832 κέρμασι
3225 4749 3282 4809 δὲ
3307 4751 3412 4818 τοῖς
3433 4749 3552 4832 κε’ρ-
3580 4777 3632 4817 ω

2002 4845 2156 4920 δεσι.)
2200 4839 2454 4906 ἐπιὸύσας
2497 4860 2510 4899 :
2558 4838 2675 4898 ἀντὶ
2714 4844 2807 4897 τοῦ
2845 4836 3153 4907 ἐπιπλήσας.
3204 4840 3274 4905 ὡς
3309 4833 3556 4919 Ὅμηρος

2005 4939 2119 5003 [od.
2145 4943 2211 5001 Δ,
2240 4935 2334 5000 134]
2357 4957 2379 4980 σι
2404 4926 2633 5003 νήματος
2658 4928 2910 4998 ἀσκητοῖο
2934 4925 3269 5006 βεὸυσμένον.
3293 4952 3314 4976 υ
3341 4937 3398 4984 R.
3421 4925 3555 4985 κλεί-

2007 5041 2116 5085 σας.
2141 5029 2197 5076 Θ.
2225 5019 2322 5076 Dv.
2363 5027 2426 5076 P.
2457 5014 2683 5097 κέρμασι
2713 5036 2726 5075 :
2758 5012 3088 5093 Νομίσμασι.
3124 5026 3222 5074 Dv.
3248 5011 3552 5094 δωρήμασι,
