3859 5725
351 258 411 299 n
1719 228 2127 290 PRAEFATIO

343 388 486 447 quas
528 382 880 445 apponerem
929 364 1220 423 interdum
1266 364 1501 422 modum
1538 360 1871 419 adhiberem
1960 378 2091 419 nem
2122 362 2245 419 suis
2268 361 2535 439 'ipsorum
2573 373 2799 419 auctam
2823 358 3229 417 additamentis
3264 359 3324 417 in
3360 376 3485 416 ean

346 453 536 513 verbis
585 454 694 510 viri
735 452 960 523 eximii,
1001 471 1173 529 quem
1216 463 1417 508 notum
1459 460 1546 506 est
1584 464 1700 504 non
1739 466 1873 503 raro

343 544 530 621 longis
571 541 880 599 verborum
922 539 1258 616 ambagibus
1301 558 1368 597 ea
1401 539 1464 597 in
1491 537 1719 614 scriptis
1756 536 1874 594 suis

343 631 706 708 exposuisse,
734 646 863 705 quae
887 628 1010 685 sine
1035 627 1155 685 ulio
1185 629 1466 684 lectorum
1504 620 1873 681 incommodo

341 719 682 777 brevissima
712 715 974 774 oratione
1005 715 1240 792 transigi
1269 724 1555 791 poterant.

421 806 654 868 Scholia
687 805 747 862 in
776 801 974 861 Nubes
1018 807 1069 860 J.
1107 808 1173 862 A.
1197 801 1426 861 Ernesti
1457 799 1639 857 edidit
1665 798 1875 874 Lipsiae

341 916 391 953 a.
444 896 594 967 ¹754
644 910 776 950 cum
821 891 1184 970 praefatione,
1219 909 1334 967 qua
1371 888 1444 946 de
1485 885 1874 945 discernendis

343 983 700 1041 diversorum
760 978 1266 1056 grammaticorum
1325 974 1558 1033 scholiis
1604 971 1874 1029 disseruit

342 1068 887 1142 emendationesque
922 1066 1185 1121 locorum
1236 1060 1600 1140 quorundam
1647 1076 1874 1136 propo-

341 1158 456 1215 suit
481 1178 494 1212 =
523 1167 655 1233 post
694 1152 1022 1212 Ernestium
1055 1156 1422 1210 Hermannus
1462 1162 1509 1205 a.
1561 1165 1740 1221 1799,
1766 1145 1875 1203 ite-

343 1263 585 1321 rumque
612 1262 664 1300 a.
710 1242 877 1313 1830,
905 1239 1005 1316 qui
1047 1240 1174 1317 ipse
1215 1256 1447 1315 quoquo
1490 1234 1762 1303 nonnulla
1802 1252 1874 1289 ex

341 1331 675 1408 conjectura
723 1327 1084 1402 enrendavit,
1126 1326 1238 1383 alia
1275 1345 1350 1381 ex
1386 1323 1566 1382 Suida
1607 1321 1872 1379 restituit.

342 1420 575 1481 Scholia
625 1418 849 1494 aliquot
888 1426 946 1472 et
983 1414 1320 1492 glossemata
1361 1410 1575 1468 codicis
1618 1407 1874 1466 Nubium

342 1507 638 1567 Leidensis
663 1526 737 1563 ex
764 1503 990 1562 schedis
1019 1500 1348 1560 Ruhnkenii
1374 1498 1557 1556 edidit
1582 1498 1873 1556 Tittman-

342 1616 452 1654 nus
475 1597 628 1654 inter
651 1593 938 1671 Epistulas
959 1589 1088 1667 ejus
1117 1610 1174 1667 p.
1210 1609 1234 1646 ι
1252 1589 1490 1645 18-125.

421 1684 694 1761 Sequitur
723 1693 790 1737 ut
815 1680 888 1737 de
911 1678 1134 1755 orig-ine
1166 1689 1226 1734 et
1252 1675 1672 1752 compositione
1697 1674 1876 1732 scho-

342 1773 551 1830 liorum
602 1771 864 1839 dicatur,
910 1768 986 1825 de
1036 1784 1150 1843 qua
1202 1766 1337 1822 satis
1386 1777 1543 1822 recto
1592 1762 1875 1840 judicavit

340 1866 628 1919 Kusterus
663 1858 773 1936 (ι),
811 1857 922 1915 nisi
949 1854 1110 1933 quod
1147 1868 1259 1911 tres
1289 1854 1484 1931 potius
1526 1871 1700 1928 quam
1731 1851 1875 1909 duas

341 1968 561 2026 ponere
613 1945 864 2005 debebat
916 1943 1352 2002 scholiastarum
1403 1940 1629 1997 classes.
1687 1939 1876 1996 Prima

341 2035 692 2092 scholiorum
744 2032 1119 2090 fundamenta
1173 2030 1330 2106 jacta
1381 2046 1507 2085 esse
1564 2038 1789 2085 constat
1842 2046 1876 2083 a

339 2123 723 2200 grammaticis
763 2118 1195 2189 Alexandrinis,
1228 2134 1475 2192 quorum
1508 2114 1606 2172 alii
1645 2115 1877 2172 Aristo-

342 2211 548 2288 phanis
577 2210 802 2268 fabulas
820 2203 1289 2267 annotationibus
1317 2204 1435 2261 suis
1457 2201 1875 2281 (ὑπομνήμασιν)

341 2301 731 2373 illustrarunt,
759 2298 856 2356 alii
880 2297 955 2354 ad
981 2293 1378 2371 intelligendas
1411 2292 1535 2349 illas
1564 2291 1878 2369 plurimum

341 2388 712 2445 contulerunt
740 2406 847 2465 per
874 2384 1057 2443 libros
1085 2380 1462 2459 amplioribus
1489 2381 1548 2437 in
1574 2396 1879 2454 argumen-

342 2475 412 2532 tis
463 2487 756 2545 versatos,
801 2473 952 2530 inter
994 2488 1141 2548 quos
1193 2488 1315 2545 prae
1350 2467 1564 2534 ,ceteris
1604 2464 1880 2523 celebrati

341 2563 577 2621 suerunt
617 2561 1018 2638 Lycophronis
1061 2570 1121 2615 et
1153 2555 1548 2615 Eratosthenis
1586 2571 1879 2610 commen-

344 2650 473 2706 tarii
500 2646 621 2729 περὶ
649 2645 947 2728 κωμῳδίας.
986 2647 1088 2703 nis
1118 2643 1394 2702 successit
1425 2640 1676 2699 secunda
1700 2640 1876 2697 scho-

343 2737 630 2794 liastarum
661 2736 881 2806 classis,
909 2734 1008 2810 qui
1036 2753 1107 2790 ex
1135 2731 1246 2788 illis
1276 2731 1666 2806 antiquiorum
1687 2744 1880 2804 gram-

342 2824 684 2882 maticorum
701 2823 883 2901 copiis
904 2832 1173 2898 excerpta
1198 2817 1437 2896 (ἐκλογὰς
1462 2812 1879 2893 ὑπομνημάτων)

342 2913 696 2970 conficerent
721 2912 828 2990 (a),
855 2911 1320 2984 scholiorumque
1346 2919 1601 2964 veterum
1641 2901 1882 2978 farragi-

417 3085 485 3148 (ι)
522 3091 580 3134 ln
607 3083 830 3148 praefat:
868 3100 892 3125 α
912 3079 1098 3130 scholia
1132 3075 1414 3128 Masuriana
1451 3072 1629 3136 partim
1663 3084 1693 3121 a
1719 3083 1889 3133 pervo-

345 3155 486 3206 iustis
501 3155 657 3217 iisque
674 3149 926 3202 clarissimi
952 3148 1161 3200 nominis
1181 3143 1534 3208 grammaticis,
1569 3140 1718 3190 veluti
1734 3140 1881 3204 Apol·

350 3228 507 3286 ionio,
535 3224 746 3286 Didymo
763 3261 778 3286 ,
814 3220 1128 3285 symmacho,
1153 3215 1429 3267 Aristarcho
1462 3215 1513 3262 et
1536 3211 1643 3261 aliis
1670 3224 1886 3274 quorum

343 3298 394 3345 in
411 3296 528 3359 ipsis
550 3294 748 3344 scholiis
776 3293 831 3342 flt
848 3292 1030 3341 mentio
1044 3325 1059 3351 ‚
1077 3287 1354 3348 conscripta
1375 3285 1519 3343 sunt,
1543 3293 1656 3345 quas
1679 3281 1880 3344 proinde

342 3382 441 3417 non
473 3370 652 3418 mirum
687 3366 729 3413 si
761 3364 961 3426 optimae
992 3360 1091 3409 sint
1124 3363 1255 3407 ηοω)
1287 3363 1546 3415 veramque
1584 3354 1634 3400 et
1670 3352 1884 3414 priscam

344 3438 473 3488 illam
507 3436 830 3487 eruditionem
859 3432 1083 3494 sapiant;
1103 3428 1281 3492 partim
1306 3426 1530 3475 auctores
1553 3422 1734 3471 hahent
1755 3423 1882 3471 Tho-

343 3522 475 3559 mam
505 3505 786 3569 Magistrum
813 3505 863 3552 et
879 3507 1108 3551 loannem
1127 3500 1331 3548 ‘rzetaen
1363 3489 1580 3554 aliosque
1603 3493 1727 3541 sorte
1750 3485 1888 3543 illius

344 3578 503 3629 aetaus
520 3574 793 3635 Graeculos,
813 3570 990 3635 partim
1010 3569 1154 3619 etiam
1176 3567 1363 3629 abipso
1386 3569 1450 3612 Μ.
1473 3565 1674 3611 Musuro
1699 3559 1815 3612 hino
1832 3567 1881 3612 et

344 3651 459 3700 inde
493 3648 614 3698 mihi
644 3645 934 3707 interpolata
969 3641 1209 3690 videntur.
1246 3641 1318 3687 De
1349 3636 1535 3685 'thoma
1561 3633 1792 3696 Magistro
1831 3636 1881 3682 et

344 3727 527 3771 loanne
552 3721 721 3767 'rr-etas
750 3728 897 3764 omne
926 3711 1132 3762 dubium
1168 3707 1288 3758 mihi
1326 3708 1613 3756 exemerunt
1646 3706 1884 3766 Excerpta

344 3789 642 3843 scholiorum
665 3786 1092 3850 inAristophanem
1109 3796 1172 3831 ex
1186 3779 1352 3830 codice
1371 3776 1717 3828 MS.vaticano
1741 3778 1877 3834 1294,

345 3863 436 3926 qui
467 3862 560 3912 suit
593 3855 840 3922 quondam
880 3853 1034 3905 Fulvii
1069 3849 1256 3910 Ursini,
1303 3847 1516 3911 itemque
1551 3846 1786 3907 Excerpta
1817 3858 1875 3895 ex

346 3934 454 3983 cod.
480 3935 576 3982 MS.
596 3929 827 3979 Urbinate
847 3928 927 3975 141
952 3925 1003 3972 in
1026 3922 1194 3972 eadem
1217 3916 1522 3968 bibtiotheca.
1546 3921 1728 3965 Horum
1749 3914 1884 3963 enim

346 4004 570 4054 codicum
594 3999 770 4063 prioris
801 3996 1033 4058 Exeat-pta
1061 3990 1327 4055 praeferunt
1355 3999 1534 4036 nomen
1554 3985 1756 4034 'rhomae
1783 3989 1881 4033 ua·

347 4075 512 4138 gistri,
536 4067 814 4134 posterioris
827 4103 842 4125 ,
866 4063 1062 4115 loannis
1080 4059 1270 4111 ‘rzetzis
1289 4074 1302 4107 z
1325 4060 1375 4108 in
1393 4056 1571 4119 quibus
1588 4068 1699 4117 quoe
1719 4054 1883 4115 legun-

347 4152 445 4205 tur,
467 4142 680 4193 maxima
705 4152 763 4189 ex
789 4139 926 4201 parte
955 4136 1008 4185 in
1028 4133 1171 4184 editis
1205 4125 1267 4181 ad
1290 4128 1660 4192 Aristophanem
1686 4119 1888 4170 scholiis

347 4213 576 4269 ὠτολεξεὶ
610 4222 807 4273 quoque
842 4208 1121 4256 occurrunt.
1168 4200 1373 4254 scholiis
1413 4199 1548 4249 hisce
1588 4189 1885 4244 Masurianis

347 4282 610 4335 Florentini
639 4282 809 4343 postea
832 4277 883 4326 in
910 4277 1122 4327 editione
1145 4287 1233 4323 sua
1255 4269 1383 4321 haud
1413 4280 1597 4333 pauca,
1625 4265 1678 4313 in
1700 4260 1886 4326 priores

348 4354 619 4418 praesertim
638 4349 903 4401 comoedias
934 4348 1070 4407 (nam
1105 4346 1158 4395 in
1187 4342 1479 4406 posteriores
1511 4337 1598 4386 vix
1621 4334 1883 4398 quicquam

348 4423 486 4474 abiis
509 4421 727 4473 additum
745 4416 1056 4483 deprehendi)
1074 4429 1102 4465 e
1121 4412 1329 4473 vulgatis
1345 4413 1395 4460 et
1413 4408 1543 4459 tritis
1561 4407 1661 4456 sere
1681 4403 1885 4466 scripto-

350 4495 483 4543 ribus
505 4492 680 4554 exiguo
697 4488 944 4539 interdum
958 4483 1149 4547 judicio
1170 4482 1470 4543 adiecerunt.
1498 4497 1523 4520 ι»

410 4567 485 4626 (2)
536 4561 780 4625 Ejusmodi
816 4559 1043 4621 excerpta
1096 4551 1333 4619 significat
1378 4548 1670 4611 subscriptio
1705 4544 1884 4596 codicis

347 4635 519 4686 veneti
557 4635 609 4684 ln
643 4631 740 4683 flue
777 4630 1016 4689 Bubium,
1052 4626 1332 4675 κεκώλιοται
1364 4623 1418 4672 ἐκ
1446 4625 1540 4670 τῶν
1562 4615 1845 4680 Ἡλιοδώρου
1866 4651 1882 4676 ,

348 4708 727 4772 παραγέγραπται
764 4704 818 4751 ἐκ
851 4705 945 4750 τῶν
976 4698 1180 4748 <recivas
1219 4696 1300 4744 καὶ
1339 4696 1403 4743 Συ
1540 4707 1595 4740 ου
1624 4690 1705 4737 καὶ
1732 4688 1884 4735 ἄλλων

347 4779 485 4827 τινῶν
506 4809 521 4837 ,
544 4777 598 4824 ei.
626 4773 676 4823 in
713 4772 807 4821 fine
837 4768 977 4819 Pacis
995 4804 1009 4830 ,
1046 4767 1326 4816 κεκώλισται
1348 4763 1461 4827 πρὸς
1478 4761 1536 4810 τὰ
1564 4757 1845 4820 Ἡλιοδώρου
1865 4790 1883 4817 ,

241 4833 254 4846 ’
350 4846 731 4912 παραγέγραπται
767 4841 822 4889 ἐκ
862 4839 1065 4889 Φαείνου
1104 4837 1185 4885 καὶ
1227 4832 1498 4896 Συμμάχω.
1546 4829 1677 4890 Quot
1711 4823 1884 4875 comici

348 4916 525 4968 sabuloe
548 4912 746 4965 scholiis
776 4909 1023 4960 illustratas
1052 4905 1234 4955 fuerint
1260 4902 1514 4953 nescimus.
1550 4893 1738 4950 Scholia
1769 4894 1884 4944 Hol-

348 4987 526 5037 cadum
560 4983 776 5034 citantur
810 4980 873 5030 ab
910 4977 1063 5028 schol.
1092 4982 1180 5026 Ar.
1209 4978 1326 5025 1283
1357 4973 1406 5023 et
1433 4978 1543 5033 Lys.
1567 4974 1678 5030 722,
1702 4965 1884 5017 scholia

350 5051 618 5108 Danaidum
635 5054 697 5103 ad
714 5054 840 5104 Piut.
863 5054 970 5101 210.
985 5054 1050 5097 Ex
1070 5045 1266 5097 meliis
1280 5043 1642 5107 ‘ragenistamm
1661 5041 1884 5100 excerpta

1960 449 2080 507 fere
2102 464 2217 527 qua
2242 448 2416 507 hodie
2443 445 2659 505 utimur
2675 449 2919 505 formam
2946 446 3307 523 redigerent:
3327 447 3488 523 quod

1962 549 2171 613 quarto
2201 537 2428 594 circiter
2449 536 2731 612 quintove
2752 553 2878 591 aerae
2908 546 3120 591 nostra
3144 535 3343 592 seculo
3363 552 3491 592 eve·

1961 625 2110 682 nisse
2129 644 2314 700 eoque
2333 625 2465 701 ipso
2488 623 2703 680 sactum
2724 621 2955 679 videmur
2977 634 3040 678 ut
3057 622 3303 698 genuina
3329 638 3490 679 coin-

1963 714 2239 771 mentaria
2269 712 2655 772 Alexandrina
2680 724 2901 768 mature
2923 711 3181 786 neglecta
3210 710 3489 788 perirem.

1960 802 2271 858 Recentior
2290 812 2481 858 autem
2503 800 2622 857 haec
2651 798 3000 857 scholiorum
3022 798 3287 856 collectio
3309 817 3488 874 quum

1960 890 2096 946 satis
2153 888 2456 946 commoda
2511 888 2642 945 usui
2697 886 3008 965 legentium
3050 897 3201 943 esset
3233 925 3255 956 ,
3308 885 3493 942 nullas

1960 976 2271 1034 admodum
2327 977 2670 1034 nmtationes
2734 986 2973 1051 experta
3004 1018 3021 1045 ,
3068 985 3353 1050 qnantum
3417 990 3491 1029 ex

1960 1063 2137 1122 Suida
2162 1064 2449 1141 conjicere
2475 1064 2640 1131 licet,
2670 1082 2855 1140 usque
2879 1061 2951 1119 ad
2980 1062 3235 1119 seculum
3264 1058 3493 1118 duode-

1961 1153 2173 1209 cimum
2202 1171 2308 1228 per
2332 1152 2560 1209 codices
2582 1150 2815 1208 videtur
2840 1169 2963 1207 esse
2986 1160 3303 1227 propagata
3328 1169 3343 1203 τ
3372 1158 3495 1224 quo

1965 1253 2225 1316 tempore
2250 1240 2447 1316 augeri
2471 1240 2688 1297 scholia
2709 1238 2907 1295 denuo
2918 1246 3222 1313 eoepemnt
3242 1255 3275 1291 a
3297 1252 3495 1310 gram-

1962 1329 2182 1386 maticis
2211 1328 2564 1404 Byzantinis,
2590 1332 2814 1385 Joanne
2844 1329 3083 1396 Taetza,
3109 1322 3333 1380 Thoma
3360 1326 3495 1379 Ma-

1961 1416 2173 1491 gistro,
2217 1415 2603 1491 Moschopulo
2668 1413 2909 1488 aliisque
2975 1409 3255 1469 Graeculis
3272 1452 3286 1477 ‚
3340 1427 3497 1484 quo-

1963 1518 2091 1559 rum
2112 1516 2287 1578 opera
2308 1503 2426 1560 fere
2447 1501 2506 1559 in
2537 1499 2723 1558 tribus
2750 1499 2953 1576 primis
2983 1497 3192 1555 fabulis
3217 1494 3493 1554 substitit.

1960 1588 2377 1647 Annotationes
2411 1588 2552 1666 ipsae
2591 1598 2707 1644 tam
2745 1585 2976 1643 inutiles
3011 1595 3148 1641 sunt
3189 1595 3246 1640 et
3281 1581 3499 1659 jejunae

1962 1687 2026 1732 ut
2050 1674 2121 1731 ad
2147 1692 2282 1732 suos
2307 1675 2559 1751 singulas
2586 1692 2860 1731 revocare
2880 1684 3147 1729 auctores
3175 1671 3272 1726 vix
3303 1686 3499 1747 operae

1962 1764 2210 1839 pretium
2253 1762 2534 1820 videatur.
2584 1760 2830 1820 scholiis
2875 1759 2949 1816 ad
2980 1758 3209 1816 Plutum
3244 1761 3500 1816 Ioannes

1960 1856 2162 1908 Tzetza
2188 1850 2427 1909 brevem
2456 1850 2794 1926 praemisisse
2812 1847 3045 1905 videtur
3071 1844 3260 1922 poesis
3282 1849 3501 1901 Graecae

1963 1940 2293 2010 historiam,
2327 1939 2555 2015 qualem
2598 1937 2721 2013 ipse
2745 1932 3173 1993 commentariis
3198 1932 3261 1989 in
3288 1932 3501 1989 Hesio-

1963 2027 2128 2096 dum,
2155 2026 2333 2084 i'rater
2361 2037 2551 2082 autem
2578 2027 2806 2081 Isaacus
2839 2018 3209 2096 Lycophroni
3235 2019 3497 2095 praefixit.

1962 2119 2103 2172 Nam
2151 2115 2231 2172 sic
2271 2111 2709 2189 intelligendum
2736 2109 2970 2167 videtur
3010 2104 3168 2183 quod
3197 2107 3269 2163 de
3311 2104 3500 2164 Caecio

1964 2203 2049 2282 (id
2073 2217 2158 2261 est
2180 2200 2707 2279 Tzetza).narra“tur
2728 2201 2788 2256 in
2816 2198 3016 2256 codice
3037 2196 3293 2273 quodam
3315 2195 3502 2253 Plauti

1966 2296 2246 2349 Romane.
2276 2290 2372 2369 (V.
2404 2290 2629 2365 Proleg.
2660 2307 2786 2365 cap.
2815 2292 2905 2356 X,
2936 2284 3022 2362 b.)

2044 2378 2143 2456 [In
2154 2381 2439 2451 AddendIs
2458 2383 2679 2433 ineunte
2700 2396 2757 2432 a.
2776 2375 2926 2448 1839
2946 2379 3161 2448 scriptis
3177 2393 3197 2426 .-
3212 2374 3503 2447 Execrpta

1966 2466 2087 2524 haec
2133 2486 2204 2524 ex
2251 2465 2667 2541 antiquiorum,
2698 2461 3214 2520 Alexandrinorum
3262 2458 3505 2535 potissi-—

1967 2574 2123 2611 mum
2166 2569 2223 2611 et
2252 2559 2733 2630 Pergamenorum
2755 2594 2773 2624 ,
2803 2547 3311 2626 grammaticorum
3341 2564 3505 2603 com-

1967 2641 2260 2698 mentariis
2288 2638 2360 2697 ab
2385 2637 2731 2714 Symmacho
2755 2654 2876 2693 esse
2901 2636 3051 2692 facta
3073 2632 3312 2710 ejusque
3342 2650 3505 2688 com·-

1968 2729 2314 2786 mentarium
2369 2726 2858 2803 Aristophaneum
2920 2724 3275 2800 praecipuum
3330 2719 3507 2783 scho-

1968 2814 2177 2875 liorum
2220 2828 2549 2874 nostrorum
2592 2814 2829 2884 fontem,
2851 2822 3110 2868 veterum
3134 2820 3327 2866 autem
3352 2806 3509 2865 iuter

1969 2926 2036 2966 ea
2076 2906 2429 2962 scholiorum
2476 2903 2710 2961 unicum
2756 2899 2931 2957 fuisse
2965 2898 3363 2955 demonstrare
3402 2914 3511 2952 co-

1970 3006 2134 3052 natus
2169 3005 2255 3050 est
2294 2995 2428 3050 Otto
2456 2986 2880 3055 Schneiderus,
2921 2985 3021 3060 qui
3061 2981 3509 3039 commentatio-

1970 3103 2104 3140 nem
2135 3082 2208 3139 de
2243 3092 2505 3136 veterum
2545 3076 2606 3133 in
2650 3072 3098 3151 Aristophanem
3151 3067 3508 3126 scholiorum

1968 3169 2225 3228 sontibus
2267 3168 2437 3225 docte
2491 3177 2550 3221 et
2600 3161 2907 3239 diligenter
2952 3158 3225 3235 scriptam
3269 3154 3511 3214 Sundiae

1968 3260 2151 3317 edidit
2178 3277 2226 3314 a.
2252 3253 2421 3312 1838.
2442 3249 2766 3328 Symmachi
2791 3266 3000 3304 nomen
3028 3262 3207 3321 quum
3231 3242 3291 3299 in
3317 3235 3511 3298 unde-

1969 3344 2346 3424 quadraginta
2399 3340 2751 3397 scholiorum
2801 3335 2942 3390 locis
2991 3339 3511 3399 coinmemoretur,

1968 3454 2085 3491 non
2123 3428 2506 3509 improbabile
2554 3439 2639 3483 est
2691 3423 2799 3480 alia
2843 3437 3079 3499 quoque
3122 3435 3237 3474 non
3281 3431 3467 3493 pauca
3490 3457 3510 3486 ,

1969 3520 2177 3598 quibus
2220 3513 2549 3593 Symmachi
2590 3532 2801 3570 nomen
2844 3529 2960 3568 non
3003 3517 3090 3565 est
3141 3502 3515 3582 appositum,

1970 3630 2043 3669 ex
2091 3605 2501 3667 commentario
2555 3602 2683 3679 ejus
2739 3618 2864 3657 esse
2926 3595 3201 3654 derivata.
3254 3591 3515 3651 Unicum

1970 3715 2107 3755 vero
2136 3695 2487 3753 scholiorum
2516 3702 2775 3747 veterum
2804 3686 3022 3743 sontem
3053 3680 3365 3758 quominus
3385 3697 3517 3735 esse

1970 3783 2270 3843 credamus
2291 3781 2381 3839 vel
2404 3778 2548 3838 illud
2576 3774 2818 3854 impedit
2846 3771 3004 3852 quod
3029 3773 3087 3827 in
3123 3766 3516 3843 subscriptio·—

1968 3871 2147 3930 nibus
2184 3868 2400 3927 codicis
2426 3865 2666 3937 Veneti,
2712 3864 2770 3920 in
2808 3862 2922 3919 line
2954 3857 3245 3927 Nubium,
3286 3849 3517 3912 scholia

1969 3971 2243 4035 excerpta
2263 3975 2386 4013 esse
2414 3956 2687 4013 dicuntur
2710 3952 2770 4008 ἐκ
2791 3951 2897 4008 τῶν
2926 3948 3155 4006 Φαεινοῧ
3173 3941 3263 4002 καὶ
3283 3937 3519 4016 Συμμά-

1967 4069 2066 4126 χου
2106 4045 2195 4105 καὶ
2244 4044 2415 4102 ἄλλων
2443 4044 2624 4114 τινῶν,
2647 4039 2709 4097 in
2736 4039 2849 4095 fine
2874 4035 3039 4094 Pacis
3067 4033 3129 4090 ἐκ
3159 4031 3390 4089 Φαεινοῦ
3417 4027 3517 4085 καὶ

1971 4133 2303 4212 Συμμάχου,
2350 4131 2410 4189 in
2458 4131 2571 4188 line
2609 4127 2817 4186 Avium
2861 4124 2920 4182 ἐκ
2948 4123 3052 4180 τῶν
3092 4113 3390 4195 Συμμάχου
3417 4113 3515 4172 καὶ

1971 4231 2144 4292 ἄλλων
2185 4226 2429 4309 σχολίων.
2472 4232 2662 4299 Quam
2707 4221 3105 4282 difficultatem
3145 4232 3322 4292 quum
3359 4209 3517 4269 bene

1970 4321 2236 4381 sensisset
2280 4314 2696 4383 SchneideruS,
2741 4306 3235 4384 subscriptionum
3279 4299 3515 4358 illarum

1971 4408 2369 4468 auctoritatem
2413 4404 2489 4461 ita
2532 4399 2778 4460 elevavit
2816 4397 2895 4475 (p.
2943 4392 3105 4469 219),
3132 4403 3196 4448 ut
3224 4388 3515 4447 Phainum

1971 4493 2405 4575 grammaticum
2459 4489 2632 4547 fuisse
2678 4486 2993 4559 conjiceret
3048 4484 3182 4536 satis
3234 4488 3513 4532 recentem

1969 4604 2202 4658 eumque
2235 4601 2334 4638 nec
2359 4581 2572 4635 doctum
2591 4575 2769 4652 probe
2795 4594 2893 4631 nec
2918 4568 2993 4628 ab
3022 4571 3264 4640 antiquis
3285 4569 3343 4619 in
3370 4564 3518 4617 Ari-

1970 4674 2292 4747 smplianem
2335 4668 2739 4725 commentariis
2779 4662 2946 4718 valde
2994 4663 3315 4713 instructum
3331 4691 3353 4720 ,
3410 4653 3531 4723 qui.

1972 4824 2088 4872 nunt
2107 4833 2221 4883 quae
2249 4817 2450 4868 photius
2477 4815 2530 4864 in
2556 4811 2738 4864 Lexico
2764 4807 2927 4873 posuit
2948 4818 2992 4853 s.
3030 4797 3424 4865 Παφυξύρουσω,
3442 4800 3516 4844 ab

1971 4892 2260 4955 antiquiore,
2283 4892 2339 4939 ut
2357 4888 2549 4951 opinor,
2580 4879 2900 4946 &ammoneo
2930 4874 3165 4935 accepta:
3193 4880 3353 4930 neque
3374 4877 3515 4916 enim

1972 4962 2199 5083 {pm
2223 4960 2386 5024 plures
2408 4967 2557 5021 quam
2587 4952 2733 5004 hodie
2755 4946 3019 5011 supersunt
3039 4937 3307 4993 oomoedias
3337 4934 3516 4998 legisse
