3859 5725
499 233 612 287 562

488 356 675 431 paulo
712 363 863 431 post,
905 350 1004 410 sed
1033 351 1270 410 alterius
1320 350 1666 409 scholiastae:
1689 353 1762 411 Οἱ
1806 354 2026 430 Δωριεῖς

495 442 755 507 οἶκοῦντις
781 462 871 520 πρ.
896 437 992 511 τὴν
1019 441 1094 499 Π.
1132 462 1191 515 μ.
1225 428 1303 497 οῦ.
1327 443 1423 510 τῆς
1453 461 1506 499 τ.
1533 442 1628 509 τῆς
1654 440 1708 497 ἐν
1742 437 2025 519 Περεὸοίᾳ,

494 529 587 607 ἀφ.
623 529 698 596 εἰς
730 526 827 599 τὴν
857 549 918 604 μ.
957 526 1126 600 Οἴτης
1166 527 1259 586 καὶ
1291 530 1580 607 Παρνασοῦ
1615 529 1679 586 Δ.
1723 525 1798 594 ἑξ.
1830 517 2023 584 οὖσαν·

496 617 612 678 ἔστι
649 618 705 678 δὲ
739 617 825 678 Ἐ.
858 620 929 678 Κ.
964 620 1024 678 Β.
1064 622 1130 678 Λ.
1173 618 1425 699 Κάρφαια
1454 616 1753 700 (Σκάρφιια
1775 617 2026 676 restituit

498 707 717 766 Berkel.
749 707 822 765 ad
871 708 1070 785 Steph.
1101 708 1163 765 in
1190 705 1416 766 Λίλαια·
1460 725 1568 783 ego
1617 706 1797 765 ferme
1832 707 2024 763 malim

488 795 845 879 Σπιρχιίαν),
865 799 929 854 Δ.
945 796 1008 853 ἐκ
1025 792 1082 853 δὲ
1103 793 1301 853 τούτων
1320 792 1414 852 σὺν
1438 801 1543 858 τοῖς
1564 791 1933 873 Ἡρακλείδαις
1955 793 2028 859 εἷς

499 880 872 959 Λακεδαίμονα
932 879 1314 961 κατέρχονται·
1363 880 1465 940 ubi
1508 881 1764 958 primum
1809 880 2028 938 facinus

495 973 828 1050 improbum
872 968 1102 1029 admisit
1138 969 1354 1029 Comici
1392 970 1749 1040 scholiastes,
1777 968 1879 1044 qui
1921 970 2027 1027 ista

498 1058 956 1139 praecedentibus
1017 1058 1462 1134 agglutinaverit
1519 1058 1740 1115 inserto
1802 1054 1892 1136 ἀφ’
1941 1045 2029 1125 ἧς,

498 1147 716 1206 scilicet
748 1149 939 1227 φυλῆς,
971 1158 1145 1222 atque
1180 1166 1247 1204 ea
1279 1146 1504 1203 ratione
1545 1164 1679 1202 vere
1708 1156 2028 1201 monstrum

500 1234 672 1294 nobis
706 1232 1183 1310 chronologicum
1224 1233 1488 1291 ediderit.
1518 1231 1746 1290 Deinde
1784 1247 2029 1308 pravum

498 1321 642 1379 illud
671 1320 754 1378 ἐπ’
779 1317 1000 1401 Εὗὸοία,
1027 1319 1191 1395 cujus
1204 1320 1417 1377 erroris
1440 1320 1721 1396 originem
1746 1318 2031 1376 detexisse

499 1409 609 1468 sibi
644 1406 954 1466 videbatur
994 1407 1306 1465 Palmerius
1342 1409 1399 1464 in
1444 1408 1739 1485 corruptis
1784 1405 2029 1464 Diodori

499 1494 799 1554 codicibus
825 1504 881 1564 4,
916 1496 1015 1566 67,
1043 1494 1104 1552 in
1134 1494 1345 1572 quibus
1376 1496 1500 1553 sine
1523 1494 1914 1552 controversia
1935 1492 2026 1549 vi-

500 1586 648 1644 tiose
695 1584 905 1661 legitur
956 1581 1154 1665 Εὗὸοία
1180 1604 1292 1661 pro
1329 1582 1418 1640 καὶ
1464 1581 1628 1662 Βοίῳ,
1666 1584 1836 1659 longe
1869 1579 2028 1639 aliud

499 1672 818 1730 remedium
840 1670 1125 1746 postulat:
1148 1691 1324 1748 quum
1349 1672 1502 1728 enim
1526 1671 1587 1727 in
1613 1669 1848 1728 Pindari
1868 1668 2033 1725 scho-

501 1760 667 1819 liasta
716 1757 1002 1818 scribatur
1047 1759 1102 1816 ὶν
1141 1757 1423 1840 Περεὸοίᾳ,
1457 1758 1590 1815 inde
1636 1758 1747 1816 levi
1794 1757 2031 1834 negotio

502 1851 785 1907 conficere
801 1847 936 1904 licet
958 1845 1013 1902 ἐν
1036 1846 1364 1927 Περραιὸίᾳ·
1394 1860 1568 1925 atque
1596 1848 1677 1904 ita
1709 1865 1825 1903 non
1850 1844 2031 1904 multo

500 1935 762 2002 iuferiusi
786 1931 978 1996 Πίνδος
1000 1929 1056 1992 6&
1075 1932 1396 2014 Περραιὸίας
1423 1933 1539 2015 ὄρος
1560 1954 1671 2013 pro
1694 1930 2032 2014 Περρεὸοίας,

502 2025 591 2083 vel
614 2024 994 2104 Περραιὸοίας,
1013 2024 1172 2103 qnod
1199 2043 1311 2082 una
1332 2036 1557 2081 tantum
1577 2024 1740 2081 litera
1768 2023 2029 2081 vitiatum

500 2126 688 2171 exstat
716 2114 775 2170 in
805 2113 1104 2172 Theocriti
1135 2124 1469 2171 enarrator-e
1490 2111 1564 2170 ad
1597 2111 1683 2170 Id.
1724 2132 1774 2180 1,
1801 2112 1906 2182 673
1930 2111 2031 2169 sed

498 2202 718 2277 optime
748 2201 982 2260 lectioni
1008 2202 1287 2259 restitutae
1311 2201 1705 2279 patrocinatur
1732 2199 1858 2276 ipse
1889 2200 2029 2257 Pin-—

504 2289 630 2348 dari
658 2289 838 2348 schol.
866 2289 940 2348 ad
978 2290 1148 2366 Pyth.
1170 2310 1228 2365 9,
1258 2310 1326 2361 27
1351 2312 1365 2345 ε
1392 2287 1586 2354 Πίνδος
1606 2285 1707 2368 γὰρ
1738 2288 1856 2368 ὄρος
1890 2288 2032 2367 Περ-

504 2376 681 2457 ριὸίας
711 2375 1080 2460 (Περραιὸίας)
1102 2401 1117 2415 ·
1146 2383 1182 2450 ἦ
1209 2374 1265 2436 δὶ
1309 2375 1577 2460 Περρεὸία
1601 2374 1912 2457 τετράπολις
1940 2378 2034 2446 τῆς

500 2466 835 2533 Θεσσαλίας·
858 2468 957 2526 ubi
990 2467 1311 2526 Perrhaebia
1352 2465 1521 2524 nobis
1552 2466 1806 2523 occurrit
1842 2462 2032 2521 Thes-

494 2555 659 2613 salioe
680 2556 1006 2632 tetrapolis,
1027 2554 1183 2613 haud
1220 2575 1356 2614 sane
1389 2552 1617 2612 diversa
1643 2551 1718 2612 ab
1749 2571 1837 2624 ea,
1857 2571 2032 2628 quam

501 2643 599 2700 hic
618 2657 1047 2713 commemorat,
1077 2644 1341 2720 teti-apoli
1366 2646 1431 2722 τῇ
1460 2643 1513 2700 ἐν
1538 2639 1862 2721 Περραιὸίᾳ·
1886 2640 2030 2698 nihil

498 2732 700 2807 itaque
716 2731 904 2789 minus
923 2744 1011 2788 est
1039 2730 1490 2807 intelligendum,
1515 2750 1709 2807 quam,
1728 2728 1887 2806 quod
1912 2728 2033 2788 Pal-

498 2817 717 2877 merius
737 2817 1105 2876 existimabat
1123 2818 1373 2894 graviter
1387 2818 1730 2877 scholiasten
1745 2817 2031 2891 incusans,

503 2905 800 2983 tetrapolis
818 2906 999 2963 Attica
1018 2927 1032 2972 ;
1052 2904 1123 2963 de
1146 2925 1260 2982 qua
1284 2906 1331 2963 si
1356 2907 1507 2963 forte
1531 2906 1812 2982 cogitasse
1838 2905 2030 2964 creda·

504 3004 599 3050 tur
627 2993 1032 3071 Aristophanis
1060 3003 1357 3051 enarrator
1386 2990 1464 3049 ob
1504 2992 1837 3051 mendosam
1880 2993 2029 3050 scri-

503 3094 734 3158 pturam
766 3080 848 3139 ἐπ’
886 3079 1089 3162 Εὖὸοία
1116 3093 1175 3139 et
1224 3080 1429 3139 Atticae
1458 3099 1596 3138 mox
1624 3081 1832 3139 factam
1862 3100 2029 3138 men-

502 3169 744 3241 tionem,
785 3169 927 3227 tanti
948 3169 1163 3226 erroris
1193 3180 1348 3226 certe
1379 3187 1619 3245 prorsus
1646 3169 1919 3226 immunis
1948 3181 2032 3226 est

503 3257 739 3316 Pindari
776 3256 1131 3315 scholiastes.
1161 3256 1431 3314 Meminit
1471 3256 1642 3316 etiam
1685 3257 1917 3314 Doricae
1948 3268 2032 3314 te-

472 3346 793 3424 ·trapoleos
818 3345 948 3402 loco
982 3344 1148 3403 valde
1172 3343 1415 3403 notabili
1451 3344 1663 3403 Strabo
1701 3365 1760 3419 9,
1799 3363 1857 3422 p.
1892 3344 2029 3411 654.

502 3437 664 3491 luter
691 3445 970 3508 utrosque
988 3436 1207 3490 Locros
1226 3430 1377 3510 μέσοι
1395 3434 1615 3512 Δωριεῖς
1628 3453 1641 3467 ·
1671 3424 1810 3490 οὗτοι
1826 3428 1922 3508 μὲν
1943 3422 2031 3489 οὖν

503 3518 635 3577 εἰσὶν
674 3521 724 3577 οἱ
751 3517 848 3591 τὴν
878 3517 1193 3598 τιτράπολιν
1222 3517 1556 3591 οἰκήσαντες·
1598 3516 1664 3587 ἥν
1711 3539 1870 3598 φασιν
1898 3508 2033 3576 εἶναι

504 3605 830 3687 μητρόπολιν
852 3609 958 3665 τῶν
994 3605 1242 3664 ἁπάντων
1270 3601 1521 3684 Δωριίων
1537 3627 1551 3641 ·
1579 3602 1765 3683 ξπόλεις
1796 3603 1852 3662 δὲ
1888 3595 2031 3684 εἶχον

505 3690 758 3772 Ἐρινεὸν,
792 3694 970 3767 Βοίον,
1000 3692 1219 3766 Πίνδον,
1258 3692 1500 3752 Κυτίνιον
1520 3715 1533 3728 ·
1583 3689 1889 3773 ὑπέρκειται
1925 3693 1971 3750 δ’
2005 3698 2034 3752 ὁ

502 3779 697 3846 Πίνδος
722 3784 817 3839 τοῦ
850 3779 1119 3860 Ἐρινεοῦ·
1157 3787 1418 3861 παραρρεῖ
1461 3778 1508 3837 δ’
1548 3776 1712 3849 αὐτὴν
1755 3778 2031 3857 ὁμώνυμος

501 3868 737 3947 ποταμὸς
753 3867 1034 3947 ἰμὸάλλων
1061 3871 1135 3934 εἰς
1163 3866 1253 3927 τὸν
1285 3869 1561 3948 Κηφισσὸν
1578 3869 1637 3927 οὗ
1661 3866 1796 3926 πολὺ
1820 3872 1914 3939 τῆς
1937 3874 2034 3930 Λι-

501 3957 654 4023 λαίας
676 3958 884 4016 ἄπωθεν
899 3979 913 3994 ·
929 3956 1065 4024 τινὲς
1083 3957 1128 4016 δ’
1157 3955 1455 4039 Ἇκύφαντα
1474 3957 1682 4035 λέγουσι
1700 3954 1789 4015 τὸν
1813 3956 2028 4019 Πίνδον.

500 4045 669 4105 Pindi
694 4048 917 4105 nullum
936 4046 1001 4104 in
1028 4047 1137 4104 hac
1155 4048 1389 4123 regione
1416 4046 1723 4122 vestigium
1745 4045 1901 4121 apud
1933 4066 2030 4106 re·-

500 4134 692 4211 liquos
707 4155 906 4194 omncs
926 4135 1173 4192 inveniri
1196 4136 1408 4192 miror:
1434 4154 1563 4193 uam
1592 4133 1750 4193 Melie
1774 4133 1949 4192 verba
1974 4154 2030 4207 α,

503 4223 558 4296 3,
590 4222 685 4297 58,
711 4230 768 4280 in
788 4228 995 4282 Doride
1012 4226 1245 4293 Pindus,
1279 4238 1333 4280 et
1345 4232 1518 4296 juxta
1545 4230 1705 4281 situm
1746 4225 2031 4294 En‘neum,

498 4311 787 4387 inquibus
803 4310 1173 4371 emendandis
1198 4312 1420 4369 solitam
1451 4311 1667 4389 ingenii
1693 4310 2029 4371 modestiam

480 4418 618 4457 -non
662 4401 1015 4479 approbavit
1072 4420 1311 4477 magnus
1354 4401 1680 4472 mutianus,
1727 4419 1906 4477 quum
1968 4401 2027 4457 in

498 4487 794 4563 omnibus,
825 4510 956 4568 quae
980 4488 1215 4557 viderit,
1240 4487 1687 4567 exemplaribus
1708 4487 1908 4546 abesse
1943 4501 2030 4547 te-

501 4586 688 4634 stetur
719 4582 793 4636 Is.
831 4580 1088 4649 Vossius,
1120 4596 1231 4655 pro
1274 4577 1490 4654 spuriis
1524 4591 1581 4634 et
1618 4595 1698 4634 ex
1748 4575 2031 4635 Strabone

501 4667 821 4743 suppositis
892 4665 1155 4726 habenda
1228 4665 1724 4724 verosimillimum
1776 4663 2027 4723 videtur.

501 4758 698 4826 Quare
724 4754 948 4828 dubito,
974 4775 1048 4814 an
1069 4754 1259 4831 decipi
1288 4773 1348 4811 se
1381 4772 1581 4831 passus
1606 4753 1774 4811 suerit
1808 4752 1897 4810 vir
1927 4773 2029 4811 ac—

501 4844 915 4917 curatissimus,
940 4857 1016 4916 et,
1050 4862 1181 4921 quae
1213 4844 1466 4920 scriptor
1505 4842 1714 4919 aliquis
1763 4853 2030 4901 vetustus

501 4929 575 4988 de
604 4934 874 5011 tetrapoli
899 4931 1253 4990 Perrhaebica
1282 4932 1613 5001 tradiderat,
1636 4931 1709 4989 ad
1742 4929 1889 4989 lianc
1914 4951 2026 5007 po-

502 5019 803 5078 steriorem
830 5022 1060 5078 Doricae
1087 5021 1269 5097 gentis
1299 5019 1491 5078 sedem
1520 5018 1908 5077 transtulerit:
1933 5018 2026 5076 cui

1646 221 2093 283 ADNOTATIO
2135 221 2218 281 IN
2259 220 2526 283 scfloL.

2112 364 2322 410 nostrae
2349 352 2664 430 suspicioni
2701 353 2943 412 mirifice
2985 355 3139 414 favet
3183 354 3440 414 Pindari
3487 356 3652 416 schot

2114 444 2396 498 Praeterea
2423 437 2646 521 Ἀκύφας
2685 462 2716 498 a
2762 442 3059 520 Stephano
3095 442 3477 502 describitur
3521 443 3655 510 aas<

2113 527 2211 606 μία
2255 532 2348 599 τῆς
2394 531 2638 607 Δωρικῆς
2668 528 3057 610 τετραπόλεως·
3106 552 3222 610 qua
3262 533 3524 612 quidem
3575 533 3655 591 lo-

2114 615 2325 692 quendi
2349 616 2572 674 ratione
2588 635 2777 693 neque
2804 617 2864 674 in
2890 616 3154 699 Ἐρινεὸς,
3173 639 3280 678 nec
3307 620 3384 678 in
3421 619 3656 679 Κυτίνιον

2115 703 2223 761 fuit
2245 704 2585 762 ususzinter
2608 701 2901 785 Ἇκῦφαντα
2933 725 3077 764 vero
3109 718 3168 765 et
3199 708 3464 767 Homeri
3491 705 3660 788 Κῦφσν

3719 0 3747 298 l

2115 791 2179 849 ll.
2205 793 2270 862 B,
2297 794 2441 869 748,
2475 792 2699 850 nullum
2744 792 2903 851 aliud
2931 792 3241 852 discrimen
3282 808 3525 868 statue,
3561 795 3660 852 nisi
3749 785 3750 826 ἶ

2115 878 2400 938 diversam
2438 900 2646 938 vocum
2692 879 2975 939 sormam:
3007 901 3222 959 parvus
3250 883 3455 941 schol.
3517 880 3660 941 πόλιν

2114 966 2237 1048 περὶ
2296 965 2394 1039 τὴν
2446 966 2744 1046 Περαιὸίαν
2764 969 3025 1045 exponit,
3050 983 3110 1028 et
3137 969 3430 1030 Straboni
3495 969 3660 1048 116ssoe

2115 1054 2473 1137 Περραιὸικὸν
2505 1053 2625 1135 ὄρος
2659 1053 2941 1135 ὁμώνυμον
2974 1056 3249 1116 κατοικίαν
3301 1056 3446 1137 ἔχον
3501 1079 3561 1134 9,
3607 1079 3658 1136 p.

2117 1145 2255 1215 675,
2290 1150 2368 1202 A:
2395 1163 2528 1202 nam
2571 1144 2733 1220 quod
2762 1145 3094 1223 Stephanus
3135 1146 3448 1224 duplicem
3503 1147 3660 1214 facit,

2117 1230 2539 1290 Perrhaebicam
2563 1232 2822 1303 alteram,
2849 1234 3089 1291 alteram
3117 1234 3552 1307 Thessalicam,
3577 1254 3662 1291 er-

2119 1338 2252 1376 rore
2298 1339 2415 1376 non
2445 1331 2638 1377 vacat:
2667 1319 2804 1377 huic
2844 1333 3035 1378 autem
3071 1320 3228 1380 idem
3259 1335 3456 1400 atque
3483 1322 3661 1381 Pindo

2115 1407 2377 1484 contigit,
2409 1420 2475 1465 ut
2509 1410 2742 1474 montis,
2777 1407 2958 1478 fluvii,
2997 1409 3320 1486 oppidique
3357 1410 3547 1487 juxta
3577 1411 3659 1467 siti

2117 1495 2351 1553 nomina
2383 1516 2502 1553 non
2547 1497 2899 1573 discrepent.
2949 1501 3077 1555 Jam
3115 1499 3445 1556 Dorienses
3494 1500 3661 1557 variis

2116 1583 2232 1639 acti
2257 1582 2483 1644 casibus
2513 1584 2653 1642 alias
2677 1603 2748 1642 ex
2769 1583 2899 1641 aliis
2916 1582 3083 1641 sedes
3105 1582 3488 1657 habuerunt3
3518 1587 3660 1644 anti—

2118 1671 2424 1747 quissimas
2452 1670 2605 1728 circa
2642 1672 2845 1732 Ossam
2870 1681 2930 1728 et
2953 1672 3272 1747 Olympum
3313 1673 3382 1729 in
3413 1672 3660 1738 Doride,

2118 1777 2247 1835 quae
2293 1759 2663 1836 postmodum
2722 1759 3037 1818 Histiaeotis
3087 1759 3240 1817 dicta
3266 1782 3280 1817 :
3307 1760 3463 1819 inde
3517 1762 3660 1838 pulsi

2117 1846 2503 1906 Perrhaebiam
2539 1846 2901 1923 Pindumque
2924 1845 3314 1923 incoluerunt,
3335 1850 3662 1908 Macedon-

2118 1954 2246 1993 rum
2267 1954 2501 2013 quoque
2530 1954 2739 1992 nomen
2769 1947 3031 2010 gerentes
3054 1956 3068 1990 t
3089 1934 3309 1994 idcirco
3336 1955 3420 1994 ex
3443 1939 3658 1996 veteri-

2117 2022 2230 2080 bus
2258 2023 2332 2080 ad
2366 2023 2810 2099 Lycophronem
2845 2023 3077 2082 scholiis
3114 2027 3351 2082 Tzetzes
3385 2046 3451 2083 v.
3503 2028 3658 2098 1388,

2118 2110 2374 2188 Λάκμων,
2400 2109 2517 2191 ὄρος
2536 2109 2888 2190 Περραιὸίας,
2922 2108 3044 2170 ἔνθα
3071 2108 3240 2192 ᾤκουν
3267 2115 3504 2191 Δωριεῖς
3520 2136 3534 2150 ·
3563 2135 3658 2172 ne-

2119 2217 2236 2276 que
2265 2199 2409 2258 alibi
2433 2219 2606 2278 quam
2637 2200 2725 2257 his
2749 2200 2808 2258 in
2843 2199 2986 2257 locis
3017 2211 3106 2258 est
3138 2200 3490 2261 collocanda
3515 2208 3552 2275 ἡ
3574 2225 3656 2260 τι·

2117 2286 2368 2368 τράπολις
2389 2290 2425 2357 ἦ
2457 2289 2510 2345 ἐν
2538 2286 2861 2368 Περραιὸίᾳ,
2887 2305 2961 2345 ex
2993 2307 3109 2365 qua
3131 2288 3359 2347 taudem
3404 2290 3657 2349 devene-

2119 2388 2257 2433 runt
2282 2375 2333 2441 ἐς
2352 2374 2444 2447 τὴν
2469 2373 2759 2455 Δρυοπίδα,
2787 2395 2918 2452 quae
2938 2375 3170 2434 Pindari
3196 2377 3540 2437 scholiasta
3570 2379 3656 2436 di-

2121 2465 2274 2522 citur
2296 2468 2330 2534 ἡ
2362 2461 2557 2541 μεταξὺ
2586 2461 2754 2535 Οἴτης
2776 2463 2867 2522 καὶ
2889 2465 3175 2544 Παρνασοῦ
3203 2465 3376 2545 Δωρὶς
3417 2465 3656 2536 ἑξάπολις

2120 2543 2253 2612 οὖσα
2275 2555 2334 2611 in
2364 2572 2463 2611 sex
2494 2552 2738 2613 urbibus
2776 2553 3103 2612 numeranti
3128 2553 3394 2633 Δρυόπην.
3431 2560 3652 2633 uigu-

2122 2640 2309 2697 tiones
2332 2640 2721 2710 Doriensium,
2742 2657 2885 2716 quas
2912 2641 3217 2717 proposui,
3250 2640 3365 2698 fide
3388 2643 3654 2700 nituntur

2122 2726 2426 2798 Herodoti,
2467 2747 2517 2799 1,
2550 2745 2602 2787 c.
2641 2728 2736 2798 56,
2759 2745 2890 2784 cum
2918 2747 3039 2803 quo
3072 2726 3190 2785 sere
3211 2730 3517 2806 conspirat
3540 2735 3651 2788 An-

2121 2817 2268 2876 dron
2300 2816 2508 2874 citatus
2532 2835 2564 2872 a
2584 2813 2774 2874 strab.
2805 2833 2893 2888 10,
2919 2834 2981 2893 p.
3008 2834 3144 2891 729,
3174 2820 3243 2889 A,
3264 2829 3322 2875 et
3357 2820 3652 2898 Stephano

2118 2906 2178 2965 in
2196 2902 2413 2985 Δώριον.
2436 2908 2520 2961 Ex
2547 2903 2633 2960 his
2661 2902 2888 2961 demum
2911 2904 3217 2981 postremis
3250 2905 3494 2966 sedibus
3515 2928 3646 2986 pro·

2119 2994 2253 3052 secti
2284 3012 2415 3051 cum
2446 2990 2765 3050 Heraclidis
2802 3004 3024 3069 partem
3057 2994 3446 3072 Peloponnesi
3480 3016 3644 3054 occu·

2120 3093 2371 3158 parunt:
2401 3079 2620 3137 idcirco
2647 3079 2981 3155 Thucydidi
3019 3082 3238 3161 Δωριεῖς
3260 3085 3296 3152 ἡ
3329 3083 3646 3165 μητρόπολις

2116 3171 2222 3226 τῶν
2247 3165 2681 3243 Δακεδαιμονίων
2712 3186 2760 3235 ι,
2787 3186 2927 3238 1073
2956 3168 3014 3239 3,
3039 3186 3136 3242 92,
3158 3168 3259 3244 qui
3285 3171 3528 3245 quando
3545 3183 3645 3227 tres

2119 3268 2339 3315 tantum
2387 3274 2592 3313 eorum
2651 3251 2825 3311 urbes
2870 3273 3002 3313 cum
3055 3255 3321 3314 Diodoro
3375 3270 3643 3325 recenset,

2118 3348 2335 3415 Boeum,
2366 3343 2641 3414 Erimon,
2659 3354 2716 3399 et
2740 3342 3067 3418 Cytinium,
3089 3342 3150 3401 id
3183 3343 3408 3402 scilicet
3435 3346 3643 3404 indicio

2118 3443 2225 3504 est,
2256 3431 2511 3508 reliquas
2539 3428 2661 3505 jam
2693 3441 2816 3486 tum
2852 3430 3076 3488 avulsas
3122 3431 3179 3487 in
3209 3431 3456 3489 alienam
3486 3432 3646 3491 ditis>

2119 3538 2250 3578 nem
2276 3518 2647 3576 concessisse.
2673 3516 2847 3575 Mitto
2877 3537 3103 3576 errores
3131 3520 3372 3577 Meursii
3416 3521 3645 3579 Miscell.

2120 3612 2332 3665 Lacon.
2366 3605 2422 3677 3,
2443 3625 2514 3680 93
2561 3613 2618 3677 4,
2647 3605 2704 3672 6,
2740 3603 3133 3681 aliorumque:
3154 3605 3277 3662 haec
3318 3626 3352 3664 a
3393 3607 3569 3667 nobis
3593 3609 3644 3666 in

2120 3709 2452 3754 transcursu
2485 3693 2767 3750 duntaxat
2794 3689 3053 3749 breviter
3089 3692 3357 3752 delibata.
3383 3697 3646 3774 Denique

2119 3797 2323 3861 stupor
2347 3781 2697 3840 enarratoris
2716 3780 2899 3837 nostri
2919 3780 2992 3838 ad
3019 3782 3188 3839 finem
3217 3783 3555 3861 importune
3575 3788 3646 3845 in·

2119 3873 2318 3942 seruit,
2352 3872 2719 3946 ἀναχωροῦσιν
2747 3870 2880 3943 ὁμοῦ
2920 3868 2981 3925 ἐκ
3022 3871 3115 3939 τῆς
3150 3868 3415 3943 Ἀττικῆς,
3441 3873 3647 3948 quibus

2118 3960 2273 4038 apud
2304 3958 2614 4018 Pindarum
2659 3955 2856 4032 ejusve
2894 3956 3240 4016 scholiasten
3285 3959 3434 4017 nihil
3467 3972 3649 4019 exsut

2119 4048 2323 4107 simile.
2355 4049 2559 4121 Neque
2585 4056 2775 4102 tamen
2803 4055 3114 4120 propterea
3136 4062 3447 4122 negavero,
3473 4067 3649 4124 quos-

2119 4135 2252 4194 dam
2285 4135 2602 4191 Atticorum
2632 4131 2955 4191 Heraclidis
2983 4132 3156 4190 fuisse
3186 4133 3428 4192 comites
3459 4154 3647 4193 susce*

2121 4236 2235 4301 ptae
2286 4223 2346 4280 in
2398 4219 2860 4297 Peloponnesum
2904 4219 3292 4297 expeditionis
3334 4240 3350 4275 :
3394 4241 3532 4280 nam
3577 4224 3650 4281 ita

2119 4314 2355 4369 Tzetzes
2405 4306 2608 4365 scribit
2649 4306 2721 4364 ad
2770 4307 3059 4383 Lycophr.
3091 4325 3148 4363 v.
3187 4306 3357 4378 1368,
3388 4307 3647 4389 μετέσχον

2117 4398 2220 4479 γὰρ
2248 4396 2338 4455 καὶ
2361 4395 2628 4465 Ἀθηναῖοι
2653 4398 2748 4465 τῆς
2771 4393 3017 4459 ἀποικίας
3043 4396 3149 4451 τῶν
3180 4392 3563 4476 Ἡρακλειδῶν,
3587 4428 3612 4449 .-

2201 4487 2337 4557 386,
2366 4486 2439 4543 50
2462 4481 2562 4564 γὰρ
2587 4504 2705 4541 om.
2729 4489 2800 4541 V.
2823 4512 2887 4524 —
2911 4485 3006 4542 sa.
3034 4480 3097 4540 ἂν
3116 4485 3389 4563 παρέσχον
3412 4484 3477 4543 ἂν
3514 4488 3646 4546 Ald.

2116 4573 2242 4634 τινί.
2271 4572 2388 4632 οὐδὲ
2412 4572 2660 4632 ἔσπευδον
2677 4567 2799 4636 τοὺς
2833 4567 3096 4651 χρηστοὺς
3123 4571 3435 4630 πλουτίσαι·
3464 4574 3644 4646 ἐπειδὴ

2117 4660 2174 4723 δὲ
2193 4660 2307 4728 τοὺς
2336 4658 2570 4724 δικαίους
2602 4660 2730 4739 (τοῖς
2759 4658 2978 4724 δικαίοις
3005 4659 3099 4734 G.)
3119 4657 3427 4739 προήρηιιαι
3467 4663 3646 4722 δοῦναι

2116 4757 2315 4811 Venet.

2199 4841 2313 4899 388
2342 4840 2400 4897 in
2422 4843 2487 4896 V.
2505 4837 2765 4896 inversus
2781 4834 2927 4894 ordo
2950 4835 3326 4908 scholiorum,
3351 4849 3648 4916 συνωνυμεῖ

2118 4926 2397 4998 -λέξεωᾳ
2419 4924 2637 4993 Ἄλλως.
2653 4922 3318 5005 ὀξυτόνως-προσλαὸεἰν.
3340 4957 3413 4973 —-
3431 4946 3462 4997 7
3489 4926 3646 4996 Ὀξυ-

2114 5016 2278 5083 τόνως
2312 5015 2430 5075 ἀντὶ
2460 5021 2553 5074 τοῦ
2582 5012 2972 5095 ἀπηρτισμένως
3001 5015 3105 5093 (sic
3141 5018 3202 5073 V.
3246 5035 3364 5072 non
3406 5015 3502 5093 G.)
3534 5018 3643 5075 ad—
