3859 5725
389 275 462 326 ³6

1501 269 1887 330 SCHOLIA
1942 270 2032 330 IN
2085 274 2483 348 EQUITES.

461 426 533 466 67.
580 404 925 483 μεμαγμένην
961 425 976 467 :
1003 408 1540 488 Παρισκευασμένην,
1564 411 1656 471 καὶ
1680 414 1733 471 ἐν
1757 411 1952 496 ἑτοίμῳ
2040 413 2301 484 θώσαντος
2332 420 2517 491 αὐτοῦ,
2543 418 2681 478 ἀλλὰ
2707 419 2927 494 πένητος
2947 421 3091 492 ὄντος
3121 377 3227 494 τοῖς
3261 429 3607 511 κατορθώμα-

381 492 685 572 γενομένην.

459 600 532 643 59.
575 579 715 640 ἀλλὰ
735 581 982 663 βυρσίνην
1001 580 1141 663 ἔχων
1164 604 1177 644 :
1208 583 1493 667 (Ῥυτῆρα,
1511 584 1745 665 ἱμάντα.)
1769 586 1950 657 ἔπαιξε

224 726 234 739 ,
379 667 435 727 δὲ
458 667 606 751 παρὰ
631 670 692 728 τὸ
724 669 1053 752 βυρσοδέψην
1077 660 1211 731 εἶναι
1231 674 1320 731 τὸν
1340 673 1582 734 Κλέωνα.
1608 672 1711 731 ἔδει
1737 673 1839 756 γὰρ
1868 678 1948 736 εῖ-

319 775 346 812 t»
373 764 490 815 πεῖν
522 755 801 836 μυρσίνην.
840 763 1389 840 παραγραμματισμῷ
1415 750 1505 819 οὗν
1535 760 1801 840 ἐχρήσατο
1833 762 1948 821 ἀντὶ

374 848 469 904 τοῦ
493 868 535 922 μ
555 843 618 903 τὸ
640 848 695 924 β.
718 852 836 912 ταῖς
859 843 927 924 γὸ
991 844 1263 926 μυρσίναις
1296 846 1616 907 ἀποσοὸοῦσι
1650 847 1747 915 τὰς
1774 848 1947 927 μυίας·

373 937 403 993 6
430 932 486 992 δὲ
507 931 624 999 τοὺς
652 932 872 1014 ῥήτορας
903 869 1038 993 εἷπε.
1124 933 1253 1010 (ἀπὸ
1274 939 1366 993 τοῦ
1391 933 1635 1016 μυρσίνη.
1659 935 1825 1016 ταύτῃ
1846 936 1949 1018 γὰρ

371 1024 746 1103 ἐστεφανοῦντο
768 1024 817 1079 ot
852 1020 1158 1102 στρατηγοί.
1197 1022 1444 1104 βυρσίνην
1485 1020 1541 1082 δὲ
1556 1067 1572 1095 ,
1613 1013 1776 1100 εἶπεν,
1808 1023 1947 1105 ἔχων

369 1108 630 1170 ἅποσοὸεῒ
643 1107 762 1176 τοὺς
786 1106 1035 1190 ῥήτορας,
1057 1112 1129 1176 ὥς
1147 1107 1275 1190 πρὸς
1300 1109 1665 1193 βυρσοδέψην.)

292 1218 342 1257 10
444 1219 517 1261 ου.
559 1196 858 1258 ἀποδιώκει.
878 1207 940 1254 V.

445 1318 515 1358 σι.
557 1287 648 1357 εἶθ’
671 1300 701 1356 6
735 1293 903 1376 γέρων
934 1294 1220 1378 σιὸυλλιᾳτ
1252 1295 1411 1379 (Περὶ
1437 1296 1526 1356 τὸν
1550 1296 1736 1378 χρόνον
1763 1306 1947 1360 τοῦτον

365 1382 652 1468 ταραχώδη
675 1382 801 1444 ὄντα
821 1380 955 1450 εἰκὸς
970 1381 1146 1443 πολλὰ
1162 1388 1379 1443 τοιαῦτα
1399 1382 1678 1466 γίνεσθαι.)
1698 1385 1863 1468 γέρων
1889 1387 1946 1448 δὲ

365 1479 396 1533 6
419 1472 701 1546 δεσπότης,
728 1471 891 1549 ἤγουν
918 1474 948 1530 6
972 1472 1152 1549 δῆμος.
1177 1471 1425 1553 σιὸυλλιᾷ
1447 1471 1531 1546 δὲ,
1556 1478 1817 1554 χρησμῶν
1849 1477 1946 1558 ἐρᾷ

363 1562 451 1620 καὶ
483 1560 742 1638 ἐπιθυμεῖ.
775 1556 811 1629 ἢ
841 1559 1159 1640 παραληρεῖ.
1194 1559 1394 1637 (ἐπειδὴ
1420 1565 1454 1632 ἡ
1481 1560 1721 1621 Σίὸυλλα
1745 1561 1944 1643 μακρό-

291 1670 337 1711 ιο
369 1649 496 1718 ὄιος.
534 1648 570 1721 ἢ
609 1653 714 1715 τοῖς
745 1648 1006 1729 χρησμοῖς
1031 1646 1243 1720 ἥδεται,
1285 1645 1319 1718 ἢ
1345 1651 1642 1721 ἀπατᾶται,
1680 1654 1944 1728 μαντικῶς

363 1737 504 1817 ἔχει,
589 1733 821 1817 ρησμοὶις
854 1732 1188 1816 φαντάζεται.
1226 1734 1592 1816 χρησμολόγος
1625 1735 1729 1817 γὰρ
1772 1737 1941 1820 Ἐρυ-

362 1824 517 1906 θραία
574 1847 602 1883 ν
624 1829 658 1896 ἡ
689 1819 1021 1899 zie-,uam
1050 1820 1186 1899 μέγα
1213 1831 1387 1903 φρονεῖ
1410 1822 1500 1882 καὶ
1528 1823 1820 1906 ἐπαίρεται.

440 1940 513 1981 62.
558 1917 1003 1997 μεμακκοακόταὲ
1032 1914 1118 1977 Τὰ
1149 1920 1402 1984 Μακκοῦς
1435 1926 1749 2000 φρονοῦντα,
1785 1926 1941 1997 ἀνοη-

363 2008 621 2068 ταίνοντα.
647 2004 877 2084 (Μακκὼ
901 2003 1001 2086 γὰρ
1021 2003 1112 2064 καὶ
1129 2003 1304 2082 Λαμὼ
1328 2003 1561 2084 ἐγένοντο
1580 2007 1744 2080 ἐνεαὶ,
1770 2010 1941 2068 τουτέ-

281 2119 335 2157 20
364 2120 449 2155 στι
507 2093 707 2177 βαρέως
760 2098 992 2153 νοοῦσαι.
1044 2090 1080 2162 ἢ
1138 2099 1575 2174 παραφρονοῦντα
1588 2140 1605 2167 ,
1654 2096 1936 2176 ληροῦντα.

357 2184 537 2264 γέγονε
565 2181 714 2264 παρὰ
741 2182 802 2240 τὸ
831 2180 1032 2258 μα’ταια
1065 2181 1222 2250 κοεῖν,
1247 2178 1281 2238 ὅ
1318 2183 1429 2239 ἐστι
1461 2190 1613 2243 νοεῖν.
1644 2181 1759 2243 ὅθεν
1786 2190 1940 2245 θυοσ-

357 2273 502 2346 κόος,
525 2270 673 2353 παρὰ
699 2269 760 2330 τὸ
782 2266 889 2328 θύω
914 2269 1005 2327 καὶ
1031 2266 1092 2326 τὸ
1123 2270 1257 2340 κοῶ,
1282 2267 1310 2327 ὃ
1332 2269 1576 2346 σημαίνει
1595 2271 1655 2330 τὸ
1677 2276 1818 2349 νοῶ.)

435 2390 505 2430 ω.
547 2366 735 2447 τέχνην
758 2384 772 2425 z
797 2363 934 2437 [ἀντὶ
951 2368 1043 2424 τοῦ
1063 2363 1331 2443 μηχανὴν,
1357 2362 1392 2436 ἢ
1418 2366 1534 2424 ἀντὶ
1556 2373 1671 2440 τοῦ]
1699 2370 1770 2436 εἷς
1788 2368 1936 2451 ἔργον

356 2460 500 2539 αὐτῷ
518 2456 611 2516 καὶ
635 2454 825 2534 τέχνην
847 2449 1270 2532 προκεχώρηκεν.
1292 2463 1352 2510 V.
1374 2464 1432 2512 Θ.

275 2563 327 2602 25
437 2545 675 2626 ἄντικρυς
697 2565 711 2603 :
730 2539 1045 2621 (Προδήλως
1058 2585 1073 2610 ,
1094 2537 1535 2617 ὁμολογουμένως.
1557 2541 1752 2614 ηὔξησε
1771 2543 1935 2617 δὲτὴν

355 2630 642 2704 ἀναίδειαν,
685 2627 772 2689 διὰ
821 2626 881 2687 τὸ
927 2630 1159 2709 φανερῶς
1206 2627 1647 2708 καταψεύδεσθαι.
1698 2629 1928 2701 Ἀλλως.

354 2721 630 2802 φανερῶς.)
675 2720 864 2796 δεῖγμα
902 2714 957 2776 δὲ
998 2712 1424 2796 ὓπερὸαλλούσης
1460 2720 1828 2798 ἀναισχυντίας
1873 2721 1935 2780 τὸ

353 2813 588 2892 φανερῶς
614 2804 1053 2889 καταψεύδεσθαι.

432 2930 501 2971 64.
545 2912 617 2976 ὥς
640 2904 838 2968 οἰκέται
863 2900 1277 2982 μαστιγούμεθα.
1302 2914 1363 2961 V.

272 3026 327 3065 30
429 3020 501 3061 σε.
538 2997 817 3078 δωροδοκεῖ
850 3014 863 3053 :
895 2994 1052 3070 Δῶρα
1072 2989 1336 3068 λαμὸάνει
1355 2989 1444 3050 καὶ
1469 2993 1700 3053 διασείει.
1731 2994 1947 3072 (τίθεται

350 3087 406 3148 δὲ
428 3092 463 3159 ἡ
485 3084 620 3155 λέξις
643 3082 733 3142 καὶ
753 3080 839 3140 ἐπὶ
861 3085 949 3138 τοῦ
976 3076 1216 3145 διδόντος.
1244 3110 1312 3120 --
1335 3080 1479 3160 δῶρα
1499 3079 1727 3160 δέχεται.
1756 3084 1848 3164 V.)

428 3204 500 3245 0⁷.
541 3181 717 3243 “Dav
745 3176 948 3254 εόνομα
973 3173 1173 3234 οἰκέτου
1201 3175 1488 3236 πέπλακεν.
1516 3189 1575 3236 R.
1608 3188 1661 3236 V.
1700 3189 1824 3237 Vicc.

427 3293 498 3332 68.
543 3273 589 3330 εἰ
629 3268 705 3346 μή
746 3265 800 3344 μ’
841 3261 1150 3321 ἀναπείσετε
1196 3283 1210 3322 :
1249 3262 1419 3338 (Ἀντὶ
1464 3270 1583 3339 τοῦ,
1623 3269 1930 3328 ἀναπείσετε

347 3360 631 3444 χρήμασι.)
660 3353 936 3415 διαὸάλλει
966 3348 1040 3427 (δὲ
1071 3348 1246 3428 αὐτὸν)
1271 3355 1341 3419 ὡς
1369 3354 1815 3434 δωροδοκούμενον
1839 3357 1930 3415 καὶ

267 3476 321 3515 35
346 3447 657 3532 προδιδόντα
678 3442 772 3515 τὴν
792 3439 961 3500 πόλιν.
1027 3435 1276 3515 (Ἄλλως.
1299 3442 1343 3498 εἰ
1363 3439 1437 3518 μὴ
1458 3442 1642 3502 πιστὸν
1662 3443 1934 3516 ποιήσετε.

347 3534 613 3598 τουτέστιν
643 3536 689 3591 εἰ
714 3527 789 3610 μὴ
822 3526 1004 3608 μισθόν
1032 3525 1148 3585 τινά
1169 3548 1258 3603 μοι
1283 3529 1451 3607 δῶτε.)

426 3653 496 3694 ου.
537 3627 858 3705 πατούμενοι
892 3621 1290 3703 εὖὸριζόμενοι,
1324 3624 1639 3704 θλιὸόμενοι.
1680 3640 1743 3687 V.
1778 3627 1933 3711 ὑδρι-

346 3722 580 3801 ζόμενοι,
598 3715 912 3794 πιεζόμενοι.
946 3724 1071 3771 vict.

425 3842 495 3883 7ο.
520 3813 906 3901 [ὀκταπλάσιον
928 3810 1151 3893 χέζομεν
1189 3833 1204 3873 z
1234 3812 1431 3892 Πολλῶ
1458 3811 1694 3873 πλείονα.
1724 3805 1849 3895 N}
1872 3814 1934 3875 τὸ

267 3931 321 3971 ω
347 3907 644 3987 νοούμενον,
659 3902 739 3964 ὅτι
763 3903 967 3981 μικροῖς
982 3898 1259 3976 λήμμασιν
1274 3897 1607 3957 ἀποδίδονται
1621 3901 1714 3969 τῆς
1731 3898 1934 3970 πόλεως

345 3997 415 4057 τὰ
435 3994 760 4078 πράγματα,
781 3991 872 4070 ἀφ’
893 3979 968 4047 ὧν
989 3985 1216 4067 ὠφέλεια
1239 3984 1430 4064 μείζων
1454 3986 1680 4057 ἠδύνατο
1698 3984 1932 4065 γίνεσθαι

373 4092 410 4108 ”
433 4084 603 4144 πόλει.

343 4110 409 4167 '⁶32
447 4080 668 4254 Zizoylv
703 4188 718 4228 ε
751 4166 869 4227 ἀντὶ
895 4168 990 4224 τοῦ
1023 4159 1368 4239 ζημιούμεθα.
1398 4173 1457 4221 R.
1492 4171 1544 4219 V.
1572 4171 1699 4221 vice.

424 4292 494 4332 71.
540 4265 848 4334 ἀνύσαντες,
889 4259 1006 4320 ἀντὶ
1047 4262 1137 4317 τοῦ
1174 4255 1318 4324 ἅπαξ
1359 4259 1432 4324 εἰς
1463 4261 1615 4316 τοῦτο
1641 4257 1926 4338 γενόμενοι.

264 4391 316 4430 ⁴5
346 4372 399 4419 R.
425 4357 706 4421 ἀνύσαντες
731 4373 745 4412 :
767 4348 1103 4430 ταχύναντες.
1142 4356 1191 4403 V.
1228 4355 1349 4404 Ποῖ.

425 4477 496 4517 72.
539 4451 615 4534 νῲ
647 4432 691 4511 τ’
727 4447 924 4525 ‘Hy-Rc.
948 4442 1196 4527 τρεπτέον
1228 4463 1244 4503 :
1272 4438 1463 4512 Ἄξιον·
1484 4440 1804 4522 τραπέσθαι,
1825 4465 1925 4501 πο·-

346 4542 570 4628 ρευτέον.
600 4550 725 4600 Vict.
752 4533 1044 4617 πορευτέον.
1070 4548 1130 4595 R.
1524 4594 1535 4611 ι

423 4660 494 4701 73.
538 4637 776 4720 κράτιστ’
799 4633 999 4706 ἐκείνην
1021 4651 1037 4693 t
1057 4629 1340 4713 [Ἀμεινον
1358 4626 1447 4687 ἐπὶ
1469 4624 1530 4685 τὸ
1549 4624 1927 4703 αὐτομολήσω-

347 4752 461 4808 μεν.
501 4726 733 4787 τουτέστι
760 4728 1003 4806 χωρῆσαι
1038 4718 1168 4803 πρὸς
1192 4715 1312 4785 τοὺς
1338 4714 1650 4796 ἐναντίους]
1677 4713 1738 4774 τὸ
1769 4716 1924 4774 αὐτο-

275 4835 328 4875 ῡο
350 4820 582 4896 μολῆσαι
609 4814 700 4874 καὶ
723 4817 970 4895 χωρῆσαι
995 4807 1126 4891 πρὸς
1150 4806 1269 4875 τοὺς
1295 4802 1591 4884 πολεμίους.
1612 4808 1671 4856 B·
1696 4805 1758 4853 V·

425 4925 495 4965 74.
535 4906 638 4983 οὐχ
659 4894 763 4963 οἷον
801 4921 817 4961 t
844 4902 903 4960 οὐ
932 4896 1165 4958 δυνατόν.
1205 4906 1258 4955 V.
1290 4905 1416 4954 Vici.

424 5015 493 5056 7ο.
536 4992 699 5052 πάλιν
739 4994 832 5061 τῆς
874 4987 1056 5049 Πύλου
1095 4984 1388 5063 μέμνηται,
1429 4980 1544 5040 ἐπεὶ
1572 4984 1601 5039 6
1641 4977 1826 5040 Κλέων
1869 4980 1923 5038 ἐν

350 5087 480 5165 αὐτῇ
509 5084 736 5163 συνεχῶς
762 5073 1133 5153 ἠλαζονεύετο,
1153 5077 1224 5140 ὣς
1246 5071 1377 5131 ἄλλο
1397 5069 1520 5149 μηδ’
1542 5072 1710 5128 ὁτιοῦν
1738 5091 1920 5150 κατορ-

2039 523 2138 560 σιν.
2168 514 2228 561 R.

2117 609 2188 651 77.
2226 590 2342 650 ἀντὶ
2364 597 2455 652 τοῦ
2480 593 2831 674 διεσχηκότος.
2856 607 2913 655 R.

2116 697 2187 738 78.
2229 681 2282 738 έν
2306 679 2483 741 Χαόσι
2510 702 2525 742 t
2548 680 2770 763 Θρᾴκης
2796 682 2937 751 ἔθνος
2969 687 3019 744 οἱ
3049 685 3271 756 Χαόνες.
3314 692 3604 772 (παρέλαὸε

2035 764 2093 824 δὲ
2118 767 2180 826 τὸ
2203 766 2398 842 ὄνομα,
2429 767 2516 828 ἵνα
2542 767 2603 829 τὸ
2630 771 2908 849 κεχηνέναι
2936 772 3170 856 δηλώσῃ.
3212 776 3409 846 Χαόνες
3430 778 3486 839 δὲ
3508 782 3606 855 δῆ-
3630 801 3658 841 5

2037 877 2133 931 μος
2159 858 2263 914 τῶν
2290 859 2644 938 Θεσπρωτῶν.
2672 857 2709 930 ἢ
2740 857 3008 941 βάρὸαρον
3031 860 3188 931 ἔθνος.
3289 862 3519 934 Ἄλλως.
3553 873 3603 930 οἱ

2034 937 2134 1015 μὲν
2155 944 2254 1013 τῆς
2276 941 2554 1025 Ἠπείρου,
2577 947 2625 1004 οἱ
2650 943 2706 1004 δὲ
2727 950 2822 1018 τῆς
2841 946 3062 1030 Θρᾴκης
3081 947 3200 1017 τοὺς
3229 951 3458 1022 Χαόνας.
3485 955 3602 1037 ἅμα

2036 1024 2093 1086 δὲ
2130 1026 2249 1096 τοὺς
2282 1030 2676 1113 εὐρυπρώκτους
2719 1032 2980 1116 διασύρει,
3024 1035 3111 1096 διὰ
3161 1037 3224 1096 τὸ
3266 1040 3468 1120 χαίνειν
3511 1043 3603 1104 τὸν

2033 1116 2315 1262 πὲρωκτόν.)
2331 1153 2411 1165 -
2427 1122 2499 1187 ὡς
2515 1118 2881 1202 εὖρύπρωκτον
2894 1123 3169 1184 διαὸάλλει
3186 1126 3336 1209 παρὰ
3357 1129 3420 1190 τὸ
3435 1153 3599 1212 κεχη-

2034 1226 2061 1261 ν
2090 1228 2193 1264 ναι.
2221 1216 2282 1264 R.
3631 1242 3684 1283 10

2113 1290 2406 1374 αὐτόχρημ’
2446 1295 2501 1352 ἐν
2545 1294 2718 1356 Χαόσι
2746 1315 2762 1356 :
2807 1296 3008 1377 Σχεδὸν
3056 1299 3241 1376 εἰπεῖν,
3279 1297 3316 1373 ἢ
3367 1303 3497 1364 αὖτὸ
3537 1307 3602 1367 τὸ

2032 1387 2255 1462 πρᾶγμα
2268 1425 2285 1453 ,
2313 1384 2490 1458 ὁμοῖον
2513 1385 2798 1452 παντελῶς.
2836 1395 2963 1443 Vict-

2111 1486 2181 1526 79.
2226 1467 2324 1547 (τὼ
2356 1469 2490 1549 χεῖρ’
2512 1471 2567 1528 ἐν
2604 1471 2860 1538 Αἰτωλοῖς
2888 1491 2903 1532 :
2939 1470 3081 1533 Ἀπὸ
3118 1479 3211 1532 τοῦ
3251 1474 3504 1552 ὀνόματος
3537 1480 3600 1540 τὸ

2029 1563 2255 1635 πρᾶγμα
2278 1554 2438 1636 λέγει.
2463 1558 2559 1617 οὐκ
2585 1560 2639 1616 έν
2666 1557 2929 1639 Αἰτωλία,
2966 1560 3082 1618 ἀλλ’
3118 1563 3173 1620 έν
3197 1565 3274 1644 τῷ
3302 1566 3485 1627 αἰτεῖν.
3535 1567 3598 1628 τὸ

2032 1641 2076 1700 δ’
2101 1645 2155 1702 ἐν
2193 1645 2491 1704 Κλωπιδῶν
2534 1644 2798 1725 ἑναλλαγὴ
2831 1646 2990 1706 πάλιν
3034 1649 3322 1728 στοιχείου,
3354 1660 3445 1713 τοῦ
3470 1678 3499 1735 ρ
3524 1657 3598 1723 εἷς
3628 1677 3679 1718 ιε

2030 1728 2090 1789 τὸ
2115 1732 2165 1789 λ.
2199 1734 2247 1792 Κ
2254 1731 2480 1812 ρωπίδαι
2505 1730 2607 1814 γὰρ
2631 1734 2795 1812 δῆμος
2821 1737 2913 1806 τῆς
2939 1734 3210 1806 Λεοντίδος
3232 1741 3413 1820 φυλῆς.
3439 1740 3597 1802 ἔπαι-

2029 1816 2110 1886 ξεν
2134 1809 2222 1877 οὗν
2248 1819 2396 1899 παρὰ
2416 1820 2477 1880 τὸ
2502 1819 2787 1907 κλέπτειν.)

2106 1925 2178 1965 80.
2222 1905 2473 1980 σκέπτου,
2491 1907 2718 1967 διανοοῦ.
2745 1918 2808 1965 V.

2105 2013 2176 2052 83.
2220 1982 2355 2069 αἷμα
2377 1990 2614 2075 ταύρειον
2639 2015 2653 2055 :
2678 1993 3010 2074 Δηλητήριον
3033 1995 3243 2076 λέγεται
3260 1999 3321 2058 τὸ
3346 1991 3480 2081 αἷμα
3501 2009 3595 2064 τοῦ

2026 2079 2219 2163 ταύρου
2242 2080 2534 2159 πινόμενον.
2552 2093 2612 2140 R.
3620 2113 3678 2152 20

2105 2189 2177 2230 ει.
2200 2172 2229 2227 6
2250 2168 2668 2246 Θεμιστοκλέους
2691 2189 2704 2228 :
2726 2172 3093 2246 Θεμιστοκλῆς
3115 2175 3159 2250 (6
3178 2179 3595 2257 καταναυμαχή-

2027 2279 2121 2325 σας
2146 2259 2200 2316 ἐν
2239 2261 2305 2336 τῇ
2336 2255 2459 2337 περὶ
2487 2257 2770 2333 Σαλαμῖνα
2798 2258 3071 2340 ναυμαχία
3108 2259 3226 2328 τοὺς
3269 2262 3591 2345 βαρὸάρους,

2025 2335 2117 2404 εἶθ’
2132 2343 2344 2424 ὕστερον
2366 2343 2701 2425 φυγαδευθεὶς
2722 2343 2824 2403 ὑπὸ
2844 2349 2948 2403 τῶν
2968 2346 3279 2426 Ἀθηναίων)
3295 2351 3380 2410 ἐπὶ
3405 2354 3591 2432 προδο-

2026 2432 2142 2499 σίας
2172 2431 2316 2512 αῖτία
2354 2433 2560 2513 ψευδεῖ,
2599 2437 2914 2512 καταφυγὼν
2953 2433 3081 2514 πρὸς
3122 2435 3467 2518 Ἀρταξέρξην
3502 2441 3591 2499 τὸν

2025 2520 2224 2601 Ξέρξου
2256 2523 2451 2593 παῖδα,
2481 2517 2573 2579 καὶ
2607 2519 2841 2597 τιμηθεὶς
2873 2517 2941 2578 τὰ
2979 2520 3201 2600 μέγιστα
3243 2527 3372 2605 παρ’
3402 2528 3592 2603 αὐτοῦ,
3619 2547 3675 2587 25

2028 2611 2114 2686 (ὡς
2132 2611 2222 2667 καὶ
2240 2610 2376 2690 τρεῖς
2388 2607 2564 2675 πόλεις
2578 2611 2650 2675 εἷς
2661 2608 2789 2688 ὄψον
2807 2607 2900 2666 καὶ
2920 2606 3075 2689 ἄρτον
3095 2609 3186 2668 καὶ
3204 2611 3362 2670 ποτὸν
3381 2613 3589 2687 λαὸεῖν,

2025 2695 2356 2774 Μαγνησίαν,
2388 2698 2665 2767 Μυοῦντα,
2699 2693 3036 2774 Λάμψακον,)
3067 2697 3416 2777 ἐπηγγείλατο
3447 2704 3592 2783 αὐτῷ

2021 2783 2083 2841 τὸ
2116 2781 2620 2842 καταδουλώσασθαι
2655 2780 2751 2853 τὴν
2780 2780 3048 2855 Ἑλλάδα,
3088 2784 3308 2863 δύναμιν
3340 2789 3385 2844 εἰ
3413 2787 3590 2850 λάὸοι.

2022 2869 2442 2952 παραγενόμενος
2461 2870 2515 2929 δὲ
2532 2870 2585 2948 (ἅ
2590 2895 2664 2949 μα
2681 2875 2756 2951 τῷ
2781 2870 3138 2951 στρατεύματι
3162 2875 3233 2941 εἰς
3256 2876 3590 2957 Μαγνησίαν)

2022 2958 2111 3017 καὶ
2135 2957 2422 3038 καταγνοὺς
2443 2963 2657 3031 ἑαυτοῦ,
2685 2960 2731 3016 εἰ
2764 2958 2830 3016 δι’
2867 2959 3022 3018 αὐτὸν
3060 2959 3309 3029 σωθέντες
3331 2960 3591 3036 Ἕλληνες
3617 2993 3676 3033 ³0

2022 3048 2087 3106 δι’
2131 3050 2292 3107 αὐτοῦ
2319 3045 2652 3107 δουλεύσουσι
2686 3045 2998 3127 βαρὸάροις,
3023 3048 3281 3129 προφάσει
3316 3051 3592 3131 χρησάμε-

2021 3158 2103 3203 νος
2120 3138 2192 3203 ὡς
2227 3133 2407 3195 θυσίαν
2440 3133 2737 3193 ἐπιτελέσαι
2772 3133 3010 3214 βούλοιτο
3040 3135 3131 3194 καὶ
3167 3138 3501 3217 ίερουργῆσαι
3521 3144 3591 3220 τῇ

2021 3222 2316 3305 Λευκόφρυῖ
2366 3219 2627 3300 Ἀρτέμιδι
2676 3220 3003 3302 καλουμένῃ,
3047 3225 3124 3303 τῷ
3167 3221 3345 3305 ταύρῳ
3385 3227 3593 3295 ὑποθεὶς

2019 3311 2116 3384 τὴν
2139 3310 2349 3392 φιάλην,
2370 3309 2461 3369 καὶ
2485 3307 2862 3383 ὑποδεξάμενος
2881 3309 2942 3367 τὸ
2965 3300 3099 3388 αἷμα
3121 3312 3210 3371 καὶ
3238 3312 3431 3391 χανδὸν
3456 3312 3590 3373 πιὼν

2019 3398 2351 3470 ἐτελεύτησεν
2393 3394 2594 3464 εὐθέως.
2621 3399 2670 3455 οἱ
2705 3393 2764 3454 δέ
2802 3419 2957 3477 φασιν
2981 3394 3062 3455 ὅτι
3090 3398 3333 3465 συνειδὼς
3358 3402 3388 3457 6
3412 3403 3591 3477 Θεμι-
3616 3426 3676 3468 85

2021 3490 2245 3558 στοοιλῆς
2286 3483 2367 3544 ὅτι
2391 3486 2492 3564 οὐχ
2517 3474 2620 3550 οἶός
2653 3505 2711 3542 τε
2738 3473 2803 3555 ἦν
2845 3482 3228 3563 διαπράξασθαι
3267 3488 3343 3567 τῷ
3384 3488 3593 3566 βασιλεῖ

2022 3575 2157 3656 ἅπερ
2193 3572 2568 3655 ἐπηγγείλατο,
2592 3570 2754 3638 οὕτως
2778 3571 2864 3629 ἐπὶ
2887 3569 2983 3642 τὴν
3014 3578 3106 3631 τοῦ
3130 3572 3352 3633 θανάτου
3390 3573 3592 3655 αἵρεσιν

2019 3660 2350 3744 παρεγένετο.
2391 3662 2588 3736 (τοῦτον
2612 3649 2703 3717 οὗν
2724 3657 2813 3718 τὸν
2835 3659 3027 3740 τρόπον
3068 3658 3270 3739 βέλτιον
3304 3650 3439 3720 εἶναί
3459 3683 3592 3742 φασι

2020 3748 2113 3809 καὶ
2140 3746 2326 3816 αὐτοὺς
2354 3749 2652 3819 ἀποθανεῖν,
2679 3744 2819 3806 κατὰ
2847 3749 3001 3818 ζῆλον
3031 3752 3124 3806 τοῦ
3150 3749 3589 3826 Θεμιστοκλέους.

2022 3836 2295 3896 διαὸάλλει
2317 3834 2372 3894 δὲ
2393 3833 2512 3901 τοὺς
2531 3832 2840 3906 Ἀθηναίους
2861 3836 2931 3902 ὥς
2950 3832 3143 3902 κακοὺς
3162 3835 3284 3917 περὶ
3304 3833 3422 3900 τοὺς
3443 3838 3593 3917 εὐερ-
3616 3861 3673 3903 40

2020 3922 2189 4001 γέτας.
2269 3920 2488 3989 Ἄλλως.
2511 3920 2647 3999 μετὰ
2661 3919 2757 3992 τὴν
2777 3918 2974 4000 Ξέρξου
2993 3921 3160 4003 φυγὴν
3180 3922 3592 4000 Λακεδαιμόνιοι

2019 4009 2299 4092 προδοσίας
2321 4008 2554 4090 κρίνουσι
2578 4008 2670 4068 καὶ
2701 4007 2971 4090 φονεύουσι
3004 4007 3316 4068 Παυσανίαν
3346 4008 3436 4068 τὸν
3457 4006 3591 4069 ἴδιον

2024 4097 2273 4178 βασιλέα,
2308 4095 2679 4177 Κλεομὸρότου
2724 4095 2816 4154 καὶ
2854 4094 3134 4163 Ἀλκαθόας
3162 4094 3291 4156 υἱόν.
3333 4093 3592 4166 ἐπικότως
3621 4136 3627 4143 ·

2020 4186 2076 4247 δὲ
2100 4185 2416 4264 διακείμενοι
2437 4183 2569 4267 πρὸς
2589 4182 2960 4262 Θεμιστοκλέα
2987 4180 3074 4242 διὰ
3094 4182 3184 4242 τὸν
3204 4183 3472 4265 τειχισμὸν
3494 4187 3590 4256 τῆς

2021 4275 2294 4348 Ἀττικῆς,
2319 4271 2762 4351 μεταστέλλονται
2792 4271 2946 4330 αὐτὸν
2979 4272 3049 4338 εἷς
3084 4269 3272 4351 κρίσιν,
3302 4270 3588 4352 φάσκοντες
3612 4296 3670 4338 45

2020 4361 2332 4423 Παυσανίαν
2372 4358 2771 4438 ὡμολογηκέναι
2801 4358 2892 4417 καὶ
2933 4356 3090 4416 αὐτὸν
3128 4357 3388 4416 κοινωνεῖν
3433 4359 3487 4416 ἐν
3518 4362 3586 4440 τῇ

2017 4447 2289 4530 προδοσία.
2310 4446 2606 4520 Ἀθηναίων
2629 4445 2685 4506 δὲ
2707 4441 3034 4526 βουλομένων
3055 4441 3389 4503 ἀποστέλλειν
3410 4445 3585 4520 αὐτὸν,

2017 4534 2192 4618 φυγὼν
2216 4510 2314 4608 ’ἷκε
2343 4534 2471 4616 πρὸς
2492 4530 2865 4616 Ἀρταξέρξην,
2892 4530 2984 4591 καὶ
3007 4530 3254 4604 Μηδικὴν
3282 4529 3458 4613 φωνὴν
3487 4557 3589 4610 μα-

2016 4622 2117 4684 θὼν
2140 4622 2367 4693 ἐδίδαξεν
2396 4621 2552 4681 αὐτὸν
2587 4623 2699 4688 πῶς
2728 4619 2895 4680 ἔσωσε
2917 4618 3006 4679 τὸν
3043 4616 3247 4700 πατέρα
3280 4617 3483 4700 Ξέρξην
3507 4618 3584 4697 μὴ

2013 4708 2760 4880 ‘wem
2779 4705 3588 4876 fanan?
3612 4730 3668 4771 ⁶⁰

2014 4892 2257 4972 δωρεῖται
2309 4891 2454 4969 αὐτῷ
2491 4889 2629 4967 τρεῖς
2680 4884 2882 4956 πόλεις,
2935 4880 3251 4960 Μαγνησίαν
3303 4884 3374 4949 εἰς
3423 4882 3583 4956 σῖτον,

2012 4979 2312 5059 Λάμψακον
2338 4979 2409 5043 εἷς
2433 4966 2588 5047 οἶνον,
2619 4976 2869 5035 Μυοῦντα
2893 4973 2964 5038 εἷς
2985 4969 3116 5051 ὄψα,
3142 4973 3213 5036 ὡς
3241 4968 3296 5028 δὲ
3321 4967 3585 5041 Νεάνθης,

2011 5065 2103 5126 καὶ
2160 5060 2448 5145 Περκώτην
2499 5064 2570 5128 εἰς
2610 5056 2889 5140 στρωμνὴν
2947 5055 3040 5118 καὶ
3085 5054 3460 5136 Παλαίσκηψιν
3512 5056 3583 5127 εἷς
