3859 5725
1684 253 1955 319 ‘PLUTL
3280 272 3388 322 551

250 388 324 447 de
351 407 467 466 qua
494 387 671 466 paulo
700 398 831 445 ante
851 385 1001 458 dixi,
1029 384 1255 456 Siculae,
1286 381 1526 442 blandas
1553 386 1780 440 insidias

250 479 586 534 admoveatis
610 497 631 530 .·
654 494 835 551 neque
856 481 1005 532 enim
1031 493 1156 532 eum
1183 477 1458 530 amaverit
1487 476 1590 528 itta
1618 476 1779 545 Laia,

251 572 342 621 cui
372 569 642 642 Diogenes
665 564 975 642 (Cratetem
1024 562 1122 622 alii
1157 573 1451 620 auctorem
1498 559 1640 618 dicti
1689 560 1778 617 fe-

254 656 412 732 runt)
433 656 734 728 adscripsit
748 666 983 709 erectum
1007 654 1321 708 Graecorum
1344 653 1787 725 intemperantia·

255 757 540 818 tmpaeum.
572 746 983 819 Opportunum
1024 740 1225 816 utique
1269 750 1395 797 erat
1437 738 1783 809 admonere,

256 850 329 888 ne
358 831 489 908 quis
517 829 853 906 imprudens
876 829 937 886 in
964 828 1212 886 eundem
1228 872 1245 901 ,
1274 829 1375 906 qui
1407 846 1542 884 sane
1570 825 1786 883 multos

256 919 558 991 fefellerat,
590 937 847 978 errorem
874 917 1189 990 incideret,
1217 915 1288 974 de
1322 914 1551 973 duabus
1580 913 1783 972 eodem

256 1007 493 1066 nomine
510 1006 935 1076 meretricibus,
963 1026 1079 1064 una
1105 1003 1326 1077 Sicula,
1351 1023 1481 1082 quae
1512 1001 1784 1079 Hyccaris

255 1108 384 1153 orta
413 1096 758 1155 Corinthum
788 1095 975 1152 fuerat
1002 1092 1380 1165 venumdata,
1424 1093 1601 1151 altera
1648 1109 1785 1148 vere

255 1184 575 1243 Corinthia.
597 1186 900 1242 neum..-
915 1199 954 1258 9
970 1181 1139 1259 τούτῳ
1159 1186 1229 1240 R.
1243 1227 1259 1255 ,
1278 1183 1379 1259 qui
1414 1201 1484 1238 10
1504 1182 1626 1260 ἐρᾶν
1652 1190 1787 1256 post

253 1271 477 1330 πλοῦτον
498 1271 731 1349 Ρουίῑ.ἡ
748 1274 815 1330 Λ.
837 1268 926 1329 διὰ
942 1269 1032 1328 τὸν
1048 1271 1144 1329 πλ.
1162 1273 1332 1330 G.-1
1351 1289 1373 1326 1
1395 1265 1787 1347 Τιμάνδραςὶὶ.

255 1357 573 1440 Πηγάνδρας
592 1364 667 1420 V.
705 1359 1077 1442 Ἐπιμάνδρας
1113 1359 1243 1419 Ald.
1275 1357 1583 1439 Τιμάνδρας
1604 1355 1787 1415 edidit

253 1449 426 1507 etiam
472 1450 709 1520 llemst„
756 1472 782 1500 α
802 1460 1032 1507 secutus
1074 1449 1445 1507 Plutarchum
1490 1449 1552 1505 in
1604 1444 1788 1505 Alcib.

256 1558 317 1615 p.
340 1538 475 1610 213,
502 1542 577 1611 D,
607 1549 666 1597 et
695 1537 905 1597 Athen.
939 1559 1032 1610 ια,
1063 1558 1121 1615 p.
1144 1537 1282 1612 535,
1306 1541 1368 1597 C.
1390 1540 1523 1597 Nou
1550 1534 1787 1612 quidem

254 1646 348 1685 me
383 1628 533 1704 fugit
574 1625 733 1684 aliud
778 1624 904 1703 ejus
942 1627 1147 1685 referri
1201 1641 1413 1684 nomen
1461 1625 1536 1684 ab
1580 1622 1787 1683 eodem

264 1717 350 1784 13,
384 1735 443 1792 p.
467 1716 603 1788 574,
619 1718 686 1786 F,
720 1711 1111 1795 Δαμασάνδραν
1136 1717 1237 1785 τῆς
1259 1711 1455 1778 Λαίδος
1474 1716 1571 1783 τῆς
1598 1710 1787 1772 νεωτέ-

256 1826 351 1884 ρας
376 1800 611 1884 μητέρα·
636 1802 734 1861 sed
767 1802 913 1860 illud
942 1803 1086 1881 quin
1120 1819 1193 1861 ex
1221 1801 1529 1874 comoedia,
1559 1801 1662 1860 nbi
1693 1802 1789 1860 Ti-

254 1892 512 1963 mandra,
539 1910 668 1969 quae
694 1889 1069 1963 Alcibiadem,
1097 1901 1319 1950 tantum
1348 1892 1566 1960 virum,
1592 1907 1789 1949 amore

255 1980 567 2054 domuerit,
591 1998 627 2037 a
650 1980 1021 2039 comicorum
1052 1979 1247 2057 aliquo
1282 1980 1432 2037 risus
1461 1979 1645 2056 gratia
1674 1981 1790 2037 Da-

256 2069 559 2126 masandra
589 2067 763 2126 fuerit
790 2068 1107 2145 appellata,
1144 2068 1223 2125 sit
1261 2066 1629 2144 depromtum
1671 2068 1786 2125 mi-

255 2156 412 2214 nime
457 2154 708 2214 dubito:
740 2173 931 2232 neque
978 2168 1274 2234 repertum
1314 2156 1387 2213 iri
1428 2155 1640 2227 credo,
1687 2156 1788 2232 qui

257 2245 397 2302 mihi
426 2256 616 2321 neget,
645 2243 715 2302 ad
746 2239 1007 2314 eandem,
1029 2262 1159 2319 quae
1178 2244 1406 2321 scripsit
1436 2248 1691 2302 Demetr.
1713 2245 1787 2304 Π.

255 2336 374 2414 ἑρμ.
408 2331 443 2409 §
477 2334 613 2404 326,
641 2336 669 2391 ὃ
690 2336 785 2405 τῆς
828 2332 1137 2413 Τιμάνδρας
1163 2337 1471 2414 κατηγορῶν
1495 2336 1567 2401 ὣς
1592 2357 1791 2416 πεπορ-

253 2421 524 2495 νευκυίας,
554 2422 842 2498 pertinere
872 2444 886 2479 :
919 2421 1073 2480 unde
1096 2423 1230 2480 licet
1258 2435 1561 2501 appareat,
1590 2437 1791 2482 aucto-

256 2529 376 2569 rem
408 2507 581 2588 hujus
619 2510 867 2570 actionis
892 2510 1223 2569 Timandrae
1248 2511 1546 2569 intentatae
1586 2511 1789 2571 haberi

253 2601 536 2657 incertum
577 2611 638 2657 et
684 2599 1020 2677 neutiquam
1062 2598 1530 2675 reprehensionis
1571 2602 1787 2659 immu-

254 2707 384 2748 nem
401 2731 417 2760 ,
470 2686 751 2765 Hyperidi
810 2699 999 2746 tamen
1042 2686 1379 2746 attributam
1429 2688 1606 2748 fuisse
1648 2710 1792 2748 non-

255 2779 545 2836 nullorum
561 2778 786 2855 judicio
800 2823 815 2852 ‚
841 2778 1040 2836 Suidas
1060 2778 1379 2838 ostenderit
1396 2780 1455 2838 in
1477 2779 1789 2860 Παιδᾶριον,

253 2866 536 2945 siquidem
567 2867 649 2926 ibi
678 2866 983 2944 legendum
1021 2882 1135 2941 est,
1164 2867 1450 2949 Ὑπερίδης
1479 2871 1532 2928 ἐν
1563 2873 1639 2949 τῷ
1660 2870 1790 2952 πρὸς

254 2952 594 3035 Τιμάνδραν,
624 2972 761 3026 non,
787 2954 945 3031 quod
975 2955 1110 3016 edd.
1136 2955 1394 3029 obsidet,
1421 2955 1740 3039 Τίμανδρον.
1763 2986 1790 3014 n

255 3047 483 3099 Hznsr.
517 3043 576 3100 ῑκ
613 3043 808 3121 Καρῶν
842 3046 909 3098 R.
934 3046 1003 3098 V.
1034 3042 1169 3109 Ald.
1198 3047 1535 3100 Correctum
1561 3046 1618 3103 in
1649 3044 1786 3103 edit.

258 3131 458 3202 Basil„
488 3129 548 3186 iu
591 3148 707 3205 qua
749 3128 1069 3205 typothetae
1105 3128 1277 3204 culpa
1322 3148 1654 3205 expressum
1702 3146 1791 3191 est

256 3213 309 3282 ἐξ
334 3216 665 3296 δικαρῶν--
685 3217 755 3272 16
780 3234 864 3294 sq.
883 3212 1096 3291 λέγουσι
1114 3212 1170 3272 δὲ
1191 3226 1298 3273 etc.
1321 3214 1487 3274 Ordo
1511 3218 1789 3276 orationis

260 3316 416 3361 vetat
439 3322 513 3360 ne
555 3305 684 3380 quis
711 3302 835 3361 haec
866 3303 942 3361 de
982 3303 1095 3361 alia
1140 3302 1265 3360 dici
1299 3303 1588 3361 existimet
1614 3324 1787 3382 quam

257 3390 592 3452 Timandra.
613 3395 742 3449 Jam
762 3406 948 3468 pone,
977 3390 1348 3449 Timandram
1374 3393 1585 3471 olymp.
1608 3403 1706 3471 94,
1738 3416 1787 3468 1,

256 3499 376 3557 quo
405 3491 652 3537 mortem
689 3479 940 3557 oppetiit
974 3478 1337 3554 Alcibiades,
1386 3500 1567 3541 annos
1616 3483 1790 3543 fuisse

257 3580 449 3626 natam
475 3566 789 3625 admodum
815 3567 1061 3645 viginti:
1084 3584 1511 3644 ιμιειηςοειηυιε
1534 3571 1644 3629 hoc
1671 3573 1790 3648 qui-

258 3654 390 3713 dem
425 3654 614 3733 ipsum
644 3654 978 3713 difficultate
1000 3667 1177 3728 caret,
1202 3675 1350 3727 eam,
1374 3676 1497 3734 quae
1515 3678 1549 3717 a
1569 3660 1789 3737 Diony-

256 3745 345 3803 sio
376 3744 448 3822 (is
475 3756 667 3801 autem
701 3743 1067 3820 tyrannidem
1095 3744 1306 3803 invasit
1332 3746 1553 3823 olymp.
1597 3749 1697 3824 93,
1731 3748 1786 3827 4)

256 3831 581 3890 Philoxeno
609 3831 766 3888 dono
799 3831 933 3889 data
963 3832 1310 3891 Corinthum
1343 3835 1639 3910 pervenit,
1665 3836 1787 3913 jam

256 3932 390 3978 ante
447 3937 579 3977 cum
632 3918 932 3978 Alcibiade
982 3920 1340 3979 familiariter
1404 3926 1785 3983 consuevisse.

259 4015 473 4067 Vemm
498 4007 611 4065 ista
636 4022 729 4064 res
758 4008 820 4065 in
847 4024 1272 4085 quamcumque
1302 4023 1525 4087 partem
1547 4013 1789 4090 accipia-

259 4110 381 4167 tur,
398 4115 560 4154 nunc
587 4110 716 4154 mea
735 4094 881 4153 nihil
907 4094 1088 4153 refert
1112 4118 1126 4152 :
1156 4094 1303 4153 illud
1326 4097 1610 4170 volebam,
1633 4101 1789 4158 inter

259 4197 503 4243 mortem
539 4182 889 4256 Alcibiadis,
925 4196 1100 4260 atque
1133 4184 1447 4244 Alexandri
1490 4188 1550 4244 in
1591 4190 1788 4248 Asiam

256 4270 723 4350 expeditionem,
754 4288 883 4349 quae
916 4271 1124 4329 incidit
1172 4272 1231 4329 in
1268 4272 1484 4350 olymp.
1541 4294 1680 4347 111,
1731 4278 1785 4348 3,

255 4381 436 4419 annos
457 4360 839 4419 intervenisse
866 4378 960 4433 70·
988 4358 1349 4419 Habebimus
1368 4360 1548 4438 igitur
1563 4363 1789 4422 Timan-

256 4449 419 4508 dram
444 4449 696 4528 puellam
725 4449 1192 4525 nonagenariam,
1211 4456 1371 4507 certe
1392 4449 1623 4527 dignam
1662 4472 1790 4530 quae

260 4536 319 4595 id
361 4537 544 4595 aetatis
577 4536 779 4614 juveni
829 4556 1030 4615 regum
1075 4537 1328 4596 maximo
1376 4551 1537 4615 grata
1594 4559 1787 4601 comes

256 4625 594 4687 adhaereret.
624 4624 782 4698 Quid
819 4628 1001 4703 ergo?
1046 4637 1112 4683 ut
1151 4627 1343 4703 aliqua
1381 4626 1580 4685 saltem
1624 4642 1787 4707 parte

257 4714 560 4791 scrupulus
604 4714 923 4788 eximatur,
953 4715 1289 4773 tentandum
1308 4722 1416 4787 est,
1448 4734 1522 4773 an
1554 4715 1787 4777 inverso

256 4801 506 4860 duarum
537 4802 910 4880 periodorum
940 4803 1144 4861 ordine
1168 4805 1428 4862 succurri
1453 4807 1672 4882 possit:
1700 4829 1788 4866 πε-

257 4889 496 4969 ριὸόητος
528 4882 593 4962 ἦν
655 4890 870 4970 ἑταιρίας.
902 4897 938 4964 ἡ
976 4890 1034 4950 δὲ
1061 4885 1197 4958 Λαῒς
1220 4891 1583 4973 ἐπὼημοτίρα
1607 4892 1787 4972 γέγονε

254 4983 349 5049 τῆς
374 4977 570 5059 μητρὸς
592 4980 647 5037 ἐν
671 4977 906 5060 Κορίνθῳ
924 5002 939 5017 ·
960 4981 1172 5058 λέγουσι
1198 4976 1281 5052 δὲ,
1308 4980 1388 5041 ὅτι
1416 4980 1530 5058 ἅμα
1558 4981 1790 5051 Ἀλεξάν-

256 5067 363 5148 δρῳ
390 5065 729 5144 ἀπεδήμησεν
756 5068 826 5133 εἰς
856 5067 1067 5147 Πέρσας
1092 5070 1153 5128 ἐκ
1179 5071 1463 5151 Κορίνθου·
1493 5069 1705 5152 ὕστερον
1731 5070 1787 5131 δὲ
1825 5125 1841 5153 ¹

1867 385 1959 444 καὶ
1988 376 2131 452 αὗθις
2148 385 2491 464 ἀπεδήμησεν
2507 403 2638 463 eta,
2662 409 2778 447 uon
2800 390 2955 467 quod
2977 389 3050 450 de
3070 390 3194 469 ipsa
3221 394 3399 453 Laide

1870 472 2013 530 nihil
2071 476 2412 551 impeditum
2467 489 2685 536 restare
2737 490 2968 556 putem3
3016 483 3229 541 etenim
3276 483 3399 541 haec

1869 580 2105 638 quoque
2130 564 2372 623 nimium
2405 568 2617 638 vetula,
2637 585 2808 643 quam
2837 579 2900 624 ut
2923 568 3254 629 Alexandro
3281 573 3401 650 pla-

1869 667 2001 707 cere
2037 653 2295 728 potuisse
2338 654 2607 712 credatur
2645 674 2659 709 :
2709 653 2810 712 sed
2854 655 3014 732 quod
3064 678 3400 736 persuasum

1871 737 2014 795 mihi
2042 740 2141 810 sit,
2161 740 2220 796 in
2246 761 2446 799 errore
2463 743 2680 800 versari
2708 743 2796 799 vel
2825 757 3034 820 sponte
3057 765 3158 804 sua
3178 748 3402 824 lapsum

1872 838 2264 885 enarrator-em
2313 841 2574 887 nostrum
2595 873 2612 901 ,
2658 831 2748 887 vel
2793 850 2975 908 pravo
3013 832 3148 893 duci
3189 848 3403 895 temere

1871 912 2242 990 obsecutum,
2269 919 2372 996 qui
2400 939 2510 995 pro
2535 917 2760 978 Thaide
2804 920 2985 979 literae
3024 923 3404 984 similitudine

1872 1000 2151 1081 deceptus
2181 1005 2420 1064 Laidem
2461 1007 2851 1085 supposuerit.
2893 1011 3177 1086 Equidem
3207 1014 3266 1071 in
3301 1035 3404 1072 co-

1874 1089 2080 1149 mitatu
2115 1093 2432 1152 Alexandri
2475 1113 2664 1171 neque
2692 1095 3101 1170 Timandram,
3134 1120 3240 1158 uec
3268 1105 3403 1162 Lai—

1873 1174 2007 1234 dem
2038 1199 2280 1257 usquam
2307 1182 2501 1240 inveni
2527 1204 2540 1239 :
2574 1194 2633 1239 at
2657 1196 2845 1241 certos
2864 1196 3037 1243 testes
3069 1188 3247 1247 citare
3270 1191 3406 1248 licet

1875 1266 2226 1325 Clitarchum
2255 1270 2413 1347 apud
2446 1271 2653 1328 Athen.
2694 1273 2780 1338 13,
2811 1291 2874 1349 p.
2908 1273 3042 1346 576,
3071 1278 3139 1347 E,
3168 1289 3228 1334 et
3265 1280 3406 1337 Plu-

1878 1353 2060 1410 tarch.
2079 1356 2135 1411 in
2151 1356 2317 1414 Alex.
2338 1376 2395 1434 p.
2416 1359 2555 1430 6873
2575 1365 2644 1427 A,
2664 1359 2901 1436 quinon
2920 1362 3170 1423 adfuisse
3181 1377 3404 1426 tantum

1875 1440 1936 1498 in
1972 1444 2204 1502 Perside
2239 1445 2542 1520 Thaidem,
2575 1447 2675 1506 sed
2713 1445 2838 1524 ejus
2873 1450 3046 1508 etiam
3095 1456 3408 1514 temulenta

1877 1532 2175 1605 protervia
2203 1534 2419 1608 factum
2450 1535 2723 1607 doceant,
2761 1551 2830 1596 ut
2875 1536 3143 1614 subjectis
3186 1542 3408 1602 facibus

1876 1619 2035 1696 regia
2057 1625 2366 1680 Persarum
2387 1623 2755 1702 conflagrarit
2775 1648 2790 1685 ι
2813 1628 3038 1686 tametsi
3057 1627 3128 1688 de
3159 1644 3278 1689 toto
3295 1633 3407 1691 hoc

1876 1707 2115 1781 negotio
2137 1709 2280 1785 quid
2313 1712 2573 1782 senserit,
2604 1712 2742 1770 dum
2776 1725 2926 1772 tacet
2957 1717 3251 1790 Arrianus,
3271 1721 3409 1777 satis

1877 1793 2103 1853 clamat.
2134 1798 2297 1855 Conf.
2327 1811 2386 1856 et
2407 1802 2597 1859 Vales.
2621 1801 2682 1858 in
2701 1807 2835 1861 Not.
2860 1807 3146 1863 Maussac.
3170 1806 3242 1865 ad
3267 1811 3409 1867 Har-

1880 1900 2044 1958 pocr.
2077 1903 2136 1961 p.
2169 1887 2302 1946 310.
2321 1888 2537 1945 Esusr.
2555 1923 2616 1936 —
2636 1909 2723 1964 ¹9·
2746 1893 2802 1947 Is
2830 1893 3216 1966 Eurylochus,
3241 1908 3304 1952 ut
3327 1899 3412 1955 vi-

1879 1970 2071 2042 detur,
2100 1974 2202 2049 qui
2230 1978 2528 2036 Socratem
2560 1977 2862 2049 invitavit3
2894 1980 3064 2058 Diog.
3109 1986 3177 2040 L.
3215 2003 3269 2056 ο,
3303 1985 3411 2060 253

1880 2058 2085 2118 Liban.
2131 2062 2249 2121 vol.
2297 2084 2348 2136 1,
2395 2083 2456 2141 p.
2504 2065 2618 2122 682
2650 2069 2696 2124 C
2737 2067 2820 2140 (3,
2859 2086 2918 2144 p.
2961 2069 3056 2144 59,
3103 2089 3125 2126 1
3169 2073 3408 2149 Reisk.).

1878 2150 2100 2206 Hans-r.
2121 2150 2182 2207 in
2201 2150 2423 2210 schedis
2442 2156 2583 2210 Mss.
2603 2154 3031 2231 Hippolochum
3054 2177 3087 2215 a
3104 2159 3412 2219 Plutarcho

1879 2239 2030 2294 Mor.
2065 2256 2126 2314 p.
2160 2240 2297 2311 767,
2324 2244 2388 2312 F,
2421 2241 2618 2297 vocari
2658 2255 2852 2300 monet
2887 2246 3189 2304 BentleiuS.
3224 2249 3408 2307 Dona.

1876 2327 2031 2382 -23
2078 2345 2164 2404 sq.
2206 2325 2434 2396 ξυλίναις
2468 2327 2745 2408 χελώναις.
2779 2331 3027 2390 Timaeus
3057 2351 3129 2391 au
3179 2338 3413 2396 Polemo

1879 2412 2034 2490 (uter
2070 2416 2223 2473 enim
2253 2416 2588 2490 tradiderit,
2616 2436 2722 2494 per
2758 2430 3105 2478 structuram
3135 2425 3414 2484 orationis

1879 2500 2115 2560 dubiam
2137 2504 2324 2564 miuus
2342 2516 2428 2562 est
2454 2504 2742 2584 apertum)
2763 2506 2992 2565 crudele
3010 2505 3412 2570 Thessalarum

1878 2590 2100 2650 facinus
2127 2605 2322 2651 narrat
2349 2592 2502 2671 apud
2529 2594 2739 2652 Athen.
2778 2599 2866 2666 13,
2895 2615 2954 2672 p.
2985 2595 3125 2671 589,
3155 2603 3206 2656 A
3238 2622 3253 2657 ε
3281 2600 3415 2658 inde

1881 2679 2074 2738 verbis
2116 2681 2318 2739 iisdem
2352 2682 2471 2740 fere
2508 2683 2711 2740 sumsit
2749 2683 3101 2743 scholiastes.
3146 2688 3412 2745 Vicissim

1878 2768 2202 2826 scholiastae
2231 2789 2334 2828 sua
2371 2770 2585 2828 debent
2630 2769 2867 2841 suidas,
2913 2772 3014 2848 qui
3057 2773 3174 2830 haec
3214 2776 3414 2851 paucis

1879 2856 2107 2916 omissis
2134 2856 2192 2915 in
2215 2879 2271 2917 v.
2301 2856 2527 2929 Χελώνη
2545 2856 2871 2936 descripsit,
2898 2870 2957 2916 et
2995 2862 3290 2920 Helladius
3318 2884 3412 2941 ap.

1879 2946 2143 3005 Photium
2164 2965 2220 3022 p.
2247 2947 2386 3020 872,
2418 2965 2531 3004 20:
2563 2966 2718 3019 nam,
2753 2966 2829 3003 ne
2863 2946 3113 3021 dubites,
3142 2951 3416 3027 praecedit

1881 3032 2207 3091 observatio
2244 3033 2318 3091 de
2347 3031 2673 3110 μονώτατος,
2702 3032 2860 3110 quod
2905 3035 3037 3093 licet
3063 3055 3098 3093 a
3126 3055 3415 3113 gramma-

1882 3122 2007 3180 ticis
2030 3140 2142 3199 pro
2168 3123 2380 3180 soloeco
2408 3120 2705 3193 habeatur,
2725 3140 3030 3198 usurpasse
3058 3135 3248 3184 tamen
3292 3130 3419 3187 Ari-

1879 3213 2221 3291 stophanem
2256 3226 2476 3282 monet3
2503 3213 2664 3289 atqui
2706 3213 2909 3271 tertius
2942 3212 3016 3272 ab
3058 3215 3169 3273 hoc
3219 3234 3414 3279 versus

1878 3321 2014 3360 eum
2034 3302 2448 3379 superlativum
2471 3300 2664 3359 offert.
2686 3299 2778 3360 Ab
2796 3301 2910 3359 alio
2930 3301 3089 3361 sonte
3125 3303 3415 3368 derivasse
3439 3302 3446 3311 ’

1879 3409 2007 3466 quae
2037 3388 2237 3447 scribit
2263 3390 2324 3447 in
2353 3388 2629 3471 Ἐρωτικῷ
2658 3409 2715 3467 p.
2749 3392 2863 3459 768
2882 3432 2900 3463 ,
2926 3398 2976 3448 A
2995 3435 3011 3460 ‚
3037 3393 3413 3455 Plutarchum

1878 3496 1997 3535 nou
2021 3475 2268 3535 obscure
2284 3477 2486 3555 liquet,
2505 3489 2574 3535 ut
2591 3479 2691 3554 qui
2717 3477 2949 3551 referat,
2967 3491 3090 3538 tum
3115 3482 3413 3544 Thessalas

1877 3567 1939 3625 in
1970 3567 2246 3644 templum
2269 3567 2511 3625 Veneris
2537 3564 2844 3624 adductam
2871 3567 3065 3641 Laida,
3094 3568 3414 3648 lapidibus-

1877 3677 1993 3735 que
2021 3657 2291 3716 obrutam
2318 3657 2707 3728 interemisse,
2752 3669 2872 3714 tum
2902 3662 3185 3718 Venerem
3230 3683 3300 3720 ex
3342 3678 3412 3723 eo

1877 3765 2013 3805 casu
2059 3746 2272 3805 dictam
2311 3743 2623 3826 ἀνδροφόνον
2661 3764 2833 3822 :quae
2867 3757 3056 3804 tamen
3102 3751 3411 3826 appellatio

1877 3833 2343 3913 quandoquidem
2374 3835 2488 3906 rei,
2513 3834 2678 3911 cujus
2707 3834 3072 3911 designandae
3099 3828 3412 3899 causa'fuit

1874 3925 2167 4001 imposita,
2192 3923 2504 3980 convenire
2531 3942 2647 3979 non
2669 3922 2918 3993 videtur,
2943 3923 3092 3981 forte
3122 3927 3323 3984 melius
3353 3929 3410 3986 in

1876 4008 2213 4094 ἀνοσιοφόνου
2266 4009 2731 4069 commutabitur.
2780 4015 2930 4068 Sunt
2974 4023 3167 4070 autem
3215 4008 3412 4080 ξύλιναι

1874 4102 2105 4179 χελῶναι
2132 4097 2377 4159 scabella
2407 4100 2616 4177 lignea,
2646 4118 2775 4177 quae
2797 4099 2887 4157 vel
2910 4097 3154 4176 pedibus
3185 4112 3412 4182 suppo-¹.

1876 4200 2115 4260 nuntur,
2149 4188 2241 4245 vel
2269 4204 2569 4245 ascensum
2594 4186 2656 4244 in
2688 4187 2864 4244 lectos
2888 4183 3150 4263 praebent
3183 4210 3198 4245 :
3231 4209 3411 4266 quare

1875 4274 2115 4357 χελώνην
2159 4274 2482 4352 Hesychius
2528 4273 2942 4351 interpretatur
2983 4274 3295 4348 ὑποπόδιον,
3339 4298 3407 4335 ex

1876 4371 2032 4425 Sext.
2083 4362 2305 4441 Empir.
2349 4361 2496 4420 Adv.
2539 4360 2812 4420 mathem.
2867 4382 2919 4436 1,
2963 4363 2997 4437 §
3032 4362 3144 4420 246
3172 4383 3189 4423 :
3220 4361 3280 4422 τὸ
3326 4364 3411 4445 ὕφ’

1874 4455 2029 4530 ἡμῶν
2071 4448 2386 4528 καλούμενον
2428 4448 2710 4508 ὑποπόδιον
2741 4447 3000 4521 Ἀθηναῖοι
3026 4448 3116 4508 καὶ
3145 4451 3295 4509 Κῶοι
3319 4472 3414 4530 χε-

1874 4538 2070 4598 λωνίδα
2096 4540 2370 4597 καλοῦσιν·
2397 4538 2549 4597 unde
2578 4537 2833 4597 dubitari
2857 4556 2972 4596 non
3001 4551 3215 4616 potest,
3246 4542 3410 4616 quin,

1875 4627 2086 4704 rejecta
2113 4628 2621 4705 grammaticorum
2660 4627 3074 4704 explicatione,
3108 4626 3305 4687 eadem
3335 4628 3411 4686 sit

1874 4718 2050 4794 hujus
2075 4715 2336 4775 vocabuli
2356 4728 2607 4794 potestas
2627 4714 3022 4793 amplectenda
3054 4715 3271 4774 Judith.
3310 4725 3374 4785 14
3391 4761 3409 4790 ,
3481 4718 3486 4727 ⁴

1882 4806 1973 4866 15.
2011 4805 2248 4864 Notavit
2286 4804 2610 4881 HStephan.
2645 4804 2705 4862 in
2741 4803 2936 4874 Thes.,
2975 4805 3188 4881 partim
3226 4817 3410 4878 recte,

1876 4896 2088 4974 partim
2111 4912 2289 4952 secus.
2313 4898 2579 4953 Ceterum
2599 4893 2742 4950 iram
2762 4892 3019 4962 Veneris,
3040 4910 3172 4967 quae
3192 4891 3407 4950 caedem

1877 4985 1934 5042 in
1984 4984 2288 5041 mulierum
2333 4981 2744 5040 formosissima
2781 4991 3064 5058 patratam
3103 4978 3253 5038 ferre
3289 4999 3406 5038 non

1878 5074 2098 5151 potuit,
2146 5072 2283 5150 quin
2331 5071 2582 5128 immissa
2624 5082 2780 5147 peste
2803 5069 3206 5143 ulcisceretur,
3254 5068 3412 5127 solus
