3859 5725
1367 289 2357 355 TnEsMOPHoRIAzUSARUM.

282 439 327 498 ol
353 439 500 500 οῧδὶν
520 438 642 521 Ῐχον
664 438 865 498 codex:
896 433 1119 519 Σφηξὶν,
1152 455 1209 494 v.
1237 455 1259 493 1
1280 436 1415 507 234,
1440 433 1542 494 ubi
1569 454 1624 492 v·
1649 433 1814 492 scho-

3271 297 3278 304 ’
3314 299 3426 352 609

1989 432 2100 496 274
2126 422 2300 482 habet
2323 422 2530 483 Suidas
2552 443 2596 483 s.
2625 421 2847 502 Ἀρδην,
2871 442 2944 481 ex
2966 443 3085 501 quo
3107 422 3368 483 additum
3396 422 3430 480 3

284 527 552 601 lim-447
588 526 732 608 ὡνὴρ
769 526 1065 585 00d01,-
1091 524 1167 593 48
1193 521 1364 601 μένειν
1386 524 1686 582 Dobraeus,
1718 517 1814 599 μὲν
1902 513 2031 584 τοῦ,
2056 513 2106 610 .5
2150 515 2306 570 τοῦτο
2350 510 2519 582 δηλοῖ.
2568 516 2707 569 Post
2746 511 2906 589 quod
2944 509 3290 571 vocabulum
3337 511 3435 570 ille

287 603 418 675 εἶναι
470 616 672 675 codex.
704 656 782 668 -
823 615 898 672 5ο
960 612 1185 690 corrige
1238 609 1426 688 λέγων.
1478 609 1820 687 Typothetae
1907 610 2098 675 Perglt
2125 597 2240 655 ἀντὶ
2262 601 2353 657 τοῦ
2375 596 2595 665 πάντας·

287 702 480 781 lapsus
501 704 659 782 λέγω.
683 702 801 763 ἀλλ’
828 701 1075 762 inseruit
1094 699 1530 761 Dindorfius.—
1549 699 1621 756 52
1646 698 1815 756 Πελο-

290 791 507 862 πονήσιε
528 792 732 853 codex.
1638 791 1646 798 ⁵

1994 685 2067 741 28
2081 706 2102 740 1
2138 689 2268 742 Put.
2300 688 2394 755 τῆς
2418 682 2714 749 ἀναδόσεως
2733 686 2824 742 τοῦ
2844 688 3071 742 καπνοῦ.

1995 773 2103 840 284
2130 777 2254 831 Put.
2277 774 2483 850 ἀγγεῖον
2515 774 2566 829 ἐν
2588 762 2632 852 ᾧ
2661 769 2726 828 τὰ
2760 770 3017 851 βρώματα
3041 771 3256 830 ἐτίθουν.
3279 773 3441 831 Idem

373 881 513 956 198,
550 900 584 937 2
608 877 1000 958 supplendum
1025 876 1257 935 videtur
1294 874 1451 945 δῆλον
1490 871 1571 932 ὅτι
1594 877 1683 933 vel
1727 894 1823 952 φα·
1910 860 1985 918 ad
2017 861 2133 917 285
2166 862 2400 938 (2873’),
2424 858 2508 926 δὸς
2528 856 2656 918 ὥστ’
2686 857 2826 938 ἔχειν
2854 882 2937 936 με.
2975 860 3063 917 Ad
3104 862 3218 917 286
3244 860 3379 939 (287
3393 860 3439 935 Ρ)

292 964 434 1047 νερδν
455 964 551 1026 ὅτι.
573 973 850 1026 Dmn.—
872 965 905 1022 3
944 967 1040 1025 οὔκ
1077 964 1236 1023 ἄλλον
1277 963 1482 1021 codex.
1518 967 1588 1021 In
1620 960 1819 1020 eodem
1912 947 2240 1007 meur-nx&
2271 947 2334 1008 τὸ
2354 953 2557 1028 σχῆμα·
2586 948 2680 1007 Ad
2704 950 2840 1019 288,
2871 946 2953 1013 δὸς
2979 949 3171 1006 λαθεῖν.

294 1064 426 1130 post
453 1054 669 1136 κορυδὸν
702 1054 897 1113 tenuia
935 1064 1155 1111 tantum
1185 1064 1497 1129 supersunt
1533 1050 1824 1107 literarum

294 1142 529 1218 vestigia
555 1164 893 1201 αντωνυσιου.
924 1139 1218 1200 Dindorfii
1248 1154 1334 1198 est
1359 1138 1516 1197 αὐτὸν
1553 1136 1826 1212 ὠνόμασεν

296 1228 412 1286 ἀλλ’
432 1226 467 1299 ἢ
490 1230 692 1306 (codex
711 1228 972 1301 ἄλλη).-
993 1229 1026 1286 5
1048 1228 1297 1286 indicavi
1320 1230 1605 1287 lacunam.
1633 1224 1829 1284 Codex

294 1315 476 1374 literis
526 1336 714 1396 prope
763 1316 1092 1375 obliteratis
1141 1316 1434 1392 λελυθημαι
1485 1312 1599 1372 ὅθεν
1636 1311 1829 1391 [apud

296 1404 617 1462 Bekkerum
658 1407 691 1483 β
969 1403 1109 1482 δεν],
1154 1423 1281 1480 quae
1331 1414 1494 1461 tanto
1542 1402 1733 1459 minus
1770 1400 1831 1457 in

296 1490 584 1568 integrum
615 1492 841 1550 restitui
868 1503 1132 1570 possunt,
1152 1512 1331 1568 quum
1355 1491 1525 1568 plura
1552 1486 1832 1547 excidisse

301 1579 666 1637 manifestum
700 1580 793 1637 sit.
831 1579 1127 1658 λελυθημαι
1151 1579 1336 1637 simile
1359 1590 1445 1636 est
1470 1576 1653 1635 verbo
1673 1572 1834 1633 λελύ-

298 1689 493 1744 πημαι.
507 1672 692 1726 Dmn.
710 1672 900 1743 Quum
916 1668 977 1726 in
999 1668 1105 1726 hac
1120 1665 1313 1725 fabula
1335 1667 1407 1724 de
1424 1667 1610 1744 poetis
1623 1662 1836 1723 dixerit

303 1754 642 1828 Teleclides‚
684 1755 908 1814 τάλαινα
946 1776 1069 1813 esse
1108 1755 1292 1834 possit
1328 1755 1522 1812 Poesis
1550 1753 1641 1811 vel
1675 1771 1836 1810 musa

304 1843 558 1920 AEschyli
585 1845 711 1914 avi,
735 1844 829 1902 cui
854 1843 972 1901 vim
998 1843 1201 1902 fecerit
1238 1843 1540 1903 Philocles.
1567 1840 1834 1918 Conjeci:

463 1973 605 2033 Ἀλλ’
631 1978 668 2045 ἡ
696 1973 917 2033 τάλαινα
945 1972 1220 2034 Φιλοκλέα
1251 1972 1617 2053 βδελύττεται,

462 2057 544 2120 ὅτι
562 2060 778 2140 [γύννις]
807 2061 951 2120 ἐστὶν
979 2060 1248 2141 Αἰσχύλου
1276 2062 1501 2143 φρόνημ’
1527 2060 1683 2141 ἔχων.

308 2184 570 2252 Quorum
597 2181 758 2258 prius
789 2178 1123 2259 βδελύττεται
1150 2204 1267 2241 11011
1296 2182 1680 2261 improbabile
1709 2182 1839 2240 exi-

309 2268 510 2337 stim03
538 2268 638 2327 sed
668 2288 782 2346 pro
817 2266 989 2346 γύννις
1030 2271 1186 2329 aliud
1223 2272 1573 2331 vocabulum
1615 2270 1842 2329 deside-

309 2367 475 2413 ratur
493 2355 760 2414 ductibus
780 2356 1077 2416 literarum
1095 2373 1155 2419 et
1176 2358 1630 2436 praecedentibus
1648 2359 1843 2419 verbis

312 2441 496 2521 μικρὸς
518 2442 609 2501 καὶ
632 2443 850 2526 αἰσχρὸς
871 2448 1378 2507 accommodatius.

398 2552 528 2607 199.
555 2537 806 2609 Zeugma
825 2534 1046 2592 scilicet
1068 2548 1271 2594 notare
1293 2537 1509 2608 voluit,
1546 2536 1707 2614 quod
1736 2536 1843 2594 hac

311 2616 573 2676 solvebat
606 2620 866 2678 ratione:
893 2618 986 2687 τὰς
1020 2619 1290 2704 συμφορὰς
1328 2622 1429 2705 γὰρ
1457 2623 1577 2703 οὐχὶ
1612 2631 1719 2690 τοῖς
1754 2646 1845 2681 τε-

314 2704 617 2784 χνᾶσμασιν
655 2705 922 2789 ἐκφεύγειν
961 2707 1189 2784 δίκαιον,
1225 2709 1359 2770 ἀλλὰ
1394 2721 1503 2778 τοῖς
1532 2711 1843 2790 παθήμασιν

313 2790 504 2875 φέρειν.
534 2798 685 2854 Cave
716 2797 1014 2856 existimes
1035 2800 1403 2859 scholiastam
1429 2800 1598 2860 aliter
1621 2801 1842 2879 legisse.

312 2887 622 2942 Fnrrzscu.

396 2971 528 3030 215.
576 2977 664 3031 De
711 2974 933 3032 Cratini
976 2974 1169 3034 fabula
1212 2996 1267 3035 v.
1307 2976 1576 3035 Dindorl'.
1621 2977 1693 3035 ad
1740 2976 1848 3033 fra-

317 3071 551 3134 gmenta
601 3061 901 3139 Aristoph.
945 3081 1005 3139 p.
1050 3070 1123 3137 94
1162 3062 1258 3120 ed.
1316 3065 1477 3140 Lips.
1507 3076 1565 3121 et
1596 3064 1846 3121 Meinek.

313 3149 477 3203 Com.
504 3150 561 3219 1,
603 3165 661 3222 p.
682 3146 755 3203 53
781 3167 904 3225 sqq.

400 3252 515 3290 220
545 3231 719 3291 scrib.
753 3235 913 3293 αὗτοῧ
947 3278 962 3293 .
986 3279 1001 3292 .
1027 3276 1043 3292 .
1092 3239 1227 3293 Haec
1269 3236 1509 3295 fortasse
1544 3238 1616 3296 de
1644 3240 1850 3317 proxi-

319 3338 547 3378 morum
570 3320 888 3380 verborum
918 3329 1149 3400 γενναῖος
1171 3312 1222 3380 εἶ
1242 3325 1626 3402 explicatione
1649 3346 1851 3403 super-

318 3419 473 3465 sunt.
498 3414 678 3468 Dum.

402 3512 513 3551 221
551 3495 707 3573 apud
732 3498 1052 3556 Bekkerum
1077 3498 1210 3556 καλ.
1234 3539 1249 3557 .
1274 3545 1287 3556 .
1303 3521 1432 3557 εναι.

402 3591 515 3651 224
534 3626 551 3654 ,
612 3590 683 3652 24
744 3584 826 3641 sic
875 3585 1230 3644 Dindorfius.
1289 3587 1491 3646 Codex
1537 3609 1606 3646 ιε.
1632 3610 1697 3647 ,α
1744 3589 1849 3647 τῶν

317 3672 367 3728 ἱε
401 3668 541 3729 είων.

372 3692 551 3831 ρ232,
583 3779 660 3836 29
694 3759 1082 3841 προὸάλλεται,
1132 3762 1203 3820 31
1252 3782 1339 3841 sq.
1379 3761 1436 3820 δὲ
1468 3761 1673 3846 εἴρηκε,
1720 3762 1851 3823 διότι

320 3847 407 3926 ὶψ.
439 3846 644 3905 Suidas
666 3868 711 3906 s.
741 3846 937 3914 Ψιλός.

405 3933 518 4001 245
553 3938 678 3994 Put.
721 3935 966 4010 αῖθάλης,
1011 3940 1258 4009 στακτῆς.
1303 3939 1472 3998 Conf.
1512 3939 1749 3999 suidam
1790 3962 1848 4002 v·

331 4019 591 4086 Δσὸολος.

404 4109 519 4175 246
553 4112 681 4166 Put.
708 4129 722 4165 t
756 4105 949 4184 μεταξὺ
970 4113 1218 4189 πρωκτοῦ
1239 4133 1298 4169 τε
1325 4109 1414 4169 καὶ
1443 4111 1639 4171 αἰδοίου
1671 4111 1847 4181 τόπος.

400 4194 537 4261 258,
562 4197 635 4264 43
657 4191 748 4253 καὶ
772 4197 844 4261 ὣς
865 4194 996 4272 γυνὴ
1032 4198 1239 4257 Suidas
1259 4218 1305 4256 s.
1333 4199 1630 4279 Περίθετος.
1657 4202 1853 4261 Codex

319 4283 394 4347 ὥς
417 4283 544 4360 γυνὴ
567 4279 753 4341 καὶ-
782 4290 853 4353 44
881 4280 1094 4359 λέγουσι
1115 4283 1170 4342 δὲ
1191 4282 1282 4343 καὶ
1301 4287 1462 4345 malit
1487 4288 1850 4348 Fritzschius.

322 4405 405 4417 —
443 4374 517 4442 45
566 4371 892 4451 παντευχίαν
941 4374 1019 4433 δεῖ
1060 4376 1404 4434 Meinekius.
1435 4406 1518 4424 —
1548 4378 1621 4446 46
1669 4381 1853 4438 codex

321 4461 552 4522 ἔνσταθι.

410 4552 517 4608 261
536 4591 553 4619 ,
583 4557 659 4623 49
692 4547 1054 4626 εἷστεταμένον
1079 4550 1286 4609 Suidas
1313 4572 1546 4630 quoque
1564 4573 1607 4611 s.
1644 4553 1855 4628 Κλινίς,

322 4637 429 4696 nbi
477 4641 769 4694 Porsonus
813 4634 1175 4714 ἐκτεταμένον.
1218 4644 1446 4697 Poterat
1492 4640 1855 4717 probabilius

323 4727 441 4786 ἔστι
464 4721 771 4801 τεταμένον.
799 4729 979 4785 Dum.
1010 4731 1097 4785 Ita
1131 4726 1306 4785 etiam
1330 4728 1693 4788 Fritzschius.

410 4813 524 4886 273
565 4811 761 4870 addidi
804 4810 859 4879 ὃς
896 4826 955 4871 et
998 4815 1266 4872 lacunam
1315 4815 1583 4875 indicavi.
1624 4819 1857 4878 Excidit

325 4900 633 4980 epitheton
673 4899 911 4976 aliquod
939 4899 1190 4960 filiorum
1230 4902 1322 4961 vel
1365 4922 1657 4963 numerus.
1687 4906 1855 4966 Conf.

326 4989 510 5048 schot.
551 4984 703 5045 Nub.
763 5007 927 5046 1001.
977 4994 1166 5049 Diuo.
1215 4991 1567 5051 Fritzschius
1611 4990 1667 5060 ὃς
1716 4982 1855 5073 εἶχεν

327 5071 473 5144 υἱοὺς
507 5070 707 5142 ὗῶδιος.

1997 1037 2133 1112 289,
2162 1039 2234 1094 18
2260 1036 2477 1116 μύρτιον
2505 1035 2855 1095 DindorfiuS.
2888 1035 3085 1094 Codex
3107 1034 3322 1116 μύρτον.

2000 1142 2134 1198 291,
2174 1144 2239 1181 21
2273 1122 2587 1205 πεδαρίσκον
2607 1167 2623 1196 ,
2672 1143 2744 1179 22
2773 1126 3036 1204 καταφερῆ
3070 1123 3275 1182 codex.
3310 1128 3443 1183 Put.

1919 1210 2095 1269 habet
2114 1211 2393 1292 προσέχειν
2420 1211 2509 1270 τὸν
2539 1209 2766 1282 θαλὴκον
2798 1212 2923 1287 (sic)
2961 1210 3098 1286 ἐμοί.

2004 1298 2139 1368 346,
2168 1299 2240 1365 45
2268 1320 2355 1377 sq.
2385 1301 2653 1356 Dativum
2684 1297 2865 1380 ἑταίρα
2898 1298 3040 1375 legit
3078 1298 3174 1357 hic
3198 1300 3450 1358 scholia·

1919 1398 2028 1443 sta.
2063 1387 2265 1445 Codex
2288 1386 2375 1445 ἐπὶ
2393 1386 2455 1445 τὸ
2474 1410 2564 1468 πρ.
2579 1429 2595 1458 ,
2621 1394 2693 1459 47
2717 1399 2776 1445 et
2801 1387 2873 1455 48
2896 1384 3068 1467 ἑτέρα.
3085 1429 3152 1440 -.
3169 1386 3244 1446 50
3270 1388 3454 1469 ἑταίρα

1922 1487 2078 1532 recte
2106 1477 2347 1554 corrigit
2367 1477 2726 1536 DindorfiuS.

2005 1565 2117 1620 363
2141 1607 2157 1637 ,
2190 1565 2222 1621 5
2255 1564 2626 1623 scribendum
2653 1565 2887 1623 videtur
2920 1564 3327 1647 ἀπηγορευμένα
3351 1568 3457 1645 [sic

1921 1650 2131 1709 Suidas
2157 1671 2204 1710 s.
2237 1650 2558 1734 Ἀπόρρητα]
2577 1653 2671 1711 vel
2701 1651 2792 1711 ἐπὶ
2820 1655 2924 1711 τῶν
2947 1655 3113 1732 ἅπηγ.
3141 1659 3319 1713 Dum.
3344 1656 3457 1731 Qui

1924 1738 2375 1817 comparandum
2400 1752 2598 1798 monet
2619 1741 2804 1799 schol.
2837 1742 2984 1801 Rau.
3016 1741 3153 1802 362.

2009 1826 2142 1900 373,
2180 1848 2248 1885 12
2277 1828 2440 1905 prius
2460 1825 2496 1898 ἢ
2516 1827 2778 1885 additum
2806 1848 2879 1885 ex
2906 1828 3087 1887 Suida
3111 1848 3159 1886 s.
3197 1826 3460 1889 Ἐπιστά-

1925 1932 2031 1980 τις,
2059 1914 2160 1990 qui
2191 1934 2307 1973 om.
2345 1915 2588 1973 alterum
2611 1913 2754 1995 περὶ.

2012 2002 2148 2071 380,
2190 2005 2258 2060 16
2284 2002 2402 2061 ἀντὶ
2426 2001 2515 2061 τὸν
2541 2003 2746 2062 codex.
2769 2007 2948 2061 Recte
2979 2002 3318 2063 Dindorfius
3346 2004 3461 2063 ἀντὶ

1928 2095 2023 2150 τοῦ
2045 2090 2135 2151 τὸν
2165 2115 2248 2152 στ.

2015 2180 2127 2237 383
2158 2178 2288 2257 γυνὴ
2314 2181 2601 2257 pertinere
2629 2179 2863 2239 videtur
2884 2178 2958 2238 ad
2982 2180 3117 2254 381,
3138 2177 3467 2261 χρέμπτεται

1929 2263 2260 2428 γὰὲξέἲ.23
2306 2352 2508 2412 Suidas
2548 2373 2593 2412 S.
2626 2353 2898 2432 Ἔπισμῇ,
2940 2354 2990 2412 οἱ
3028 2350 3083 2411 δὲ
3121 2376 3313 2436 μεταφ.
3361 2353 3468 2414 ἀπὸ

1934 2443 2028 2499 τοῦ
2056 2436 2312 2519 σμήχειν,
2345 2429 2452 2499 οἶον
2481 2440 2788 2523 ἐπιτρίὸειν.
2809 2476 2884 2487 -
2909 2443 2981 2501 25
3010 2441 3270 2523 Διόδωρος
3297 2443 3468 2503 intel·-

1934 2527 2195 2604 ligendus
2237 2529 2469 2587 videtur
2504 2530 2974 2608 lexicographuS,
3001 2528 3165 2608 cujus
3209 2529 3470 2598 Ἰταλικὰς

1933 2613 2177 2693 γλώσσας
2212 2635 2245 2672 e
2281 2616 2582 2695 Pamphilo
2608 2618 2747 2676 citat
2782 2619 3084 2676 Athenaeus
3112 2640 3210 2691 11,
3241 2638 3300 2696 p.
3333 2629 3467 2696 479.

1935 2709 2293 2763 Sennium.
2324 2724 2378 2782 p.
2410 2715 2507 2781 94.
2545 2707 2594 2765 οῖ
2621 2704 2677 2764 δὲ
2707 2704 2761 2774 ἐξ
2786 2704 2933 2775 ἔθους
2961 2706 3269 2767 Suidas.—
3298 2727 3368 2781 27
3399 2708 3472 2773 ὥς

1935 2791 1996 2850 τὸ
2019 2790 2255 2871 σμώχειν
2282 2792 2615 2852 Schneider.
2641 2814 2701 2872 p.
2732 2792 2826 2851 55.

2016 2883 2134 2957 392
2163 2887 2287 2939 Put.
2304 2880 2399 2958 (ad
2428 2880 2812 2962 μυχοτρόπους)
2837 2880 3007 2961 μυχία
3028 2887 3064 2954 ἡ
3091 2882 3386 2966 Ἀφροδίτη.

2019 2969 2132 3043 393
2163 2969 2312 3025 cons.
2344 2969 2573 3026 Suidam
2601 2989 2644 3028 s.
2668 2968 2998 3044 Οἰνοπίπας,
3028 2972 3129 3048 qui
3165 2974 3239 3030 35
3268 2972 3471 3032 οἶνοπί-

1937 3076 2067 3127 πας,
2093 3055 2167 3111 36
2193 3052 2369 3131 μύζειν
2391 3052 2426 3124 ἢ
2452 3058 2646 3133 μυζᾶν.

2021 3141 2165 3215 395,
2202 3141 2276 3216 39
2317 3137 2558 3216 γενέσθαι
2580 3141 2784 3201 Suidas
2822 3162 2868 3201 s.
2898 3140 3101 3223 Ἰκρία,
3138 3164 3466 3223 quanquam

1938 3228 2095 3306 apud
2125 3228 2530 3306 huncquoque
2563 3242 2677 3287 tres
2705 3230 2935 3289 codices
2974 3228 3219 3311 γένηται,
3253 3246 3321 3291 ut
3363 3234 3476 3292 hoc

1939 3318 2070 3375 loco
2089 3320 2161 3374 R.

2023 3404 2135 3480 397
2168 3403 2460 3481 pertinent
2488 3401 2564 3461 ad
2603 3422 2655 3459 v.
2685 3404 2801 3480 390
2836 3425 2945 3483 sq„
2977 3402 3209 3489 ὅπουπερ
3230 3406 3475 3491 ἐμὸραχὺ

1942 3491 2075 3551 εἰσὶν
2100 3489 2304 3551 θεαταί.

2024 3589 2159 3653 401,
2191 3587 2261 3648 44
2308 3577 2444 3661 αὕτα
2472 3578 2569 3662 ὅρα
2600 3581 2670 3659 (i.
2709 3601 2758 3640 e.
2800 3578 2949 3663 ὥρα)
2987 3584 3475 3665 ἐστεφανηπλόκουν

1941 3668 2252 3729 Seidlerus.

2024 3759 2139 3827 416
2161 3762 2287 3815 Put.
2314 3754 2632 3837 Ἰλλυρικοὺς
2660 3757 2834 3824 κύνας.

2022 3846 2171 3919 423,
2216 3865 2254 3920 9
2288 3845 2429 3910 κλεῖς
2465 3843 2607 3903 ἐστὶν
2646 3844 2934 3904 codex.-
2975 3868 3044 3906 10
3083 3851 3477 3930 περιτιθεμένου

1941 3933 2155 3993 Suidas
2183 3952 2228 3990 s.
2254 3931 2583 3992 Λακωνικαί.

2023 4030 2159 4095 427,
2176 4041 2198 4078 1
2211 4028 2243 4088 4
2257 4019 2363 4079 ἀπὸ
2380 4024 2462 4100 θρ.
2482 4021 2711 4078 codices
2735 4022 2926 4081 Suidae
2945 4043 2992 4081 s.
3016 4022 3473 4106 Θριπηδίστατον.

2022 4118 2138 4183 429
2165 4113 2295 4167 Put.
2324 4117 2589 4189 κυρκανᾶν
2617 4107 2849 4190 ἅκριὸῶς
2877 4112 3078 4184 ζητεῖν,
3109 4112 3218 4172 ἀπὸ
3234 4116 3329 4183 τῆς
3345 4111 3479 4195 κύρ-

1940 4220 2038 4270 κης
2059 4198 2117 4275 (l.
2139 4195 2443 4274 κυρκάνης).

2024 4293 2133 4354 441
2163 4283 2339 4342 habet
2367 4290 2496 4342 Put.
2531 4284 2711 4344 verba
2739 4304 2812 4343 20
2841 4287 2939 4344 οὔκ
2968 4284 3473 4370 ἀπὸ-συμμέτρων.

1941 4369 2121 4444 Idem,
2179 4371 2474 4443 Ξενοκλῆς,
2527 4369 2635 4437 υἱὸς
2691 4370 2986 4453 Καρκίνου,
3023 4374 3356 4453 κωμῳδεῖται
3410 4380 3479 4444 ὥς
3531 4444 3540 4453 .

1944 4455 2154 4526 ἄξεστος
2201 4459 2257 4516 ἐν
2315 4462 2383 4537 τῇ
2452 4458 2664 4531 ποιήσει
2730 4459 2821 4518 καὶ
2890 4461 3253 4542 ἀλληγορικῶς
3313 4464 3479 4539 (sic),

1943 4565 2072 4624 quae
2107 4548 2375 4624 leguntur
2403 4547 2461 4605 in
2490 4548 2667 4606 schol.
2715 4551 2859 4606 Ran.
2889 4549 3064 4607 86...-
3096 4569 3165 4607 21
3200 4550 3254 4609 ἐν
3285 4550 3401 4623 ἤθει
3423 4550 3482 4611 δέ

1944 4635 2315 4708 Fritzschius,
2350 4635 2472 4694 sine
2497 4635 2929 4713 probabilitate.

2025 4722 2139 4789 458
2160 4719 2455 4788 ἐκδοτικοὺς
2475 4721 2681 4780 Suidas
2702 4743 2750 4780 s.
2779 4721 3254 4803 Συνθηματιαίους.
3279 4724 3477 4786 Codex

1946 4808 2340 4876 συνεκδοτικοὺς

2026 4898 2134 4966 481
2168 4910 2255 4955 est
2282 4896 2453 4955 etiam
2478 4917 2572 4975 ap.
2592 4901 2874 4958 Zonaram
2902 4902 2950 4972 1,
2975 4918 3037 4978 p.
3066 4901 3186 4979 669
3208 4913 3266 4961 et
3292 4920 3474 4982 gram-

1947 4984 2216 5042 maticum
2242 4985 2304 5041 in
2333 4985 2508 5043 Catal.
2540 4984 2710 5043 codd.
2744 4987 2990 5050 Nanian.
3017 5007 3076 5067 p.
3101 4991 3235 5068 493.

2032 5074 2168 5149 489,
2202 5073 2275 5131 38
2303 5069 2487 5150 ἄγυεὺς
2516 5071 2720 5133 codex.
