3859 5725
361 193 474 245 ³08

361 318 588 401 ριπίδην,
617 317 652 389 ἢ
676 341 717 376 π
831 316 1122 399 Εὐριπίδην
1146 315 1210 376 δι’
1246 313 1528 395 Αἰσχύλον·
1563 317 1609 374 εἷ
1639 314 1731 373 καὶ
1759 315 1923 394 Εὔρι-

357 396 512 471 πίδης
543 400 631 456 τὸν
663 399 696 456 λ
758 420 814 456 ον
842 396 1174 478 προήρπασα.
1205 395 1265 456 τὸ
1297 393 1354 454 δὲ
1388 392 1537 453 ταῦτ’
1569 393 1652 452 ἀεί
1685 392 1801 452 ἀντὶ
1829 397 1922 451 τοῦ

356 483 541 544 ταυτά.
566 483 652 545 διὰ
680 482 849 556 δὲτὴν
874 483 1194 567 συναλοιφὴν
1219 482 1596 553 ἀναὸιὸάζεται
1619 486 1648 541 6
1675 480 1839 548 τόνος.
1862 481 1922 540 οὗ

358 575 438 632 δεῖ
459 573 514 633 δὲ
542 581 823 655 περισπᾶν,
850 575 922 638 ὡς
948 575 1001 631 ἐν
1025 576 1101 653 τῷ
1129 571 1359 652 Πλούτῳ
1383 569 1650 654 είρηται.1

303 688 330 728 ὅ
443 681 563 720 1251.
610 659 692 742 [τί
709 682 837 719 ποτε
860 668 1081 741 πρᾶγμα
1114 679 1128 721 z
1157 658 1392 741 Κορωνὶς
1410 658 1502 718 καὶ
1521 658 1741 725 εἴσθεσις
1763 660 1921 736 χοροῦ

357 747 590 831 ἐπῳδικὴ
624 745 712 807 διὰ
746 746 808 805 τὸ
835 752 1039 806 κεῖσθαι
1073 747 1208 825 μετὰ
1238 747 1334 820 τὴν
1370 746 1629 828 κορωνίδα
1661 744 1839 822 (ἐνίοτε
1869 741 1923 801 δὲ

357 837 447 897 καὶ
479 835 614 916 μετὰ
641 834 737 908 τὴν
757 837 968 909 διπλῆν,
992 837 1063 903 ὣς
1089 834 1344 903 πολλάκις
1373 836 1626 916 εἴρηται),
1656 836 1716 893 ἐκ
1739 831 1923 891 κώλων

359 928 784 985 ἄντισπαστικῶν
804 925 1025 1001 ἐπιμεμι
1064 922 1232 982 μένων
1253 923 1532 1007 ἕπιτρίτοις
1550 920 1642 981 καὶ
1664 918 1926 997 διιάμὸοις

358 1014 451 1071 καὶ
494 1010 810 1092 διτροχαίοις
848 1009 995 1072 δέκα.
1026 947 1102 1070 ἓν
1132 1010 1193 1070 τὸ
1213 1015 1419 1093 πρῶτον
1457 1010 1698 1091 δίμετρον
1723 1005 1927 1067 ἀκατά-

285 1125 335 1163 10
356 1102 551 1174 ληκτον
605 1102 666 1160 ἐκ
708 1099 1143 1160 πεντασυλλάὸου
1193 1100 1562 1159 ἀντισπάστου·
1612 1098 1641 1157 ὃ
1685 1097 1926 1156 καλεῖται

357 1188 691 1268 γλυκώνειον.
746 1187 807 1248 τὸ
865 1186 1103 1271 δεύτερον
1149 1191 1211 1248 ἐκ
1258 1188 1484 1256 παίωνος
1537 1186 1790 1269 τετάρτου
1835 1183 1926 1243 καὶ

361 1276 606 1356 διιάμὸου
630 1275 825 1356 ὅμοιον.
848 1276 909 1336 τὸ
926 1276 1097 1358 τρίτον
1120 1282 1211 1337 τοῦ
1233 1275 1442 1358 πρώτου
1458 1275 1616 1344 ποδὸς
1636 1275 1926 1335 πεντασυλ·

357 1365 527 1426 λάὸου
564 1363 969 1438 καταληκτικόν.
1009 1363 1069 1425 τὸ
1114 1363 1361 1447 τέταρτον
1398 1368 1459 1423 ἐκ
1494 1362 1793 1446 διτροχαίου
1835 1359 1925 1420 καὶ

359 1453 623 1536 ἐπιτρίτου
654 1453 831 1536 τρίτου
865 1452 1251 1527 ἀκατάληκτον.
1283 1453 1343 1514 τὸ
1381 1454 1422 1512 ε’
1453 1451 1631 1531 ὅμοιον
1660 1456 1737 1534 τῷ
1764 1450 1836 1530 β’.
1865 1447 1926 1506 τὸ

283 1561 333 1600 ιο
362 1540 508 1603 ἕκτον
534 1546 595 1603 ἐκ
618 1541 916 1626 διτροχαίου
944 1542 1034 1603 καὶ
1058 1541 1320 1623 ἐπιτρίτου
1340 1540 1569 1624 πρώτου.
1594 1540 1654 1600 τὸ
1683 1541 1725 1609 ζ’
1748 1538 1925 1618 ὅμοιον

357 1635 435 1714 τῷ
472 1632 546 1713 β’.
572 1632 635 1692 τὺ
660 1633 713 1705 η’
739 1630 1125 1705 καταληκτικὸν
1149 1633 1210 1690 ἐκ
1233 1630 1532 1711 διτροχαίου
1556 1628 1648 1688 καὶ
1675 1627 1925 1709 βακχείου

358 1720 394 1793 ἢ
428 1719 811 1805 ἀμφιὸράχεος.
849 1720 910 1779 τὸ
945 1721 986 1780 θ’
1025 1718 1203 1797 ὅμοιον
1230 1724 1306 1801 τῷ
1351 1720 1424 1800 β’.
1462 1719 1523 1778 τὸ
1564 1720 1595 1775 ι’
1627 1718 1805 1797 ὅμοιον
1847 1719 1925 1798 τῷ

359 1809 548 1894 ὀγδόῳ.
591 1810 707 1884 ἑξῆς
747 1809 804 1870 δὲ
841 1811 896 1869 ἒν
938 1807 1137 1869 ἐκθέσει
1178 1808 1350 1891 στίχοι
1378 1806 1619 1888 ἰαμὸικοὶ
1658 1807 1926 1888 τρίμετροι

363 1901 721 1974 ἀκατάληκτοι
748 1899 814 1978 γ’.
845 1897 961 1968 ἑξῆς
983 1897 1039 1958 δὲ
1063 1897 1260 1957 τίθεται
1283 1899 1453 1957 κῶλον
1483 1895 1732 1973 ἰαμὸικὸν
1757 1897 1924 1977 ἑφθη-

280 2017 335 2057 20
363 1985 605 2070 μιμερὲς,
637 1987 731 2065 τὸ,
764 1982 995 2046 διαύλιον
1017 1986 1322 2068 προσαυλεῖ.
1365 1984 1494 2065 ὅπερ
1522 1981 1661 2044 κατὰ
1688 2005 1923 2064 παρεπι-

360 2074 567 2157 γραφὴν
586 2074 803 2134 τίθεται.
820 2071 999 2155 ὥσπερ
1017 2072 1109 2133 καὶ
1128 2072 1216 2147 τὸ,
1237 2074 1389 2133 αὗλεῖ
1408 2096 1484 2140 τις
1499 2071 1658 2132 ἔνδον·
1674 2070 1766 2131 καὶ
1786 2071 1923 2130 ἄλλα

359 2162 552 2222 πολλά.
575 2161 706 2244 φασὶ
728 2160 783 2221 δὲ
806 2160 1036 2222 διαύλιον
1055 2160 1300 2238 λέγεσθαι
1323 2159 1446 2220 ὅταν
1466 2157 1691 2238 ἡσυχίας
1711 2157 1924 2217 πάντων

359 2250 639 2330 γενομένης
687 2249 832 2310 ἔνδον
880 2253 909 2308 6
951 2248 1183 2324 αὐλητὴς
1225 2249 1352 2332 ᾄσῃ.
1401 2247 1489 2307 ἐπὶ
1537 2252 1613 2329 τῷ
1652 2246 1792 2307 τέλει
1831 2251 1927 2319 τῆς

361 2338 457 2419 μὲν
502 2336 997 2424 στροφῆςὶκορωνίς.
1036 2344 1127 2398 τοῦ
1167 2337 1223 2399 δὲ
1265 2337 1600 2415 συστήματος
1639 2335 1924 2418 παράγρα-

277 2464 333 2504 25
399 2452 469 2498 Ος.

361 2453 397 2512 φ
445 2429 569 2578 123116.
617 2520 722 2576 τῶν
754 2515 911 2599 μέχρι
933 2521 1023 2576 νῦν
1047 2516 1208 2576 ὄντων
1229 2517 1482 2588 ποιητῶν.
1508 2524 1567 2572 R.

441 2624 565 2665 125⁹.
608 2603 696 2664 τὸν
724 2607 970 2685 βακχεῖον
992 2603 1194 2663 ἄνακτα
1223 2624 1236 2664 :
1258 2602 1366 2664 Τὸν
1389 2599 1673 2682 Αἰσχύλον,
1711 2594 1815 2661 οἷον
1836 2601 1925 2661 τὸν

363 2692 574 2774 ἄριστον
618 2691 917 2771 μελοποιὸν,
962 2691 1053 2751 τὸν
1092 2689 1273 2772 ὥσπερ
1315 2689 1705 2771 ἑκὸακχεύοντα
1756 2691 1809 2749 ἐν
1858 2694 1925 2770 τῇ

358 2778 587 2851 ποιήσει.
616 2785 645 2839 6
671 2778 774 2863 γὰρ
809 2779 1099 2862 Εὐριπίδης
1134 2777 1346 2860 ἔρχεται
1374 2778 1462 2839 ἐπὶ
1485 2776 1552 2837 τὰ
1578 2777 1920 2858 μέληζαῦτοῦ.

281 2911 335 2950 ω
363 2904 440 2915 -
462 2867 551 2928 τὸν
582 2867 751 2928 ἔνθεον
783 2867 1014 2950 ἄρχοντα
1043 2871 1146 2927 τῶν
1177 2869 1377 2947 μελῶν,
1416 2867 1504 2927 τὸν
1534 2866 1926 2947 ἐκδακχεύοντα

362 2960 416 3017 ἐν
441 2961 508 3037 τῇ
531 2955 757 3029 ποιήσει.
787 2968 879 3016 Br.

445 3067 562 3108 1262.
605 3048 677 3114 εἰς
717 3044 771 3105 ἓν
807 3045 911 3126 γὰρ
940 3047 1098 3104 αὐτοῦ
1127 3044 1303 3104 πάντα
1346 3064 1361 3106 :
1402 3046 1498 3113 Εἰς
1537 3046 1597 3105 τὸ
1625 3044 1752 3104 αὐτὸ
1783 3044 1929 3113 τέλος

360 3135 727 3216 περατούμενα
753 3133 945 3194 πάντα·
971 3132 1088 3192 ἐπεὶ
1109 3139 1346 3201 κάκεῖνος
1368 3123 1531 3208 εἶπεν,
1557 3132 1661 3193 ἀπὸ
1679 3134 1928 3206 ληκυθίου

362 3246 454 3284 σου
481 3222 598 3291 τοὺς
624 3221 910 3304 προλόγους
935 3223 1213 3305 διαφθερῶ.

280 3360 333 3405 ³5
457 3332 578 3373 120³.
622 3310 714 3371 καὶ
770 3309 875 3389 μὴν
914 3312 1193 3391 λογιοῦμαι
1252 3331 1266 3373 :
1312 3310 1449 3379 Ἀντὶ
1493 3314 1585 3370 τοῦ
1629 3308 1930 3392 ἀριθμήσω,

361 3400 592 3483 ψηφίσω.
627 3399 770 3479 (ἐπει
807 3401 1058 3482 προεῖπεν
1101 3399 1415 3481 Εὐριπίδης,
1456 3400 1528 3466 εἰς
1572 3398 1626 3458 ἓν
1661 3422 1927 3482 συγκεφα-

361 3487 661 3566 λαιώσομαι
703 3489 858 3547 αὐτοῦ
898 3486 1076 3547 πάντα
1124 3487 1190 3547 τὰ
1238 3487 1395 3566 μέλη.
1442 3486 1825 3570 Ἐρατοσθένης
1874 3486 1928 3548 δὲ

361 3579 466 3634 τῶν
490 3576 847 3656 ψευδαττικῶν
871 3573 1014 3644 τινὰς
1033 3574 1250 3658 γράφειν
1273 3576 1428 3659 φησὶ,
1446 3574 1523 3634 τὼ
1541 3575 1702 3659 ψήφω
1729 3575 1929 3651 λαὸὼν,

362 3660 450 3721 ἵνα
485 3663 576 3721 καὶ
604 3660 674 3722 τὰ
695 3663 1046 3743 πεπλασμένα
1077 3664 1351 3747 δράματα,
1379 3666 1434 3724 ἐν
1474 3654 1548 3733 οἷς
1578 3664 1639 3724 τὸ
1673 3665 1930 3748 παράπαν

364 3754 517 3810 τοῦτο
551 3749 834 3826 ἠγνόηται,
871 3753 998 3833 δοκῇ
1032 3751 1106 3831 μὴ
1145 3752 1568 3832 σεσολοικίσθαι.)
1600 3789 1679 3800 -
1715 3756 1928 3839 λογαρι·

366 3836 498 3896 άσω.
523 3841 598 3899 Θ.

447 3944 565 3984 1264.
610 3922 861 4003 (διαύλιον
885 3929 1175 4009 προσαυλεῖ
1199 3929 1321 4008 τις.)
1344 3930 1498 3987 τοῦτο
1524 3928 1929 4011 παρεπιγραφὴ,

364 4011 546 4095 ὥσπερ
581 4012 675 4072 καὶ
711 4011 851 4073 ἄλλα
879 4016 1149 4086 πολλάκις.
1178 4017 1307 4101 φασὶ
1332 4015 1388 4075 δὲ
1420 4015 1653 4076 διαύλιον
1687 4017 1933 4098 λέγεσθαι

364 4100 491 4161 ὅταν
514 4100 739 4183 ἡσυχίας
769 4101 981 4163 πάντων
1007 4103 1287 4184 γενομένης
1313 4103 1457 4164 ἔνδον
1492 4105 1520 4162 6
1548 4102 1928 4187 αὐλητὴςζᾷσῃ.

446 4276 650 4339 Φθιῶΰ
677 4274 885 4359 Ἀχιλεῦ
926 4300 942 4342 :
973 4280 1263 4363 Εὐριπίδης
1296 4281 1410 4340 ἐστὶ
1447 4278 1812 4362 τὰΑἰσχύλου
1837 4281 1930 4342 λέ-

364 4390 492 4445 γων.
521 4366 635 4425 ἔστι
678 4364 733 4426 δὲ
771 4369 829 4427 ἐκ
874 4368 1225 4452 Μυρμιδόνων
1269 4368 1561 4449 Αἰσχύλου.
1592 4379 1647 4427 R.
1671 4380 1731 4429 V.
1772 4381 1832 4430 θ.
1863 4388 1930 4436 Μ.

366 4455 550 4539 [τοῦτο
599 4454 706 4514 ἀπὸ
748 4459 851 4515 τῶν
890 4456 1165 4538 πρέσὸεων
1207 4458 1335 4541 πρὸς
1379 4456 1625 4539 Ἀχιλλέα
1667 4456 1935 4538 Αἰσχύλος

362 4543 670 4615 πεποίηκεν.
697 4541 809 4603 ἔστι
837 4541 894 4603 δὲ
916 4548 977 4605 ἐκ
1006 4547 1374 4628 Μυρμιδόνων.
1405 4543 1670 4628 ζπροφέρει
1698 4546 1788 4605 καὶ
1819 4547 1930 4606 Εὗ-

368 4631 577 4707 ριπίδης
596 4631 668 4698 εἰς
684 4629 890 4709 γέλωτα
909 4633 1049 4693 ἄλλα
1067 4633 1120 4703 ἐξ
1139 4633 1315 4693 ἄλλων
1336 4632 1585 4715 δράματα
1605 4632 1930 4712 συναγαγών.

284 4695 340 4735 ⁵⁰
371 4720 452 4781 διὸ
491 4719 583 4779 καὶ
617 4720 798 4801 ἀσαφῆ
810 4764 826 4793 ,
866 4720 992 4799 μίαν
1032 4721 1288 4804 ἁρμονίαν
1316 4725 1411 4782 οὐκ
1438 4722 1650 4802 ἔχοντα.
1695 4722 1790 4779 οὐκ
1832 4720 1934 4803 ἄρα

366 4806 436 4867 τὰ
467 4806 542 4885 μὴ
575 4805 761 4877 ξυνετὰ
801 4807 1070 4880 ζητητέον.
1102 4809 1473 4892 ἀνδροδάῑκτον
1498 4807 1582 4882 δὲ,
1610 4807 1708 4881 τὴν
1734 4808 1936 4888 ἀνδρῶν

369 4894 523 4978 φόνον
550 4899 817 4955 ποιοῦσαν.
859 4894 927 4955 τὰ
956 4894 1012 4955 δὲ
1051 4905 1270 4959 τοιαῦτα
1298 4898 1413 4971 εἴδη
1455 4900 1695 4957 καλεῖται
1724 4894 1933 4955 ἀλλοιό·

369 5006 601 5066 στροφα,
625 4985 696 5049 ὥς
725 4980 1052 5066 Ἡφαιστίων
1076 4992 1140 5059 [c.
1171 5009 1224 5062 ν,
1251 5011 1306 5064 p.
1337 4992 1434 5058 12⁶]
1464 4985 1621 5059 φησίν
1640 5008 1652 5022 ·
1682 4983 1782 5043 ὅσα
1808 4983 1937 5043 miv*

284 3805 339 3844 ⁴0

283 4244 337 4283 ⁴5

1530 173 1906 236 sefloLlA
1956 172 2048 232 IN
2098 171 2270 232 ΒΑΝ
2287 169 2403 232 Α8.

2006 335 2109 380 τως
2144 311 2422 391 διαιρεῖται
2451 308 2486 381 ἢ
2523 308 2663 370 κατὰ
2705 310 2989 391 πρόσωπον
3016 309 3316 389 άμοιὸαῖον,
3342 309 3379 382 ἢ
3418 313 3597 391 χοροῦ

2006 397 2136 479 πρὸς
2151 396 2435 479 ὑποκριτὴν
2462 396 2759 479 ἀπόκρισιν.
2786 396 2976 458 ἔστιδὲ
2997 402 3089 471 τῆς
3114 396 3209 476 μὲν
3226 400 3368 476 ᾦδῆς
3384 398 3600 469 ταύτης

2006 484 2075 544 τὰ
2117 488 2266 544 κῶλα
2316 485 2679 545 ἀναπαιστικὰ
2721 488 2783 546 ε’.
2813 478 2887 546 ὧν
2936 487 2999 546 τὸ
3040 490 3249 568 πρῶτον
3296 486 3596 568 τρίμετρον

2006 573 2394 645 καταληκτικὸν
2421 576 2493 641 εἰς
2523 573 2823 650 συλλαὸὴν,
2852 573 2882 634 ὃ
2911 576 3156 635 καλεῖται
3192 574 3465 648 Αἰολικὸν,
3496 572 3597 632 διὰ

2005 660 2067 720 τὸ
2089 660 2285 739 ἴαμὸον
2328 661 2469 743 ἔχειν
2498 661 2587 722 τὸν
2621 668 2831 745 πρῶτον
2856 660 3016 725 πόδα.
3045 661 3108 722 τὸ
3130 662 3374 745 δεύτερον
3401 663 3498 722 καὶ
3523 660 3595 720 τὸ
3622 683 3651 722 6

2007 750 2048 808 ε’
2098 750 2318 832 δίμετρα
2363 750 2830 832 ὓπερκατάληκτα.
2872 750 2934 811 τὸ
2974 751 3024 831 γ’
3071 749 3483 833 πενθημιμερός.
3524 749 3597 810 τὸ

2007 837 2276 920 τέταρτον(
2294 844 2673 921 ἑφθημιμερὲς,
2702 838 2732 898 ὃ
2772 840 3045 914 καλεῖται,
3074 843 3147 908 ὣς
3195 838 3433 921 εἴρηται,
3477 862 3594 898 πα·

2010 925 2301 1007 ροιμιακόν.
2334 926 2422 987 ἐπὶ
2444 930 2520 1009 τῷ
2547 926 2687 987 τέλει
2707 927 3075 1009 παράγραφος.
3105 934 3200 987 τοῦ
3224 926 3281 986 δὲ
3305 925 3595 1004 συστήμα·

2006 1036 2094 1081 τος
2119 1013 2188 1074 τὰ
2211 1016 2360 1074 κῶλα
2396 1013 2555 1092 ὅμοια
2577 1014 2766 1089 πέντε,
2791 1014 2933 1088 πλὴν
2963 1022 3056 1077 τοῦ
3080 1015 3332 1098 τετάρτου
3362 1018 3441 1097 τῷ
3466 1017 3596 1074 δευ-

2008 1101 2144 1183 τέρῳ
2188 1107 2279 1175 τῆς
2321 1104 2462 1183 ᾠδῆς
2507 1102 2726 1182 ὁμοίου,
2774 1108 3130 1186 ἑφθημιμερῆ.
3183 1105 3273 1164 ἐπὶ
3320 1109 3403 1186 τῷ
3443 1104 3594 1174 τέλει
3627 1121 3679 1160 10

2008 1189 2374 1272 παράγραφος.
2396 1195 2491 1262 τῆς
2520 1190 2577 1250 δὲ
2598 1190 2725 1263 ἑξῆς
2743 1192 2884 1273 ᾠδῆς
2909 1191 2978 1252 τὰ
3005 1193 3155 1251 κῶλα
3179 1189 3254 1261 ἕξ.
3282 1192 3346 1252 τὸ
3372 1197 3596 1274 πρῶτον

2011 1276 2323 1337 δακτυλικὸν
2361 1278 2737 1360 ἑφθημιμερὲς.
2766 1278 2829 1339 τὸ
2861 1279 2908 1360 β’
2942 1279 3324 1339 ἀναπαιστικὸν
3351 1284 3595 1363 ἑφθημι-

2011 1365 2181 1445 μερές.
2208 1366 2269 1425 τὸ
2313 1373 2360 1446 γ’
2389 1366 2482 1426 καὶ
2518 1368 2578 1426 τὸ
2615 1371 2659 1435 ς’
2689 1373 2761 1435 ὡς
2793 1368 2855 1428 τὸ
2886 1370 2931 1448 β’
2959 1370 3054 1440 τῆς
3089 1366 3199 1427 ἄνω
3238 1369 3398 1449 ᾠδῆς.
3434 1369 3503 1427 τὸ
3542 1369 3596 1428 δ’

2011 1453 2325 1513 δακτυλικὸν
2361 1454 2735 1537 τετράμετρον.
2768 1455 2882 1515 ἔστι
2911 1455 2969 1515 δὲ
3005 1458 3173 1515 κῶλον
3203 1457 3265 1515 ἐκ
3291 1463 3485 1538 χοροῦ,
3516 1460 3595 1525 ὥς

2010 1540 2240 1621 ἀνέγνων
2257 1544 2312 1602 ἐν
2328 1541 2680 1622 Ἀγαμέμνονι
2700 1543 2932 1625 δράματι
2951 1544 3240 1624 Αἰσχύλου.
3256 1543 3319 1604 τὸ
3333 1546 3374 1604 ε’
3399 1545 3593 1622 ὅμοιον
3620 1572 3677 1612 {5

2010 1630 2270 1709 δίμετρον.
2310 1630 2421 1690 ἔστι
2465 1630 2521 1690 δὲ
2553 1630 2801 1710 ἡμιτελὲς
2837 1635 3083 1693 ἐνταῦθα.
3132 1632 3195 1692 τὸ
3238 1632 3341 1715 γὰρ
3378 1633 3594 1694 τέλειόν

2009 1721 2170 1793 ἐστιν,
2199 1745 2224 1772 α
2254 1718 2424 1779 αἴσιον
2453 1720 2657 1803 ἀνδρῶν
2699 1718 2975 1779 ἐκτελέων·
3002 1748 3027 1773 n
3070 1720 3199 1801 ὅπερ
3225 1721 3593 1803 ἐφθημιμερές

2009 1807 2172 1866 ἐστιν.
2215 1805 2305 1865 ἐπὶ
2352 1810 2430 1888 τῷ
2479 1805 2620 1866 τέλει
2664 1807 3030 1889 παράγραφος.
3074 1807 3192 1879 ἑξῆς
3233 1808 3289 1867 δὲ
3330 1808 3595 1888 σύστημα

2010 1891 2151 1953 κατὰ
2192 1893 2490 1975 περικοπὴν
2530 1895 2904 1977 ἆνομοιομερὲς
2932 1895 3130 1976 στίχων
3170 1896 3442 1975 ἰαμὸικῶν
3468 1921 3592 1977 τρι-

2011 1980 2215 2062 μέτρων
2245 1981 2631 2055 ἀκαταλήκτων
2659 1982 2732 2052 ἔξ.
2759 1983 2850 2042 ἐπὶ
2876 1988 2955 2065 τῷ
2985 1983 3128 2043 τέλει
3155 1984 3524 2066 παράγραφος.
3558 1989 3593 2044 6
3618 2017 3673 2058 m

2010 2069 2187 2217 μέντοι
2234 2068 2380 2139 ἕκτος
2422 2070 2602 2152 στίχος
2641 2071 2696 2132 ἔν
2724 2095 2860 2132 τισιν
2908 2074 2968 2131 οὐ
2997 2073 3194 2133 κεῖται·
3224 2063 3351 2147 οἷον,
3394 2073 3470 2133 ἴθι
3514 2073 3589 2146 δὴ

2007 2182 2051 2217 π
2080 2160 2269 2241 ραινε.]

2100 2268 2229 2311 1260.
2279 2249 2486 2331 Ἑρμᾶν
2538 2248 2635 2329 μὲν
2681 2248 2937 2334 πρόγονον
2978 2270 2993 2311 t
3037 2251 3139 2313 Ἐκ
3174 2253 3278 2310 τῶν
3306 2250 3587 2333 Αἰσχύλου

2008 2338 2391 2418 Ψυχαγωγῶν.
2418 2338 2756 2421 (προφέρεται
2785 2337 2843 2398 δὲ
2865 2341 2959 2399 οὐκ
2982 2337 3167 2422 ἐφεξῆς
3192 2338 3262 2398 τὰ
3283 2338 3419 2398 αὐτὰ
3443 2341 3587 2417 μέλη

2011 2426 2172 2486 αὐτοῦ
2189 2471 2205 2499 ,
2237 2427 2355 2485 ἀλλ’
2393 2429 2464 2494 ὡς
2489 2426 2674 2508 ἔτυχεν
2704 2426 2837 2486 ἄλλο
2865 2426 3106 2506 ἄλλοθεν,
3138 2427 3229 2487 καὶ
3260 2425 3494 2501 ἐπιλέγει
3522 2426 3589 2486 τὸ
3614 2456 3666 2497 25

2010 2510 2270 2590 ἰήκοπον),
2294 2513 2512 2596 [κυρίως
2533 2514 2744 2574 ἐκείνων
2769 2517 2873 2574 τῶν
2901 2512 3096 2594 στίχων
3119 2512 3196 2588 ὅ»,
3230 2517 3355 2587 τοῦ,
3378 2514 3585 2574 Φθιῶτ’

2010 2601 2061 2662 Ἀ
2109 2603 2271 2662 ιλλεῦ.

2066 2600 2348 2770 χ(ζτοῦτοῗιέκ
2370 2693 2474 2748 τῶν
2501 2688 2773 2769 Αἰσχύλου
2798 2691 3184 2769 Ψυχαγωγῶν.
3208 2686 3270 2747 τὸ
3294 2686 3350 2747 δὲ
3370 2688 3587 2771 Ἑρμὰν

2011 2774 2108 2855 μὲν
2151 2776 2331 2855 τίομεν
2377 2776 2617 2856 λέγουσιν
2669 2781 2718 2838 οἱ
2762 2777 3010 2860 Ἀρκάδες
3050 2775 3138 2836 διὰ
3181 2781 3381 2835 ταῦτα·
3417 2779 3473 2836 ἐν
3516 2783 3584 2858 τῇ

2012 2866 2294 2946 Κυλλήνῃ,
2318 2866 2354 2939 ἥ
2384 2869 2525 2926 ἐστιν
2561 2868 2680 2949 ὄρος
2706 2865 3016 2948 Ἀρκαδίας,
3047 2869 3265 2943 ἐτιμᾶτο
3294 2868 3323 2924 6
3352 2863 3577 2946 Ἑρμῆς.
3613 2892 3668 2934 ω

2010 2952 2097 3013 διὰ
2123 2959 2247 3032 γοῦν
2268 2952 2364 3026 τὴν
2393 2952 2448 3022 ἐξ
2479 2952 2889 3032 ἀμνημονεύτων
2920 2951 3125 3034 χρόνων
3151 2951 3311 3030 τιμὴν
3346 2956 3420 3020 ὥς
3444 2953 3586 3035 πρό-

2009 3065 2156 3121 γονος
2187 3041 2389 3109 τούτοις
2417 3040 2603 3103 ἐδόκει.
2635 3042 2821 3123 ᾅδουσι
2850 3040 2905 3100 δὲ
2938 3040 3171 3122 καίζτινα
3203 3038 3446 3118 ἱστορίαν
3477 3063 3585 3119 μυ-

2012 3130 2170 3202 θώδη.
2212 3130 2404 3208 λίμναν
2444 3128 2499 3189 δὲ
2532 3129 2675 3210 λέγει
2705 3129 2803 3203 τὴν
2842 3127 3218 3211 Στυμφαλίδα,
3248 3129 3303 3187 ἐν
3333 3127 3584 3210 Ἀρκαδίᾳ

2011 3217 2115 3303 γὰρ
2141 3217 2234 3277 καὶ
2257 3216 2412 3289 αὕτη.
2437 3226 2579 3275 Cant.
2612 3216 2685 3298 1.]

2095 3326 2217 3368 12⁰7.
2259 3304 2431 3365 ἰστέον
2454 3302 2535 3362 ὅτι
2556 3303 2618 3364 τὸ
2645 3303 2865 3377 ἰήκοπον
2891 3304 2950 3363 οὗ
2971 3301 3214 3371 πελάθεις
3240 3303 3326 3361 ἐπ’
3368 3301 3581 3383 ἀρωγάν
3610 3339 3665 3380 ³5

2011 3394 2214 3463 παίζων
2243 3397 2518 3472 πανταχοῦ
2567 3392 2828 3476 ἐπιφέρει,
2855 3391 3047 3472 κυρίως
3086 3389 3304 3451 ἐκείνων·
3325 3394 3432 3451 τῶν
3457 3394 3580 3470 ἰαμ-

2015 3483 2169 3544 ὅείων
2198 3484 2274 3559 ὂν,
2299 3488 2420 3559 τοῦ,
2450 3483 2652 3547 Φθιῶτ’
2681 3483 2910 3563 Ἀχιλεῦ.
2945 3492 3141 3539 Barocc.

2098 3593 2216 3634 1270.
2255 3573 2472 3651 (κύδιστ’
2502 3573 2727 3652 Ἀχαιῶν
2761 3591 2776 3632 z
2811 3568 3150 3651 Ἀρίσταρχος
3187 3566 3282 3626 καὶ
3311 3565 3583 3627 Ἀπολλό-

2012 3685 2144 3736 νιος,
2169 3660 2522 3743 ἐπισκέψασθε
2540 3660 2695 3721 πόθεν
2717 3657 2835 3720 εἰσί.
2861 3656 3166 3739 Τιμαχίδας
3186 3653 3240 3715 δὲ
3260 3658 3321 3714 ἐκ
3338 3654 3585 3737 Τηλέφου

2015 3747 2304 3830 Αἰσχύλου.
2337 3747 2724 3820 Ἀσκληπιάδης
2759 3745 2815 3805 δὲ
2838 3744 2891 3814 ἐξ
2920 3742 3265 3827 Ἰφιγενείας.)
3608 3785 3665 3826 w

2096 3858 2219 3898 1274.
2263 3838 2544 3919 εὐφημεῖτε
2574 3832 2986 3914 μελισσονόμοι;
3020 3830 3363 3921 ἘξῘΙερειῶν
3390 3827 3589 3909 Αἰσχύ-

2012 3929 2126 3987 λου.
2157 3937 2216 3984 R.
2242 3937 2303 3985 V.
2329 3926 2403 4003 [οἱ
2431 3923 2761 4002 διανέμοντες
2787 3922 2854 3981 τὰ
2883 3927 2978 3994 τῆς
3008 3920 3239 3991 πόλεως,
3263 3920 3300 3991 ἢ
3329 3921 3588 3984 οἰκοῦντες

2016 4017 2070 4075 ἐν
2097 4018 2163 4093 τῇ
2206 4012 2402 4093 πόλει.]
2434 4051 2505 4060 -
2532 4010 2784 4093 εὐφήμως
2818 4011 3001 4090 λέγετε
3037 4013 3086 4068 οἱ
3124 4007 3275 4080 δίκην
3320 4008 3587 4085 μελισσῶν

2017 4101 2293 4179 νεμόμενοι
2320 4103 2374 4159 ἐν
2397 4101 2532 4180 τῷδε
2566 4103 2641 4180 τῷ
2666 4103 2762 4170 τῆς
2789 4102 2908 4166 θεᾶς
2935 4096 3104 4156 ἄλσει.
3131 4107 3225 4155 Br.

2101 4209 2221 4250 1275.
2266 4188 2508 4268 [ἰήκοπον
2541 4208 2557 4249 :
2600 4186 2754 4256 Τινὲς
2782 4187 2981 4256 ἀξιοῦσι
3016 4183 3078 4244 τὸ
3118 4183 3172 4256 ἰή
3214 4183 3422 4265 ψιλοῦν,
3460 4180 3587 4241 ὅταν
3614 4221 3667 4262 ⁴3

2019 4276 2093 4356 μὴ
2121 4268 2157 4358 ᾗ
2186 4278 2239 4335 ἐν
2286 4275 2457 4357 ὕμνῳ.
2488 4277 2600 4335 ἐκεῖ
2642 4274 2746 4356 γὰρ
2791 4270 3090 4334 δασύνεται.
3131 4273 3203 4337 ὥς
3248 4269 3487 4352 ἕφυμνίῳ
3528 4268 3589 4330 δὲ

2016 4362 2274 4446 κέχρηται
2299 4366 2377 4445 τῷ
2405 4360 2625 4435 ἰήκοπον
2652 4364 2712 4421 οὗ
2739 4359 3029 4439 πελάθεις.]

2099 4472 2219 4514 1276.
2263 4450 2405 4511 ὅσιον
2460 4450 2653 4533 κράτος
2696 4469 2711 4511 :
2762 4449 2884 4526 (Ἐν
2930 4452 3039 4515 τοῖς
3088 4444 3354 4511 πλείστοις
3399 4443 3587 4506 αἴσιον.

2017 4539 2409 4612 Ἀσκληπιάδης
2442 4538 2504 4597 τὸ
2529 4538 2692 4599 ὅσιον.
2721 4535 2834 4596 ἔστι
2867 4534 2945 4613 δὲ)
2989 4534 3041 4604 ἔξ
3070 4531 3453 4612 Ἀγαμέμνονος
3487 4535 3593 4594 Αἰ-

2018 4626 2217 4709 σχύλου
2254 4628 2402 4707 [ιοι].
2436 4625 2708 4707 βουὸωνιῶ
2749 4623 2806 4684 δὲ
2848 4623 2966 4684 ἀντὶ
2998 4626 3090 4682 τοῦ
3118 4618 3429 4703 φλεγμαίνω
3470 4621 3597 4690 τοὺς
3620 4659 3675 4699 ω

2022 4716 2310 4798 βουὸῶνας.
2341 4749 2419 4761 —-·
2441 4713 2582 4774 ὅσιον
2610 4733 2626 4776 :
2659 4713 2837 4793 Ἁγίαν
2862 4711 2955 4773 καὶ
2990 4708 3203 4770 δικαίαν
3227 4707 3591 4789 ἐπικράτησιν.

2024 4816 2177 4866 Cant.
2210 4825 2253 4866 1.

2101 4913 2223 4953 1278.
2269 4890 2386 4951 ἕπεὶ
2416 4895 2644 4971 συνεχῶς
2668 4880 2781 4949 εἶπε
2805 4888 2865 4949 τὸ
2893 4886 3129 4961 ἰήκοπον.
3339 4898 3399 4948 θ.

2102 5003 2222 5043 1272.
2265 4979 2436 5040 λείπει
2462 4979 2522 5040 τὸ
2556 4981 2819 5041 ἀπελθεῖν.
2848 4989 2908 5038 R.
2933 4987 2996 5034 V.
