3859 5725
446 307 560 359 ⁴58

526 430 642 487 828
661 472 677 502 ,
707 429 777 486 31
808 428 1020 506 ἐνιαχοῦ
1046 423 1290 484 sortasse
1315 424 1568 503 scripsit.
1592 428 1771 481 Dum.

525 519 670 590 832,
701 517 774 574 36
801 512 932 574 Ὅτι
957 534 1071 572 0111.
1094 519 1163 573 R.

527 604 643 662 833
705 604 798 661 hic
822 607 1044 675 om.V.,
1068 602 1161 660 illa
1187 614 1374 659 autem
1392 644 1408 670 ‚
1437 598 1617 669 Μῆδος
1633 635 1696 647 -
1718 597 1973 676 μάχιμος,

442 693 596 750 infra
628 705 756 770 post
790 689 944 749 αὐτὸν
977 689 1235 768 μετέὸαλε
1259 692 1295 747 1.
1338 689 1413 746 50
1446 688 1646 761 habet,
1678 688 1892 745 omisso
1920 684 1976 744 δὲ

444 794 576 859 post
605 778 814 862 Ἄρεως.

526 871 672 941 835,
706 876 775 940 47
807 865 909 925 ὑπὸ
928 864 1040 946 Ἄρ.
1069 871 1168 937 R„
1200 885 1271 925 ex
1299 886 1419 944 quo
1448 867 1522 923 5ο
1551 885 1637 943 sq.
1665 868 1894 923 τοιοῦτον
1916 875 1975 922 et

442 957 813 1036 ὧς-ιρυλακῆς
840 953 1053 1012 addita.

526 1045 642 1101 836
666 1043 895 1119 Δίδυμος
919 1062 1033 1100 om.
1054 1046 1143 1114 V.‚
1169 1042 1271 1119 qui
1293 1042 1404 1113 sie,
1423 1039 1502 1100 Τὸ
1521 1038 1622 1121 γὰρ
1643 1037 1974 1122 Πελαργικὸν

443 1168 505 1181 -
523 1129 742 1197 νεοττός.
766 1129 895 1211 φασὶ
911 1129 1253 1190 τὸ-κεῖσθαι,
1278 1163 1358 1175 —-
1382 1130 1437 1202 5,
1460 1130 1516 1189 6.
1544 1134 1732 1187 Locus
1756 1149 1871 1186 non
1891 1140 1975 1186 est

440 1221 679 1296 integer.
702 1222 849 1283 Nam
871 1231 1001 1295 post
1018 1218 1276 1298 πελαργὸν
1298 1218 1541 1276 verbum
1565 1217 1799 1295 aliquod
1822 1217 1976 1274 desi-

445 1306 681 1365 deratur
702 1305 792 1363 vel
817 1303 1112 1387 παρέλαὸεν
1142 1307 1233 1362 vel
1270 1303 1608 1386 παρείληφεν,
1642 1306 1704 1362 in
1728 1325 1975 1382 sequen-

447 1396 601 1461 tibus
624 1408 814 1453 autem
839 1394 930 1452 vel
956 1392 1216 1474 Περσικὸν
1248 1394 1310 1451 in
1337 1390 1630 1472 Περσικὸς,
1660 1392 1751 1450 vel
1774 1390 1977 1456 νεοττός

442 1486 506 1546 in
535 1481 740 1543 νεοττόν
772 1482 1131 1541 mutandum.
1160 1487 1336 1541 Dum.

526 1575 642 1650 839
659 1616 676 1646 ,
707 1593 730 1630 1
747 1593 770 1628 1
795 1570 964 1641 πηλὸν
992 1569 1226 1652 ὀργάζειν
1260 1569 1566 1633 Ruhnken.
1598 1568 1671 1630 ad
1694 1570 1973 1635 Timaeum

443 1673 499 1740 p.
534 1661 658 1718 180.
683 1658 1009 1736 Legebatur
1031 1656 1196 1727 πηλὸς
1222 1655 1495 1738 ὀργιάζειν.

524 1752 662 1823 841,
698 1748 766 1804 15
808 1767 893 1824 sq.
921 1742 1306 1826 ἵνα-φυλακῆς
1332 1758 1463 1824 post
1487 1742 1654 1803 καίειν
1692 1746 1860 1823 ponit
1881 1751 1972 1816 V.,

443 1838 677 1916 praelixo
704 1833 893 1902 ἄλλως.

525 1927 661 1996 842,
692 1924 761 1981 18
794 1925 843 1980 οἱ
878 1918 974 1986 τὰς
1006 1920 1212 1990 Suidas
1236 1940 1279 1978 s.
1305 1920 1728 2002 Κωδωνοιρορῶν.
1757 1919 1977 1979 Aberat

443 2016 511 2070 οἳ.
540 2052 618 2064 -
657 2031 728 2068 2ο
756 2009 850 2070 καὶ
878 2007 1091 2076 τούτους
1109 2008 1331 2090 ἕψόφουν
1370 2009 1593 2067 SuidaS.
1632 2050 1709 2060 --
1740 2029 1810 2066 21
1845 2011 1974 2066 ἀνα-

444 2094 769 2176 φθέγγωνται
799 2101 867 2152 V.
907 2100 1043 2152 Post
1076 2092 1515 2171 ἀντιφθέγγωνται
1551 2092 1711 2150 addit
1748 2099 1814 2149 R.
1846 2090 1975 2173 ὅπερ

443 2182 740 2262 ἐθεασάμην
770 2180 956 2246 καύτὸς
985 2179 1150 2259 ἔγωγε
1191 2181 1244 2237 ἐν
1288 2183 1355 2257 τῇ
1393 2183 1496 2259 ἐμῇ
1535 2180 1747 2261 πατρίδι
1786 2180 1976 2239 τελού-

447 2295 619 2349 μενον.
643 2276 744 2329 Est
762 2269 985 2329 librarii
1004 2268 1481 2326 additamentum.
1502 2304 1561 2316 -
1582 2287 1654 2324 22
1679 2268 1978 2345 legebatur

444 2356 759 2438 Εὐριπίδην.
780 2390 857 2401 -
879 2357 953 2414 23
980 2352 1285 2433 δεδεγμένον
1309 2359 1378 2411 V.

525 2446 640 2512 846
681 2442 896 2511 Παίζων
941 2441 1099 2523 φησὶν
1135 2432 1277 2500 εἶπεν
1308 2443 1448 2520 αὐτῷ
1474 2440 1600 2521 παρ’
1626 2440 1724 2518 ἐμέ
1749 2446 1818 2501 R.
1847 2442 1975 2523 φησὶ

443 2536 595 2591 τοῦτο
612 2535 685 2591 V.

525 2621 641 2678 852
671 2615 944 2699 παρῄνεσα
964 2621 1036 2676 R.
1056 2621 1123 2676 V.
1162 2616 1431 2676 Scholion
1459 2637 1573 2675 om.
1601 2623 1672 2676 G.

524 2708 639 2766 853
662 2751 678 2778 ,
710 2707 782 2774 45
821 2702 985 2772 οὕτως
1010 2703 1186 2783 ἔλεγον
1233 2710 1303 2764 R.
1344 2741 1408 2765 -.
1448 2708 1521 2774 46
1557 2701 1775 2783 πομπὰς
1802 2706 1977 2770 etiam

443 2794 650 2855 Suidas
690 2814 737 2852 s.
786 2792 1073 2875 Προσόδια.
1113 2790 1290 2858 θυσίας
1322 2793 1448 2852 Ald.
1495 2835 1574 2845 —
1614 2804 1688 2871 47
1724 2794 1978 2877 προσόδια

444 2905 559 2945 om.
585 2889 653 2943 R.
681 2921 745 2936 -
767 2886 843 2951 48
866 2889 970 2949 τοῖς
994 2884 1221 2963 λυρικοῖς
1245 2887 1319 2943 V.

523 2974 662 3047 857,
698 2982 773 3050 49
806 2973 904 3054 βοᾷ
931 2973 960 3028 ὁ
988 2976 1056 3030 R.
1091 2970 1246 3052 χοαὶ,
1283 2968 1513 3043 αὐληῖὴς
1541 2970 1745 3052 εἴρηται
1779 2972 1894 3054 (esp.
1922 2975 1978 3034 δὲ

440 3061 530 3126 καὶ
569 3058 670 3141 V.)
716 3056 799 3119 ὅτι
842 3058 932 3118 καὶ
978 3058 1066 3118 ἐπὶ
1103 3066 1219 3124 ταῖς
1262 3058 1459 3129 θυσίαις
1504 3058 1693 3131 ηὔλουν
1733 3066 1803 3119 V.
1845 3063 1975 3122 Ald.

439 3153 629 3208 Locus
674 3148 769 3206 hic
812 3146 1111 3207 emendari
1154 3160 1346 3226 potest
1391 3167 1462 3215 ex
1507 3149 1745 3215 scholiis
1793 3152 1978 3210 inter-

439 3236 759 3297 linearibus
785 3236 1001 3295 codicis
1029 3241 1153 3307 Vat.
1184 3240 1256 3309 U,
1285 3237 1344 3294 in
1379 3236 1590 3313 quibus
1618 3238 1699 3296 sic
1727 3239 1935 3317 legitur
1961 3262 1974 3296 :

439 3325 641 3392 Πυθιὰς
684 3323 801 3405 βοή.
844 3325 960 3383 ἀντὶ
1002 3327 1094 3383 τοῦ
1132 3322 1376 3395 αὐλητής.
1410 3324 1601 3396 ηὔλουν
1637 3325 1739 3408 γὰρ
1776 3330 1829 3385 ἐν
1863 3336 1980 3397 ταῖς

439 3414 657 3481 θυσίαις.
682 3419 863 3472 Κυετ.
890 3454 971 3466 --
999 3414 1076 3471 5ο
1097 3411 1299 3479 Ἄλλως
1321 3433 1436 3471 om.
1466 3419 1534 3472 R.
1569 3416 1725 3473 αὐλοῦ
1748 3422 1977 3477 Portus.

441 3500 626 3566 αὐτοὺς
660 3507 723 3558 R.
749 3507 820 3561 V.
848 3500 979 3560 Ald.
1007 3539 1070 3552 -
1110 3500 1179 3557 51
1209 3500 1571 3561 scribebatur
1593 3502 1874 3575 πυθαυλῂς.
1903 3538 1980 3549 —-

442 3591 516 3647 52
541 3587 922 3662 καὶ-Πηλέως
946 3590 1041 3649 hic
1068 3610 1181 3651 om.
1220 3594 1288 3649 R.
1308 3596 1404 3665 V„
1440 3591 1539 3650 sed
1565 3612 1737 3670 supra
1763 3593 1979 3653 habent

438 3681 531 3736 τοῦ
552 3685 776 3744 παιᾶνος
802 3679 1051 3757 (παιῶνος
1070 3677 1174 3757 V.)
1194 3676 1349 3745 εἰκός.
1374 3682 1446 3745 ὥς
1471 3679 1561 3758 (ὣς
1577 3699 1692 3737 om.
1715 3683 1807 3759 R.)
1827 3687 1980 3740 τοῦτο

442 3768 503 3825 ἔκ
528 3767 602 3826 Π.

520 3854 674 3927 858,
706 3874 739 3912 2
768 3851 1013 3926 αὗλητὴς.
1055 3856 1243 3935 Χαῖρις
1272 3853 1558 3937 κιθαρῳδός
1581 3860 1652 3916 R.
1681 3863 1751 3917 V.
1783 3891 1857 3903 —-
1887 3868 1918 3928 4
1950 3862 1979 3917 ὁ

439 3941 668 4001 addidit
728 3942 1094 4019 Musgravius
1150 3943 1305 4021 apud
1377 3948 1614 4013 Pon-son.
1666 3945 1738 4004 ad
1789 3951 1976 4024 Toup.

438 4028 685 4093 Emend.
715 4031 829 4089 vol.
873 4038 907 4099 4
931 4075 946 4105 ,
1032 4076 1045 4088 .
1092 4031 1224 4100 481.
1259 4029 1395 4109 μετὰ
1436 4031 1660 4104 Μέλητα
1702 4034 1981 4105 (Μέλητος

440 4119 646 4187 Suidas
679 4140 723 4180 S.
757 4117 967 4199 Χαῖρις)
991 4050 1078 4192 ἓν,
1104 4117 1187 4199 ἔχ’
1217 4118 1464 4201 ἀτρέμας.
1500 4120 1577 4199 ἑγ’
1604 4110 1715 4181 ὦδα
1743 4128 1813 4182 V.
1853 4124 1976 4182 Ald.

438 4209 712 4268 Correxit
761 4213 1075 4267 Porsonus.
1129 4207 1415 4267 Dobraeus
1432 4254 1449 4282 ‚
1489 4229 1663 4286 quem
1719 4212 1981 4289 sequitur

439 4298 687 4357 Meinek.
747 4300 911 4356 Com.
938 4300 965 4354 1
987 4339 1005 4369 ,
1040 4316 1097 4374 p.
1130 4296 1267 4371 257,
1299 4296 1434 4374 μετὰ
1461 4297 1551 4356 τὸν
1584 4297 1809 4372 Μέλητα
1836 4299 1885 4360 δ’
1911 4294 1978 4374 ἦν

438 4383 593 4463 -ἔχ’
618 4397 750 4459 etc.,
779 4403 907 4460 quae
930 4397 1064 4442 sunt
1084 4383 1320 4446 alterius
1352 4405 1633 4464 personae.

522 4472 673 4550 859,
703 4491 741 4548 9
767 4469 991 4530 εἰσθέσει
1016 4470 1145 4530 Ald.

522 4560 663 4635 861,
691 4560 758 4617 16
778 4581 856 4639 τῳ
886 4557 1052 4639 βίὸλῳ
1074 4564 1159 4633 V.,
1178 4561 1282 4638 qui
1307 4581 1372 4633 ¹7
1399 4564 1492 4633 τῆς
1512 4584 1558 4621 ει
1584 4584 1698 4622 0111.

523 4647 666 4718 864,
692 4647 766 4704 28
792 4647 1014 4706 εἷσθέσει
1033 4645 1161 4706 Ald.

523 4736 669 4806 865,
699 4736 772 4793 32
800 4733 943 4812 ἔμιξε
962 4734 1018 4794 δὲ
1041 4734 1133 4795 καὶ
1149 4735 1213 4795 τὰ
1237 4735 1324 4796 ἐπὶ
1347 4738 1452 4796 τῶν
1480 4740 1608 4797 θεῶν
1634 4743 1702 4797 R.
1722 4744 1794 4798 V.

525 4824 661 4897 873,
684 4832 714 4892 4
731 4845 753 4881 1
776 4826 939 4906 Παρὰ
957 4828 1063 4885 τῶν
1082 4829 1266 4909 φωνῶν
1286 4833 1357 4887 V.
1379 4862 1440 4877 --
1461 4831 1532 4895 43
1552 4826 1630 4893 τίς
1648 4831 1683 4899 ἡ
1705 4848 1819 4887 0111.
1840 4831 1972 4890 Ald.

443 4943 523 4973 ·.--·
544 4913 618 4978 45
642 4911 940 4989 legebatur
957 4914 1093 4998 ἱερὸν
1121 4916 1280 4986 αὔτῆς
1300 4916 1401 4997 ίδρ.
1422 4952 1486 4965 --
1507 4923 1578 4987 47
1602 4916 1888 5001 ἀμαράνθῳ
1906 4926 1975 4980 V.

1564 286 2016 350 ADNOTATIO
2058 285 2141 345 IN
2181 286 2449 348 SCHOL.

2066 418 2312 496 gebatur
2338 417 2481 500 τήνῳ
2507 417 3025 497 Ἀγαμέμνων.-51
3054 420 3307 501 λείπουρα
3318 420 3624 481 Ald.--52

2067 505 2429 565 scribebatur
2465 507 2848 588 Μυριννούσιοι.
2885 545 2948 557 -
2998 528 3020 565 1
3068 511 3337 588 Πειραεεῖς
3376 514 3626 568 Portus.

2065 594 2390 671 Legebatur
2430 604 2586 676 πεῖρα
2614 595 2719 654 ἐπὶ.
2754 594 2843 653 ἐπὶ
2874 596 3102 675 (ortum
3136 616 3210 655 ex
3240 597 3462 673 syllaba
3497 599 3628 676 272)

2066 679 2277 738 delevit
2309 683 2609 740 Meursius.
2640 678 2897 742 Φιλαίδαι
2945 685 3339 743 Hemsterhus.
3373 684 3448 742 ad
3471 685 3628 742 Pol-

2066 768 2251 825 lucem
2298 790 2364 845 9,
2419 778 2509 841 74.
2552 768 2810 830 Φιλιάται
2858 770 2988 828 Ald.
3039 772 3290 850 φιλαύτης
3334 778 3406 830 V.
3454 773 3625 831 lbid.

2067 855 2403 935 Βραυρωνίαν
2428 862 2497 917 V.
2523 858 2860 938 Βραυνωνίαν
2901 865 2972 917 G.
3020 861 3346 938 Φαυρωνίαν
3387 862 3524 919 Ald.
3543 893 3630 907 —

2069 946 2101 1002 3
2127 967 2283 1025 φασιν
2304 944 2448 1026 Ἄρτ.
2475 946 2653 1028 ὄρνιθα
2683 948 2803 1005 καλ.
2837 947 2950 1007 ἔστι
2972 948 3076 1029 γὰρ
3099 950 3531 1029 ἅρτεμικολαινίς
3549 956 3629 1010 V.

2064 1069 2127 1080 -
2152 1036 2184 1092 5
2210 1031 2278 1093 Ἥ
2303 1034 2438 1092 κύων
2461 1043 2728 1094 om.V.—
2746 1058 2776 1109 7
2803 1034 2936 1095 κύνα
2954 1059 3045 1115 πρ.
3072 1038 3195 1095 Ald.
3216 1039 3630 1119 προσαγόριυον

2065 1126 2135 1178 V.
2165 1121 2546 1202 προσηγόρευον
2576 1129 2645 1182 G.
2671 1162 2736 1174 -
2762 1126 2798 1181 8
2821 1122 2902 1182 ὅτι
2925 1145 3038 1183 0111.
3059 1130 3126 1183 V.
3156 1126 3304 1198 Ald„
3335 1127 3437 1204 qui
3469 1129 3632 1190 ἐπει-

2064 1211 2291 1287 γομένην
2318 1248 2382 1259 -
2407 1213 2620 1272 τίκτειν.
2663 1214 2886 1271 Deinde
2914 1212 3006 1271 καὶ
3035 1235 3150 1273 0111.
3173 1220 3244 1272 V.

2148 1300 2299 1372 874,
2350 1302 2419 1358 18
2461 1299 2682 1359 εἷο-θέσει
2732 1301 2860 1361 ΑΙά.
2903 1337 2968 1351 -
3005 1320 3080 1359 22
3129 1306 3156 1360 ὃ
3197 1302 3351 1369 αὐτὸς
3388 1302 3508 1368 θεὸς
3541 1308 3622 1361 V.

2065 1384 2437 1465 Ἡρακλεώτης
2464 1402 2549 1446 est
2576 1388 2898 1466 Nymphis,
2929 1389 3094 1466 cujus
3127 1392 3405 1449 tredecim
3431 1393 3626 1451 fuisse

2068 1473 2187 1554 περὶ
2217 1473 2530 1555 Ἡρακλείας
2570 1476 2751 1533 libros
2795 1489 3017 1535 constat
3049 1498 3124 1536 ex
3150 1478 3342 1539 Suida.
3375 1484 3625 1558 Harpe-

2066 1563 2277 1637 cratin,
2305 1562 2586 1623 Σαὸοί-οἱ
2616 1563 2712 1642 μὲν
2737 1562 2948 1633 Σαὸοὺς
2984 1564 3230 1646 λέγεσθαι
3269 1566 3390 1633 τοὺς
3420 1571 3627 1627 τελου-

2068 1647 2250 1726 μένους
2278 1654 2354 1730 ‘si’
2388 1651 2665 1732 Σαὸαζίῳ,
2693 1652 2933 1712 τουτέστι
2954 1656 3029 1732 τῷ
3066 1653 3304 1735 Διονύσῳ
3321 1699 3338 1728 ,
3368 1656 3624 1738 καθάπερ

2066 1734 2184 1804 τοὺς
2201 1741 2276 1818 τῷ
2300 1737 2498 1819 Βάκχῳ
2523 1740 2777 1819 Βάκχους.
2806 1739 2895 1798 τὸν
2920 1739 2977 1799 δὲ
3001 1741 3155 1800 αὐτὸν
3180 1731 3316 1801 εἶναι
3339 1742 3622 1813 Σαὸάζιον

2067 1824 2158 1883 καὶ
2193 1825 2442 1884 Διόνυσόν
2479 1849 2635 1907 φασιν
2675 1828 2825 1886 ἄλλοι
2857 1850 2913 1886 τε
2948 1826 3038 1886 καὶ
3077 1828 3350 1912 Ἀμφίθεος
3384 1833 3627 1915 δευτέρῳ

2066 1911 2186 1990 περὶ
2208 1910 2522 1993 Ἡρακλείας
2539 1936 2551 1949 ·
2586 1914 2687 1973 ubi
2709 1915 2990 1974 librorum
3015 1918 3321 1977 varietates
3345 1933 3481 1979 sunt
3510 1926 3626 2000 ἂμ-

2068 1998 2285 2080 φιέλεος,
2306 2000 2602 2081 ἀμφιελέος,
2623 2001 2935 2084 ἀμφιέλεως,
2955 2020 3260 2085 corruptae,
3279 2021 3345 2065 ut
3364 2009 3624 2085 videtur,

2068 2108 2141 2145 ex
2181 2086 2409 2170 Νύμφις.
2455 2096 2566 2148 Pro
2612 2089 2661 2168 β’
2710 2092 3074 2151 scribebatur
3118 2095 3204 2153 ιδ’.
3253 2101 3493 2158 Correxi
3544 2123 3622 2160 ex

2069 2179 2543 2255 Harpocratione.
2585 2185 2787 2256 Neque
2818 2183 2973 2239 enim
3010 2183 3313 2261 probabile
3338 2200 3425 2244 est
3452 2190 3625 2248 circa

2066 2266 2235 2323 finem
2257 2265 2488 2332 deinum
2509 2266 2701 2344 operis
2721 2266 2794 2324 de
2810 2268 2918 2325 hac
2939 2289 3002 2328 re
3026 2270 3245 2331 dictum
3267 2292 3408 2332 esse.
3432 2277 3621 2334 Dru».

2066 2387 2147 2398 --
2187 2362 2258 2423 24
2297 2353 2597 2431 legebatur
2631 2355 3074 2434 συλλογιζόμενος.
3117 2396 3181 2408 -
3216 2364 3290 2419 26
3330 2362 3510 2422 θίασον
3537 2369 3624 2423 V.

2067 2472 2145 2485 —
2178 2460 2247 2514 27
2295 2440 2545 2509 καὸάζειν
2573 2443 2749 2512 idem,
2789 2463 2907 2501 non
2931 2450 3004 2502 G.
3030 2483 3093 2496 —
3124 2448 3201 2505 28
3226 2447 3491 2528 σεὸασμὸν
3533 2459 3615 2512 V.

2066 2566 2129 2578 -
2149 2530 2180 2594 3
2196 2550 2216 2584 1
2237 2527 2447 2607 λέγουσι
2467 2549 2583 2587 0111.
2597 2535 2657 2589 V.
2678 2531 2806 2589 Ald.
2829 2576 2892 2585 -
2912 2533 2985 2588 32
3008 2535 3150 2616 αὐτῷ
3168 2540 3317 2616 κοινῇ
3336 2537 3530 2605 τόπους
3547 2545 3619 2599 V.

2066 2615 2157 2683 τὰς
2182 2615 2383 2695 βάκχας
2409 2621 2481 2686 Β,
2510 2615 2628 2687 τοὺς
2660 2617 2889 2699 βάκχους
2917 2621 3122 2680 Suidas
3156 2642 3199 2681 S.
3224 2625 3507 2702 Σαβάζιος.
3541 2634 3625 2689 Et

2067 2705 2149 2766 sic
2177 2703 2515 2772 Plutarchus
2549 2724 2783 2783 quoque
2814 2706 3024 2764 Moral.
3073 2727 3133 2786 p.
3180 2710 3318 2784 671,
3346 2715 3413 2769 E.
3445 2752 3511 2763 --
3535 2717 3620 2773 33

2066 2789 2206 2862 *Ὗας
2228 2812 2343 2849 om.
2364 2797 2459 2865 V„
2487 2794 2676 2870 spatio
2704 2812 2890 2852 vacuo
2906 2837 2924 2866 ,
2948 2794 3106 2872 quod
3129 2797 3186 2853 in
3209 2801 3281 2854 G.
3311 2802 3623 2879 expletum

2068 2894 2153 2939 est
2182 2881 2374 2938 verbis
2402 2879 2489 2937 καὶ
2517 2880 2761 2962 φρυγίλος
2790 2882 3050 2940 καλεῖται.
3083 2883 3273 2951 Εὗαιος
3296 2891 3364 2946 R.
3391 2893 3463 2946 V.
3497 2892 3623 2951 Εὖ·-

2069 2968 2215 3034 ὅαιος
2243 2968 2371 3035 Ald.
2397 2968 2724 3046 Legendum
2751 2981 2836 3025 est
2857 2968 3048 3036 Εὗῖοςε
3081 2986 3145 3029 ut
3166 2988 3325 3032 recte
3345 2976 3418 3034 ad
3447 2998 3618 3039 mar—

2068 3059 2256 3136 ginem
2287 3058 2630 3133 exemplaris
2665 3058 3163 3135 Post'elwaythiani
3197 3065 3617 3128 emendaverat

2069 3148 2160 3205 vir
2191 3145 2417 3205 doctus.
2461 3145 2746 3212 Bacchum
2781 3148 2934 3205 enim
2965 3147 3038 3205 ab
3067 3152 3482 3214 acclamatione
3517 3158 3617 3217 illa

2067 3235 2474 3293 bacchantium
2532 3234 2639 3290 εὐοῖ
2676 3233 2892 3292 dictum
2925 3227 3099 3294 fuisse
3126 3236 3308 3313 Εὔϊον,
3347 3261 3439 3301 res
3471 3248 3615 3305 satis

2068 3335 2205 3385 nota
2247 3334 2351 3380 est.
2394 3322 2504 3381 Sed
2545 3321 2703 3399 quod
2749 3322 2898 3381 idem
2945 3325 3034 3381 vir
3073 3325 3280 3386 doctus
3322 3350 3431 3406 pro
3467 3331 3614 3393 Ὗαν

2067 3411 2436 3470 scribendum
2484 3410 2752 3468 censebat
2811 3410 2976 3483 Εὔαν,
3027 3433 3145 3471 nou
3185 3412 3434 3493 'possum
3491 3443 3614 3481 non

2067 3502 2486 3561 emendationis
2521 3500 2672 3567 illius
2702 3500 2943 3576 gratiam
2974 3502 3028 3559 ei
3062 3503 3267 3563 facere.
3320 3510 3612 3571 Bacchum

2068 3591 2221 3651 enim
2243 3590 2456 3648 dictum
2477 3590 2648 3646 etiam
2670 3587 2843 3646 fuisse
2861 3587 3024 3664 “Υαν,
3039 3594 3132 3649 vel
3154 3591 3317 3668 εΎην,
3339 3596 3613 3659 dubitare

2069 3701 2176 3743 nos
2215 3700 2333 3737 non
2372 3678 2508 3737 sinit
2551 3677 2885 3738 Plutarchus
2935 3678 2994 3736 in
3038 3679 3190 3738 libro
3235 3682 3306 3740 de
3355 3687 3509 3745 Iside
3553 3705 3614 3747 et

2068 3768 2295 3828 Osiride
2322 3786 2452 3845 pag.
2488 3765 2632 3839 364,
2663 3765 2767 3824 ubi
2805 3766 2995 3842 inquit
3026 3790 3040 3825 ε
3069 3769 3179 3827 Καὶ
3215 3768 3316 3851 γὰρ
3342 3771 3616 3848 Ἕλληνες

2067 3857 2287 3915 καλοῦσι
2325 3873 2411 3914 τον
2458 3852 2708 3917 Διόνυσον
2752 3851 2924 3927 ο’Υην,
2969 3856 3040 3921 ὥς
3082 3856 3258 3937 κύριον
3302 3863 3398 3929 τ’ἤς
3443 3867 3612 3945 ὑγρᾶς

2068 3943 2297 4027 φύσεως,
2327 3944 2427 4024 οὔχ
2449 3941 2621 4022 ἕτερον
2649 3940 2776 4003 ὄντα
2815 3947 2910 4008 τοῦ
2947 3944 3228 4024 Ὀσίριδος.
3265 3949 3439 4009 Vides
3469 3956 3614 4016 Plu-

2071 4033 2330 4091 tarchum
2361 4032 2498 4089 satis
2537 4031 2687 4089 clare
2721 4031 2984 4105 innuere,
3017 4035 3302 4095 Bacchum
3333 4054 3615 4103 vocatum

2068 4141 2189 4180 csse
2218 4118 2383 4197 Ὕαν,
2419 4116 2523 4177 ἀπὸ
2554 4123 2646 4177 τοῦ
2678 4117 2805 4190 ὕειν,
2836 4119 2876 4176 i.
2903 4139 2954 4178 e.
2991 4126 3189 4195 pluere
3209 4144 3230 4179 .·
3259 4126 3409 4185 unde
3431 4129 3612 4191 simul

2067 4224 2308 4291 apparet
2345 4230 2574 4268 omnem
2611 4209 2799 4267 mendi
2829 4212 3216 4287 suspicionem
3243 4214 3317 4272 ab
3347 4217 3446 4274 illo
3475 4220 3616 4278 loco

2068 4301 2286 4359 abesse.
2332 4301 2513 4356 Kusm.
2561 4303 2626 4356 In
2663 4311 2797 4355 vett.
2839 4298 2969 4355 edd.
3013 4313 3099 4358 est
3147 4301 3400 4375 Εὕὸαιος,
3443 4310 3612 4384 quod

2069 4390 2331 4469 Toupius
2353 4392 2503 4464 (Em.
2531 4388 2589 4444 in
2607 4387 2848 4462 Hesych.
2876 4386 2987 4445 vol.
3009 4396 3065 4463 4,
3085 4409 3146 4467 p.
3179 4392 3312 4469 126)
3331 4393 3391 4450 in
3414 4395 3613 4465 Εὐαῖος

2071 4476 2407 4535 mutandum
2449 4477 2703 4548 censuit3
2734 4475 3002 4550 Vossius,
3046 4477 3146 4554 qui
3185 4477 3257 4536 de
3298 4480 3388 4539 his
3427 4484 3614 4545 rebus

2069 4566 2393 4624 acutissime
2421 4564 2651 4641 scripsit
2690 4562 2957 4642 (mythol.
3002 4568 3101 4621 ΒΓ.
3149 4568 3262 4624 vol.
3306 4589 3378 4644 2,
3425 4592 3487 4650 p.
3527 4576 3614 4654 3),

2070 4668 2339 4731 tanquam
2370 4654 2416 4710 si
2445 4651 2587 4708 nihil
2616 4649 2898 4723 obstaret,
2940 4652 3048 4710 sub
3087 4654 3300 4714 vexillo
3329 4661 3611 4732 retinuit3

2070 4743 2209 4801 mihi
2250 4740 2403 4807 Εὔϊος
2427 4741 2516 4798 vel
2553 4737 2738 4805 Ιὲὔσιος
2768 4739 3071 4817 legendum
3094 4743 3343 4815 videtur,
3371 4747 3446 4805 ab
3473 4740 3609 4823 2301,

2067 4843 2131 4889 ut
2154 4836 2407 4899 Lacones
2434 4847 2543 4906 pro
2569 4817 2624 4885 εὖ
2654 4826 2735 4885 σοὶ
2763 4827 2921 4905 (bene
2941 4836 3028 4903 sit)
3051 4831 3263 4891 dixisse
3288 4846 3492 4894 auctor
3516 4852 3614 4898 est

2067 4914 2318 4996 Etymol.
2349 4922 2430 4976 M.
2458 4937 2517 4995 p.
2554 4919 2687 4993 391,
2723 4937 2823 4985 103
2854 4916 3012 4994 quod
3037 4919 3264 4977 Baccho
3292 4920 3371 4979 ob
3402 4923 3607 4985 inven-

445 4997 692 5080 ᾷμαρίθῳ
719 5004 872 5058 G.—
894 5002 969 5070 48
1002 5004 1112 5062 ἐκεῖ
1144 5002 1289 5084 κριὸν
1318 5003 1620 5062 Dobraeus.
1656 5006 1981 5082 Legebatur
2070 5021 2190 5065 tum
2225 5019 2560 5084 tympanum
2608 5006 2630 5085 (
2646 5005 2866 5086 ῥόπτρον
2907 5006 3059 5063 enim
3099 5006 3468 5070 scribendum
3513 5029 3608 5079 est

446 5090 507 5165 {x
539 5092 634 5147 τοῦ
668 5092 852 5168 κηροῦ.
870 5126 934 5141 -
954 5090 1028 5150 5ο
1061 5095 1155 5163 τὴν
1180 5088 1513 5169 ὡγαμέμνων
1540 5093 1846 5153 Bentleius.
1868 5100 1979 5155 Le-
2072 5115 2179 5174 pro
2198 5095 2510 5176 κάτοπτρον)
2536 5096 2908 5154 acclamatum
2930 5094 3101 5155 fuisse
3123 5098 3403 5176 Arignote
3425 5100 3607 5173 tradit
