3859 5725
384 273 497 326 598

382 405 580 472 queat,
604 387 901 467 Ἅμὸλαδα,
931 386 1069 445 urbs
1099 385 1358 444 Pisidiae:
1386 382 1626 444 Caribus
1659 382 1914 440 confines

382 479 619 548 Pisidae,
649 479 829 555 inque
865 476 935 535 iis
970 472 1417 542 Ambladenses‚
1466 472 1567 549 qui
1610 489 1727 528 non
1763 469 1913 528 adeo

382 566 692 635 videntur,
734 564 784 621 si
833 563 1130 621 literarum
1176 560 1386 619 ductus
1424 559 1788 629 consideres,
1841 558 1914 617 ab

385 652 767 712 Ambraciotis
814 650 1029 709 distare
1056 693 1074 722 ,
1130 662 1198 707 ut
1243 661 1626 724 utrorumque
1658 647 1915 717 nomina,

383 741 698 818 prasertim
734 736 809 796 ab
843 738 1125 816 imperitis
1154 736 1438 808 librariis,
1477 735 1796 812 permutari
1826 734 1915 791 sa·-

385 832 497 888 cile
528 848 643 885 non
679 828 999 904 potuerint:
1026 844 1215 901 neque
1229 843 1293 882 ea
1315 823 1647 899 conjectura
1683 828 1915 880 Petrum

384 915 841 992 Wesselingium,
856 932 1032 990 quum
1048 933 1146 970 sen
1157 912 1388 970 tentiam
1400 910 1524 988 ejus
1534 911 1916 988 exquirerem,

384 1005 651 1062 latuerat.
684 1007 836 1078 Erigo
873 999 1157 1078 perpendi
1187 1010 1476 1066 meretur,
1508 1018 1580 1056 an
1611 998 1918 1056 commode

318 1154 341 1179 .
387 1092 581 1168 refingi
602 1089 800 1168 possit,
819 1086 947 1169 πρὸς
964 1086 1086 1155 τοὺς
1104 1084 1428 1166 Ἀμὸλαδέας
1449 1083 1882 1164 βουλευσαμένων
1899 1106 1919 1126 ·

384 1177 543 1255 quod
569 1197 687 1233 non
713 1176 793 1234 ita
823 1174 1125 1251 capiebam
1147 1216 1163 1244 ,
1192 1174 1359 1251 quasi
1393 1173 1468 1232 de
1494 1172 1649 1232 bello
1676 1173 1919 1232 Ambla-

386 1263 663 1323 densibus
710 1262 1011 1321 inserendo
1047 1266 1218 1321 Cares
1259 1261 1650 1319 consultarent
1687 1283 1702 1319 ε
1739 1264 1921 1320 mani-

387 1354 595 1411 festum
629 1370 701 1411 ex
726 1350 1120 1427 sequentibus,
1155 1355 1328 1410 Caras
1352 1370 1384 1408 a
1406 1350 1593 1407 Persis
1620 1351 1922 1408 infestatos

385 1439 600 1498 auxilia
632 1438 1141 1516 circumspexi-sse,
1182 1437 1397 1515 quibus
1424 1438 1607 1514 adjuti
1631 1441 1919 1515 potentis-

386 1529 562 1586 simos
590 1526 782 1584 hostes
811 1527 1192 1603 repellerent:
1220 1525 1322 1583 sed
1347 1544 1479 1584 cum
1502 1527 1673 1583 sociis
1695 1525 1924 1584 Ambla-

388 1613 660 1674 densibus
685 1614 759 1672 de
789 1612 946 1672 bello
970 1615 1200 1673 Persico
1225 1613 1609 1686 deliberasse,
1652 1614 1923 1691 illamque

387 1702 615 1761 consilii
650 1700 886 1783 publici
913 1702 1087 1762 fuisse
1116 1720 1426 1774 summam,
1460 1722 1741 1778 quosnam
1769 1703 1921 1760 vici-

387 1811 597 1850 norum
645 1791 862 1848 virtute
916 1790 1350 1848 florentissimos
1399 1791 1763 1867 potissimum
1811 1789 1922 1849 sibi

390 1875 790 1954 adjungerent.
843 1881 1048 1954 Neque
1091 1878 1557 1954 interpretationi
1596 1890 1809 1936 nostras
1832 1878 1922 1939 lo-

389 1969 608 2045 quendi
637 1967 843 2026 modus
880 1968 1064 2025 officit
1093 1989 1108 2024 2
1137 1987 1268 2024 nam
1302 1967 1394 2024 vel
1414 1988 1446 2025 e
1479 1967 1674 2026 lexicis
1703 1968 1923 2025 discere

389 2057 542 2126 licet,
566 2068 723 2114 recte
743 2055 883 2132 poni
907 2053 1035 2135 πρὸς
1054 2052 1174 2121 τοὺς
1203 2052 1251 2112 Ἀ
1261 2052 1527 2130 μᾶλαδέας
1547 2052 1924 2133 βουλεύσασθαι

390 2162 501 2220 pro
523 2186 540 2215 ,
565 2164 690 2201 cum
730 2142 1198 2200 Ambladeaesibus
1225 2147 1455 2199 consilia
1482 2143 1749 2216 ronfen‘e.
1786 2148 1927 2218 Qnae

386 2250 527 2288 vero
562 2231 841 2288 continno
876 2243 1227 2307 sequnntur,
1252 2241 1540 2306 caputque
1561 2231 1926 2289 deliberatio·

391 2317 486 2376 nis
514 2319 831 2390 continent,
868 2319 925 2374 in
957 2316 1114 2375 bunc
1146 2316 1410 2375 ordinem
1448 2317 1681 2376 redacta
1716 2320 1927 2378 clarius

390 2405 594 2481 utique
620 2417 893 2482 poterunt
921 2405 1196 2481 intelligi,
1234 2402 1378 2470 τίνας
1409 2406 1516 2462 τῶν
1542 2402 1787 2480 γειτόνων
1821 2407 1922 2464 ἀλ-

390 2488 719 2568 κιμωτάτους
747 2489 902 2557 ὄντας
941 2493 995 2549 ἐν
1028 2488 1247 2571 πολέμῳ
1279 2488 1384 2570 χρὴ
1415 2495 1673 2550 ποιεῖσθαι
1705 2493 1928 2570 συμμά-

390 2600 516 2657 χους
535 2598 549 2612 ·
585 2578 695 2636 nisi
718 2579 988 2637 sufficere
1012 2578 1141 2655 quis
1165 2591 1332 2656 putet
1364 2580 1646 2638 minorem
1669 2584 1933 2639 mutatio·

390 2684 524 2723 nem
541 2709 557 2738 ,
599 2664 1002 2742 ἀλκιμωτάτους
1029 2663 1184 2732 ὄντας
1211 2666 1264 2725 ἐν
1297 2665 1518 2747 πολέμῳ
1549 2671 1654 2725 τῶν
1681 2667 1934 2745 γειτόνων

389 2752 536 2817 τίνας
562 2749 669 2834 χρὴ
703 2775 760 2811 π.
798 2765 909 2811 etc.
942 2752 1357 2813 Ambladenses
1380 2767 1569 2813 autem
1600 2776 1928 2833 quanquam

391 2859 453 2900 in
481 2841 589 2899 hac
618 2841 858 2900 historia
881 2842 1023 2901 nihil
1049 2841 1359 2901 admodum
1386 2843 1705 2917 offendant,
1727 2846 1934 2905 adver-'-

391 2948 488 2987 sus
514 2928 914 2988 Ambraciotas
943 2941 1098 2988 certe
1133 2932 1271 2988 satis
1298 2952 1591 3010 superque
1625 2934 1741 2991 sint
1778 2936 1930 3008 tecti,

391 3016 549 3076 nuda
583 3029 795 3090 tamen,
828 3017 985 3094 quod
1023 3019 1178 3076 ultro
1207 3018 1411 3091 fateor,
1446 3019 1778 3096 conjectura
1807 3033 1932 3079 tan·

394 3117 515 3162 tum
537 3104 821 3176 nituntur,
866 3105 962 3163 cui
991 3105 1213 3164 nullum
1232 3104 1465 3164 aliunde
1494 3107 1932 3167 fundamentum

391 3190 635 3250 accedit.
670 3192 827 3264 Quin
857 3193 904 3250 si
934 3193 1064 3268 quis
1092 3211 1183 3249 me
1207 3193 1494 3269 postulet,
1527 3196 1675 3253 utin
1705 3216 1791 3268 ea,
1820 3216 1934 3273 qua

395 3298 697 3338 versamur
719 3322 737 3350 ,
780 3291 948 3338 aetate
980 3277 1261 3338 Amblada
1303 3281 1476 3339 fuisse
1522 3280 1936 3350 demonstrem,

393 3386 515 3425 rem
536 3368 761 3446 liquido
786 3369 1073 3427 conficere
1092 3388 1374 3446 nequeam
1390 3390 1408 3440 ;
1435 3369 1569 3426 licet
1586 3368 1934 3445 probabilis-

395 3457 603 3514 simum
632 3476 706 3514 ex
725 3455 849 3533 ipsa
877 3456 1035 3515 vocis
1062 3458 1247 3515 forma
1271 3458 1536 3517 Caricum
1559 3457 1835 3534 quiddam
1867 3477 1934 3514 ac

396 3556 680 3602 vetustum
709 3556 952 3603 sonante
975 3545 1254 3604 videatur.
1284 3550 1623 3621 Quaeramus
1640 3547 1831 3624 igitur,
1860 3566 1935 3604 an

396 3631 617 3690 firmius
641 3631 858 3708 aliquid
895 3632 1141 3690 inveniri
1166 3634 1363 3710 possit.
1408 3634 1753 3692 Persuasum
1793 3633 1937 3691 mibi

396 3733 520 3791 est,
553 3740 685 3799 qnae
724 3734 923 3780 noster
949 3722 1281 3781 scholiastes
1307 3743 1338 3780 e
1377 3727 1640 3782 Damone
1688 3725 1934 3802 repetiit,

396 3809 636 3868 eandem
666 3828 958 3886 exponere
982 3830 1100 3867 rem
1137 3824 1352 3888 gestam
1373 3853 1395 3880 ‚
1443 3831 1614 3888 quam
1645 3814 1936 3871 memoriae

398 3898 696 3958 mandavit
722 3897 1002 3956 Herodot.
1027 3900 1084 3968 5,
1116 3920 1140 3955 ι
1156 3900 1244 3971 18,
1271 3920 1293 3956 1
1311 3920 1400 3976 19,
1428 3920 1556 3959 iao.
1586 3906 1756 3960 Iones
1774 3921 1807 3959 a
1824 3906 1936 3960 Da·

399 3988 488 4046 rio
516 3988 875 4046 desciverant
900 4009 913 4043 ε
943 3988 1151 4048 Sardes
1190 4002 1375 4067 captae
1405 4003 1464 4049 et
1502 3991 1787 4065 incensae;
1820 4013 1935 4069 qua

396 4077 457 4134 in
481 4076 850 4154 expeditione
868 4076 1307 4136 Atheniensium
1337 4098 1517 4160 opera
1545 4079 1654 4137 suit
1672 4081 1934 4157 insignis:

397 4162 558 4224 urbis
608 4161 977 4221 nobilissima:
1009 4176 1325 4222 vastatores
1368 4163 1521 4222 bello
1570 4167 1937 4244 persequitur

395 4251 667 4310 Daurises
695 4251 855 4308 Darii
876 4270 1052 4328 gener
1076 4271 1209 4309 cum
1231 4252 1356 4309 aliis
1376 4271 1447 4329 pa
1457 4253 1503 4310 ri
1528 4252 1805 4331 dignitate
1829 4253 1936 4312 du-

397 4338 563 4398 cibus
598 4360 613 4395 =
669 4337 809 4396 dum
858 4338 1349 4415 Hellespontiacas
1391 4337 1567 4398 urbes
1615 4353 1933 4419 expugnat,

397 4426 647 4484 nuncius
678 4424 940 4484 adfertur
966 4425 1040 4483 de
1074 4425 1319 4485 Caribus
1351 4432 1557 4486 Ionum
1605 4442 1801 4507 partes
1841 4450 1935 4489 se·-

397 4514 544 4574 eutis
570 4535 583 4570 :
619 4512 809 4571 statim
834 4532 905 4570 eo
921 4515 1117 4591 copias
1144 4514 1343 4573 ducit:
1374 4514 1614 4591 trajecto
1634 4517 1934 4576 Maeandro

397 4601 676 4661 acerrima
713 4620 907 4679 pugna
951 4603 1331 4660 committitur
1361 4625 1375 4659 :
1406 4602 1739 4664 victi'Cares
1769 4607 1934 4684 suga-

402 4690 560 4767 tique
585 4687 973 4758 κατιιλήθησαν
1004 4690 1078 4756 εἰς
1105 4689 1413 4770 Λάὸρανδα,
1447 4694 1498 4760 ἐς
1526 4691 1657 4759 Διὸς
1672 4693 1933 4774 Στρατίου

397 4775 512 4857 ἱρὸν
540 4774 681 4854 μίγα
712 4798 773 4834 τι
796 4774 888 4835 καὶ
906 4775 1054 4853 ἅγιον
1075 4775 1236 4846 ἄλσος
1258 4779 1650 4840 πλατανίστων.
1680 4781 1771 4841 lbi
1794 4804 1934 4841 con-

400 4862 767 4937 sultantibus,
798 4876 988 4921 utrum
1007 4865 1254 4924 maxime
1274 4867 1391 4926 suis
1416 4868 1737 4928 rationibus
1759 4889 1935 4948 expe-

402 4951 543 5020 diat,
572 4950 717 5008 facta
745 4949 1040 5009 deditione
1068 4972 1198 5010 cum
1228 4955 1414 5013 Persis
1441 4957 1668 5033 pacisci,
1697 4977 1769 5014 an
1795 4959 1935 5016 alias

1518 250 1965 314 ADNOTATIO
2005 247 2089 310 m
2128 246 2392 310 scfloL.

2001 392 2178 456 pente
2204 378 2502 457 suppetias
2523 378 2781 448 veniunt,
2803 388 2864 435 et
2885 375 3312 435 dubitationem
3338 374 3568 434 decer-

2001 478 2163 527 nunt.
2192 471 2335 526 Cum
2363 466 2551 527 Persis
2578 467 2788 525 iterum
2808 465 3099 542 congressi
3125 464 3355 540 majore
3387 462 3564 521 clade

2003 567 2378 613 sternuntur:
2406 552 2674 613 πεσόντων
2724 550 2780 611 δὲ
2818 554 3027 611 πολλῶν
3075 553 3341 623 Μιλήσιοι
3382 552 3564 628 μάλι-

2005 665 2104 701 στα
2131 640 2458 717 ἐπλήγησαν.
2509 646 2647 701 Haec
2675 642 2818 700 mihi
2850 642 2899 700 si
2928 641 3056 720 quis
3099 660 3232 699 cum
3261 641 3568 700 Damonis

2005 730 2335 788 narratione
2368 730 2826 808 comparaverit,
2871 731 3134 807 quamvis
3175 742 3398 787 cuncta
3435 750 3567 787 non

2006 841 2242 898 prorsus
2266 834 2467 880 exacte
2493 835 2833 899 congruant,
2856 822 3364 899 praetermissaque
3383 821 3468 879 sit
3484 820 3568 879 ab

2005 909 2305 968 Herodoto
2332 912 2503 968 sortis
2529 909 2737 971 divinae
2758 911 3232 970 commemoratio
3250 954 3269 983 ,
3301 910 3570 969 eandem

2006 999 2245 1055 omnino
2269 997 2565 1056 historiam
2598 997 2912 1075 utrobique
2933 999 3024 1075 agi
3069 1017 3190 1054 non
3229 997 3568 1057 difficulter

2007 1083 2301 1142 concedet.
2342 1088 2516 1143 Cares
2556 1085 2828 1147 nimirum
2864 1106 2897 1142 a
2930 1085 3119 1162 primo
3160 1086 3371 1162 praelio
3421 1086 3566 1162 suga

2009 1171 2212 1249 dilapsi
2262 1191 2332 1230 ex
2370 1172 2767 1250 superioribus
2810 1172 2953 1230 locis
2997 1174 3238 1249 propius
3283 1193 3456 1231 mare
3499 1194 3566 1231 se

2008 1272 2351 1336 receperunt
2378 1282 2390 1316 ε
2418 1260 2721 1319 concilium
2755 1260 2941 1337 gentis
2959 1260 3019 1318 in
3045 1262 3178 1319 vico
3199 1259 3566 1333 Labi-andis,

2011 1357 2076 1403 ut
2106 1346 2327 1405 felicius
2357 1345 2467 1404 sub
2494 1348 2652 1405 Iovis
2681 1345 2944 1428 Στρατίου
2967 1350 3234 1427 auspiciis
3252 1348 3566 1409 delibera-

2010 1434 2091 1491 tio
2120 1434 2193 1493 de
2224 1454 2446 1495 summa
2465 1454 2527 1492 re
2554 1435 2906 1505 succederet,
2935 1449 3022 1495 est
3047 1436 3336 1502 habitum.
3376 1439 3570 1496 Vicus

2010 1535 2199 1580 autem
2231 1521 2539 1581 Labranda
2559 1566 2576 1594 ,
2622 1523 2735 1581 hoc
2774 1524 2927 1582 enim
2954 1537 3042 1582 est
3068 1544 3263 1582 verum
3295 1523 3416 1583 loci
3445 1547 3560 1582 no-

2012 1625 2141 1665 men
2168 1609 2256 1667 vel
2284 1610 2461 1667 invita
2488 1609 2751 1668 Medicea
2773 1609 3123 1679 membrana,
3149 1630 3330 1688 quam
3353 1631 3565 1688 snper·

2010 1694 2233 1752 stitiosa
2276 1697 2646 1755 veneratione
2686 1717 2914 1775 semper
2954 1703 3040 1756 Ja.
3078 1698 3417 1756 Gronovius
3465 1719 3561 1755 su-

2011 1783 2217 1860 spicit,
2265 1784 2530 1859 Mylassis
2559 1785 2877 1843 stadiorum
2907 1785 3218 1844 admodum
3256 1805 3335 1856 70
3370 1786 3568 1843 inter-

2012 1870 2163 1928 vallo
2220 1870 2487 1930 distabat.
2569 1871 2814 1953 Στρατίῳ
2854 1874 2983 1931 Jovi
3017 1915 3034 1944 ,
3091 1891 3261 1949 quem
3329 1891 3568 1937 summa

2014 1958 2290 2036 religione
2311 1962 2484 2018 Cares
2517 1958 2821 2032 colebant,
2847 1979 3169 2038 cognomen
3214 1958 3322 2015 suit
3358 1977 3390 2015 a
3429 1958 3565 2015 loco

2014 2045 2250 2105 ductum
2274 2045 2395 2114 Διὸς
2426 2045 2834 2126 Λαὸρανδηνοῧ,
2861 2061 2926 2105 ut
2954 2045 3167 2106 Strabo
3194 2045 3435 2123 scripsit
3470 2055 3566 2119 14,

2014 2155 2071 2214 p.
2097 2157 2169 2212 97
2180 2138 2232 2209 3,
2250 2140 2317 2208 F,
2341 2137 2448 2210 vel,
2476 2136 2633 2213 quod
2657 2137 2833 2213 magis
2850 2137 3142 2206 usitatum,
3169 2133 3566 2215 Δαὸρανδέωςε

2014 2235 2272 2283 extrema
2317 2225 2446 2282 voci
2482 2224 2647 2282 litera
2691 2224 2886 2283 deficit
2908 2225 2969 2282 in
2997 2224 3225 2283 AEliano
3250 2228 3341 2281 De
3379 2225 3566 2282 anim.

2023 2332 2114 2384 ia,
2138 2314 2211 2370 30
2236 2355 2254 2383 ,
2290 2313 2384 2371 cui
2413 2325 2479 2371 ut
2509 2311 2712 2371 lubens
2743 2313 3003 2371 dederim
3029 2355 3048 2386 ,
3087 2332 3122 2369 a
3161 2310 3416 2392 Στρατίφ
3437 2331 3564 2369 non

2016 2400 2250 2459 differre
2270 2399 2733 2460 Labrandensem
2755 2406 2788 2460 J
2791 2420 2978 2473 ovem,
2997 2401 3079 2459 sic
3097 2399 3346 2458 eundem
3367 2402 3566 2477 ipsum

2017 2501 2073 2547 et
2098 2488 2298 2569 Κάριον
2313 2490 2613 2567 appellari,
2656 2489 2911 2547 nondum
2931 2488 3188 2547 adducor
3205 2500 3272 2546 ut
3287 2487 3532 2545 credam
3548 2511 3564 2544 :

2019 2577 2078 2635 in
2125 2597 2295 2654 quam
2355 2577 2804 2655 disputationem
2849 2579 3025 2655 paulo
3079 2576 3314 2654 majoris
3363 2595 3568 2653 operae

2019 2685 2173 2723 nunc
2195 2666 2422 2743 ingredi
2449 2686 2566 2722 non
2594 2678 2778 2723 vacat.
2822 2670 2947 2724 Jam
2977 2685 3130 2743 pone
3153 2664 3321 2723 sodes
3338 2707 3357 2733 ,
3401 2662 3566 2740 apud

2021 2757 2340 2812 Damonem
2369 2757 2451 2813 ita
2479 2756 2654 2813 fuisse
2694 2754 3008 2832 scriptum,
3046 2750 3177 2832 πρὸς
3207 2754 3285 2832 τῷ
3312 2754 3409 2809 τοῦ
3434 2753 3564 2810 Λα-

2020 2838 2280 2922 ὅρανδέως
2313 2841 2457 2921 (ant,
2479 2843 2526 2901 si
2557 2843 2751 2914 maviS,
2786 2863 2984 2903 errore
3012 2862 3294 2922 perquam
3316 2842 3572 2921 vulgari,

2020 2929 2409 3011 Λαμὸραδιίως)
2438 2929 2588 2991 ἅλσιι
2613 2930 3045 3012 βουλευσαμένων
3068 2974 3084 3001 ,
3105 2952 3198 2990 res
3233 2934 3423 2992 omnis
3451 2933 3566 2990 erit

2021 3019 2080 3076 in
2123 3019 2304 3092 vado,
2332 3040 2549 3097 suaque
2582 3020 2836 3078 historiae
2863 3019 3006 3079 fides
3045 3019 3334 3079 constabit
3364 3044 3378 3078 :
3406 3021 3566 3078 anti-

2022 3107 2256 3182 quarios
2283 3127 2421 3165 vero
2448 3128 2621 3185 quam
2662 3107 2826 3166 facile
2855 3108 3134 3167 barbarus
3180 3109 3430 3167 inauditi
3460 3129 3569 3166 vo-

2022 3193 2214 3252 cabuli
2234 3215 2411 3253 sonus
2436 3194 2745 3253 deduxerit
2763 3196 2834 3254 ad
2861 3198 3116 3254 notiores
3139 3195 3566 3267 Ambraciota,

2022 3301 2201 3359 quum
2230 3282 2443 3340 similes
2497 3284 2795 3342 literarum
2839 3297 2994 3342 notae
3038 3284 3127 3342 vel
3160 3285 3335 3342 oculo
3364 3283 3568 3361 judice

2022 3370 2384 3446 deprehendi
2412 3371 2650 3448 possint,
2679 3371 2876 3429 multis
2902 3372 3096 3431 dicere
3134 3372 3276 3449 quid
3312 3373 3574 3431 attinet?

2020 3459 2263 3517 Interim
2288 3460 2409 3517 veri
2436 3460 2714 3519 similiora
2740 3462 3126 3538 proferentem
3148 3462 3342 3520 nullus
3371 3483 3568 3539 asper-

2021 3544 2225 3605 nabor.
2267 3545 2475 3605 Suidas
2499 3547 2558 3605 in
2586 3548 2674 3605 his
2711 3546 2948 3606 salebris
2977 3568 3097 3606 non
3118 3549 3288 3626 plane
3309 3548 3530 3607 deserit
3547 3572 3565 3606 :

2024 3652 2154 3690 nam
2182 3633 2238 3690 in
2271 3633 2452 3693 Πάλαι
2480 3646 2589 3692 etc.
2628 3635 2710 3692 sic
2740 3634 2944 3708 habet,
2978 3632 3068 3694 ἐπὶ
3098 3638 3201 3694 τῶν
3230 3635 3352 3694 ποτ’
3380 3637 3566 3714 ἀκμα-

2023 3716 2224 3778 σάντων
2246 3765 2264 3793 ,
2308 3725 2398 3780 νῦν
2447 3718 2504 3779 δὲ
2540 3723 2801 3780 ἀσθενῶν·
2846 3723 2906 3782 in
2934 3709 3113 3781 ’Ἦσαν
3196 3723 3330 3782 aulo
3373 3724 3568 3800 aliter,

2021 3807 2283 3890 παροιμία
2311 3808 2416 3868 ἀπὸ
2440 3814 2706 3890 χρησμοῦ,
2736 3809 2947 3869 ἐπὶτῶν
2974 3807 3102 3869 ποτὶ
3123 3833 3198 3884 ευ,
3232 3799 3349 3869 εἶτα
3374 3809 3567 3891 ἕτέρως

2021 3895 2311 3975 γεγονότων
2335 3919 2346 3931 ·
2379 3897 2532 3957 unde
2550 3943 2568 3972 ,
2591 3897 2749 3976 quod
2768 3899 3068 3956 Schottum
3100 3898 3245 3972 fugit
3264 3942 3281 3968 ,
3319 3900 3380 3957 in
3411 3902 3559 3957 Dio-

2022 3985 2270 4063 geniano
2303 3990 2368 4045 C.
2400 3986 2454 4058 5,
2485 3988 2518 4044 3
2541 4030 2558 4058 ,
2585 3986 2975 4064 reponendum
3005 3976 3101 4044 εἶθ’
3135 3986 3338 4067 ἑτέρως.
3390 3987 3566 4047 Haud

2023 4086 2251 4150 poterat
2289 4074 2547 4152 jejunius
2576 4098 2590 4134 ε
2617 4076 2882 4153 pleniora
2923 4075 3086 4133 dedit
3133 4095 3328 4154 margo
3373 4081 3564 4134 Dorv.

2023 4181 2151 4237 quaa
2184 4174 2373 4220 tamen
2410 4183 2599 4240 neque
2638 4164 2763 4241 ipsa
2803 4164 3109 4241 quicquam
3149 4184 3256 4222 nos
3273 4164 3442 4241 juvat
3469 4186 3486 4221 :
3515 4167 3566 4222 oi

2022 4248 2413 4323 Μιλήσιοι-εἰς
2429 4250 2737 4331 παροιμίαν.
2767 4256 2856 4311 Ita
2882 4252 3268 4310 recentiorum
3284 4263 3410 4310 erat
3431 4272 3570 4313 mos

2023 4339 2389 4416 excerpendi,
2420 4352 2501 4412 ut,
2530 4341 2804 4418 quicquid
2824 4340 3114 4399 eruditum
3138 4352 3199 4399 et
3223 4360 3255 4398 a
3276 4341 3565 4398 vetustio-

2023 4423 2181 4484 ribus
2201 4429 2586 4503 grammaticis
2608 4440 2851 4487 tractum
2871 4427 3262 4499 inveniebant,
3283 4440 3566 4506 tanquam

2023 4532 2246 4590 pannos
2287 4515 2521 4575 inutiles
2562 4516 2902 4575 reciderent.
2967 4521 3054 4575 Ex
3095 4537 3214 4593 quo
3250 4518 3410 4576 fonte
3453 4537 3563 4576 sua

2021 4601 2299 4660 derivarit
2319 4605 2500 4662 mich.
2537 4605 2800 4681 Apostol.
2826 4609 2893 4663 C.
2931 4625 2948 4660 ι
2965 4605 3020 4678 5,
3052 4607 3126 4680 59
3143 4645 3159 4672 ,
3185 4605 3445 4663 nondum
3469 4625 3560 4661 re-

2022 4690 2178 4767 peri:
2197 4710 2231 4748 a
2248 4693 2454 4750 ceteris
2463 4692 2694 4769 quidem
2706 4693 3059 4769 aliquantum
3072 4691 3366 4751 discordat
3377 4711 3560 4769 quum

2022 4778 2444 4855 interpretandi
2476 4779 2681 4849 modo,
2729 4793 2847 4838 tum
2887 4779 3230 4857 explicanda
3275 4779 3562 4857 paroemiae

2022 4884 2228 4937 causa,
2272 4867 2344 4924 de
2384 4887 2499 4943 qua
2539 4879 2673 4943 post
2718 4874 3015 4927 Erasmum
3051 4881 3110 4927 et
3143 4867 3444 4928 Schottum
3480 4868 3560 4925 ad

2021 4954 2339 5016 zenobium
2381 4955 2664 5014 videndus
2689 4969 2776 5014 est
2801 4958 3121 5016 Gatakerus
3159 4961 3248 5015 De
3269 4961 3343 5017 Ν.
3383 4957 3556 5015 lustr.

401 5035 583 5103 sedes,
616 5035 746 5094 Asia
775 5036 1007 5112 relicta,
1041 5040 1345 5115 quaesitum
1369 5041 1564 5116 abire,
1603 5044 1808 5103 Milesii
1835 5066 1935 5104 re-
2027 5045 2171 5122 styl.
2205 5065 2253 5103 c.
2292 5065 2386 5122 19,
2436 5064 2685 5123 quorum
2731 5043 3053 5105 observatis
3099 5045 3174 5105 ab
3202 5046 3559 5126 Spanhemio
