3859 5725
1647 272 1691 330 N
1705 268 1964 332 UBIUM.

262 421 333 488 37
373 413 468 493 μὲν
502 414 597 472 οὐκ
628 402 694 482 ἦν
732 414 803 468 G.
833 445 896 459 -
920 408 994 468 38
1020 407 1150 488 πρὸς
1179 402 1235 463 δὲ
1274 402 1336 462 τὸ
1364 405 1538 461 λαθεῖν
1568 400 1695 458 Ald.
1724 435 1785 448 —

264 505 342 579 39
366 500 426 559 τὸ
451 500 756 579 καμφθῆναι
780 500 960 554 τοῦτον
987 484 1052 564 ἦν
1074 515 1184 573 χρ.,
1209 488 1287 549 ἔτι
1314 486 1370 548 δὲ
1390 489 1596 567 μέλλων
1624 488 1786 545 εἰπεῖν

261 589 343 650 ὅτι
369 586 627 669 ὑφείλετο,
674 583 822 666 ὀρθὸν
876 582 1008 642 ΔΙά.
1046 614 1118 626 -
1147 585 1219 639 Et
1251 588 1319 648 41
1375 597 1491 654 seq.
1540 581 1789 635 τοιαῦτα·

268 675 544 754 βούλονται
569 691 682 729 0111.
704 676 775 730 V.
799 707 865 720 -—
889 672 960 739 43
1006 667 1222 748 κάμψας
1247 672 1321 725 R.
1344 699 1408 714 -
1435 666 1507 732 46
1540 659 1792 731 διαόήτης

266 760 330 820 δέ
379 764 519 820 ἐστιν
573 759 838 839 ἐργαλεῖον
896 761 962 815 V.
995 792 1059 804 -
1103 763 1173 826 47
1234 751 1518 831 εὔχρηστος
1583 746 1793 828 τέχναις

264 850 483 913 πολλαῖς
529 851 598 905 R.
652 858 711 904 et
751 841 1059 927 παρεοικώς.
1102 879 1167 894 --
1210 841 1284 910 48
1333 836 1702 919 περιάπτοντες
1718 839 1790 894 V.

264 932 624 1014 παράπτοντες
642 937 712 993 R.

359 1041 500 1098 179,
551 1024 663 1079 1-3
704 1018 926 1077 scholio
958 1017 1226 1095 proximo
1255 1013 1556 1094 postponit
1588 1015 1679 1082 V.,
1706 1028 1795 1068 se-

268 1109 504 1186 quentia
544 1121 737 1167 autem
778 1101 1193 1187 ἐμφαίνει-δρῴη
1236 1100 1536 1181 postponit
1576 1097 1795 1157 scholio

268 1216 326 1253 v.
361 1196 488 1253 186.
515 1200 669 1254 τοῦτο
691 1214 803 1252 om.
824 1198 915 1264 R.,
941 1191 1041 1250 ὑπὸ
1061 1210 1175 1250 0111.
1203 1195 1273 1249 G.
1297 1234 1360 1248 ....
1382 1199 1445 1261 4,
1472 1189 1504 1245 5
1529 1183 1794 1267 ἐμφαίνειν

271 1280 359 1342 διὰ
396 1281 589 1341 τούτων
626 1279 864 1361 βούλεται
898 1277 981 1338 ὅτι
1014 1275 1366 1359 παιδεράστης
1403 1266 1469 1346 ἦν
1509 1271 1797 1353 Σωκράτης

270 1372 370 1428 κάν
405 1378 520 1433 ταῖς
549 1368 896 1449 παλαίστραις
918 1365 985 1425 τὰ
1010 1363 1182 1424 πολλὰ
1202 1363 1309 1436 ἐξ.,
1347 1362 1436 1423 ἵνα
1467 1360 1586 1427 τοὺς
1606 1358 1798 1424 παῖδας

270 1461 350 1537 ὀρ.
381 1462 453 1516 V.
479 1497 544 1509 -
571 1478 726 1532 7-12
758 1455 888 1537 παρ’
914 1458 1003 1512 ὑπ.
1046 1444 1208 1514 εἶπεν.
1243 1452 1361 1511 ἀντὶ
1382 1449 1482 1532 γὰρ
1511 1455 1603 1508 τοῦ
1635 1450 1797 1506 εἰπεῖν

271 1543 572 1627 κατέγραψέ
596 1567 648 1603 τι
674 1542 705 1602 δ
737 1540 1082 1623 προσέχοντες
1103 1544 1197 1600 οὐκ
1218 1538 1558 1616 ἐπινήσαμεν,
1582 1534 1802 1611 ἐπήνεγ-

274 1654 364 1692 κεν
394 1637 463 1691 R.
501 1669 564 1681 -
599 1633 635 1690 8
674 1629 837 1702 αὐτὴν
879 1631 953 1696 εἷς
988 1628 1056 1688 τὰ
1094 1629 1218 1709 ἄλφ.
1242 1632 1331 1701 V.,
1360 1627 1458 1706 qui
1502 1625 1803 1703 sequentia

275 1720 509 1778 omittit.

363 1808 474 1865 180
502 1807 585 1865 sic
608 1805 764 1879 ald„
789 1795 936 1871 οὗτος
965 1803 1168 1884 ἐγένετο
1201 1806 1306 1863 τῶν
1331 1800 1467 1861 ἑπτὰ
1497 1803 1667 1882 σοφῶν
1700 1789 1803 1866 εἷς,

275 1893 537 1965 Μιλήσιος
554 1916 567 1931 ·
600 1891 652 1959 ὃς
680 1897 884 1975 πρῶτος
923 1890 991 1949 τὰ
1020 1891 1140 1972 περὶ
1170 1890 1383 1971 οὐρανὸν
1412 1888 1603 1971 ἐξεῦρε.
1631 1908 1804 1967 παρα-

276 1979 532 2062 τηρητέον
555 1980 641 2055 δὲ,
661 1977 743 2038 ὅτι
765 1981 858 2038 ἀπ’
882 1979 1076 2045 εὐθείας
1096 1982 1190 2051 τῆς
1208 1983 1239 2038 6
1256 1979 1470 2050 Θαλῆς,
1490 1980 1560 2043 ὥς
1579 1976 1805 2054 Ἑρμῆς,

277 2068 510 2150 Ἑρμῆν,
547 2071 755 2143 Θαλῆν,
784 2069 876 2127 καὶ
901 2068 1162 2149 Ἑρμέας,
1199 2070 1271 2134 ὥς
1301 2067 1530 2133 Θαλέας.
1561 2066 1723 2142 διχῶς
1752 2059 1806 2120 δὲ

278 2155 512 2236 τοῦνομα

3284 272 3397 324 ⁴25

1878 397 1970 454 55.
1990 429 2069 440 —
2095 394 2305 462 εἰκότως
2337 400 2483 453 R.-
2502 393 2577 452 38
2621 390 2706 451 διὰ
2727 396 2880 452 τοῦτο
2917 398 2984 453 V.
3016 395 3404 473 πολιορκεῖσθαι

1879 489 1947 542 R.
1976 490 2044 543 V.
2075 522 2137 534 -
2166 487 2242 559 39
2269 483 2358 541 καὶ
2398 503 2512 540 0111.
2542 482 2608 538 V.
2636 494 2693 538 et
2719 481 2939 540 Suidas.
2961 519 3023 529 —
3051 490 3118 550 41
3154 482 3405 546 δυσειδεῖς

1877 570 2096 630 Suidas.
2130 570 2457 648 Legebatur
2488 566 2748 635 δυσώδεις.
2770 607 2834 621 -
2862 579 2936 639 42
2967 566 3021 626 δὲ
3046 588 3160 626 0111.
3191 573 3262 627 V.
3289 564 3403 647 ἔχει

1876 661 1907 716 6
1933 655 2091 725 τόπος
2121 663 2191 717 R.
2236 696 2297 708 —
2330 660 2402 725 43
2442 656 2791 737 Κορυφάσιον.
2826 657 3152 733 Geographi
3182 667 3407 716 veteres

1880 745 1994 804 sibi
2025 766 2145 804 non
2172 758 2466 818 constant,
2496 745 2635 804 dum
2663 746 2758 802 alii
2784 747 2992 821 Pylum
3021 746 3192 804 etiam
3219 747 3408 820 Cory-

1881 842 2146 918 phasium
2190 842 2545 920 appellatum
2589 840 2762 899 fuisse
2803 840 3038 898 tradunt
3073 861 3087 897 ε
3129 839 3227 897 alii
3267 857 3410 896 vero

1882 927 2111 987 diversa
2149 948 2217 986 ea
2258 930 2433 986 fuisse
2481 928 2609 986 loca
2653 939 2713 985 et
2757 927 3182 1004 coryphasium
3225 944 3412 1002 prope

1882 1015 2087 1091 Pylum
2108 1016 2279 1074 situm
2303 1015 2477 1073 fuisse
2499 1014 2775 1072 scribunt.
2804 1015 2955 1072 Vide
2979 1013 3177 1090 Steph.
3203 1016 3416 1087 Byzan-

1884 1105 2029 1162 tium
2058 1125 2109 1162 ν.
2152 1103 2327 1169 Πύλος
2359 1116 2418 1162 et
2443 1123 2499 1161 v.
2541 1101 2897 1183 Κορυφάσιον,
2930 1115 2989 1161 et
3016 1106 3152 1159 Luc.
3190 1099 3418 1157 Holste-

1882 1192 2042 1250 nium
2086 1191 2158 1249 ad
2196 1204 2507 1268 utrumque
2532 1191 2743 1249 locum.
2776 1193 2952 1249 Kos-r.
2993 1225 3051 1237 —
3095 1189 3168 1256 45
3217 1183 3416 1263 Λάχης.

1884 1280 2327 1338 Demosthenem
2360 1292 2517 1338 recte
2551 1280 2853 1337 nominant
2877 1277 3198 1336 scholiastae
3224 1274 3417 1351 Equit-

1891 1366 2042 1424 1050
2061 1411 2077 1439 ,
2111 1367 2258 1425 1053
2277 1409 2294 1439 ,
2347 1367 2513 1438 1057.
2555 1367 2782 1425 Monuit
2805 1367 3056 1424 Reizius.
3080 1399 3143 1412 --
3166 1371 3242 1439 49
3264 1363 3421 1419 ἑπτα-

1885 1453 2105 1521 κοσίους.
2155 1455 2330 1533 Apud
2378 1455 2771 1531 Thucydidem
2822 1463 2890 1526 4,
2933 1455 3010 1526 8,
3046 1462 3424 1510 numerantur

1888 1543 2292 1619 quadringenti
2324 1555 2381 1601 et
2407 1542 2646 1620 viginti,
2690 1554 2898 1619 praeter
2928 1541 3180 1600 Helotas.
3224 1540 3422 1594 Ηειιι.

1976 1650 2085 1704 190
2105 1629 2233 1689 Ald.
2260 1631 2332 1697 ὣς
2358 1630 2476 1709 άγρ.
2501 1650 2657 1710 φησιν
2683 1627 2874 1686 εἰδέναι
2893 1629 2999 1686 τῶν
3026 1648 3084 1684 π.
3119 1628 3183 1686 Σ.
3208 1622 3427 1704 ἀκριόἑ-

1891 1740 2094 1798 στερον,
2116 1715 2239 1776 ἔνθα
2261 1719 2310 1775 οἱ
2334 1720 2385 1796 β.
2410 1715 2643 1798 φύονται.
2665 1753 2726 1766 -
2752 1720 2821 1776 13
2839 1717 2905 1775 Σ.
2931 1713 3017 1774 διὰ
3029 1714 3123 1786 τὴν
3146 1711 3427 1794 ὠχρότητα

1890 1810 1993 1865 ποῦ
2013 1812 2078 1863 V.

1980 1894 2118 1970 193,
2146 1894 2221 1951 25
2248 1889 2376 1975 ὅπερ
2398 1893 2520 1952 κάκ.
2552 1896 2619 1952 V.

1983 1980 2123 2057 195,
2166 1981 2378 2047 32-34
2404 1977 2551 2040 Ἄλλ.
2586 1998 2700 2037 om.
2728 1983 2798 2037 V.
2836 2015 2900 2026 —
2928 1977 3002 2036 35
3038 1977 3154 2036 ἀντὶ
3190 1982 3282 2038 τοῦ
3308 1978 3431 2038 ὀνό-

1896 2089 2060 2146 ματος
2077 2065 2581 2147 παραλαμὸάνουσιν
2601 2068 2650 2124 οἱ
2663 2064 2882 2136 ποιηταί
2894 2064 3118 2124 SuidaS.
3131 2065 3430 2134 3.Ἐκεῖνος.

281 2247 335 2305 x
377 2243 397 2263 l
560 2155 883 2302 Ἥωνητέον
906 2178 921 2194 ·
979 2154 1257 2238 βαρύτονον
1309 2151 1431 2233 μὲν,
1481 2153 1692 2225 Θάλης,
1741 2152 1811 2216 ὥς
1896 2153 2166 2231 ὀνομάτων
2186 2152 2659 2234 παραλαμόάνουσι
2675 2151 2805 2212 ΔΙιΙ.
2830 2190 2891 2202 -
2908 2154 2980 2216 36
3005 2174 3106 2210 που
3133 2172 3245 2210 0111.
3269 2154 3430 2218 Suid,

340 2268 502 2325 ρεμης
523 2267 538 2282 ·

662 2249 696 2317 ἡ
723 2242 903 2324 γενικὴ
943 2243 1216 2318 Θάλητος,
1255 2246 1324 2310 ὡς
1356 2240 1660 2323 Χρέμητος,
1686 2236 1812 2298 Θά-

279 2334 407 2401 λητι
419 2374 435 2401 ,
453 2329 698 2402 Θάλητα.
716 2334 790 2399 ὥς
806 2329 894 2402 τὸ,
908 2358 938 2382 α
955 2329 1181 2402 Θάλητα
1199 2328 1488 2411 χρημάτων
1507 2325 1812 2405 ἐλεύθερον.»

283 2417 330 2474 εἰ
362 2414 421 2474 δὲ
437 2415 527 2473 καὶ
550 2413 963 2495 περισπωμένως
981 2417 1192 2488 Θαλῆς,
1226 2418 1295 2482 ὣς
1321 2414 1525 2496 Ἑρμῆς
1541 2436 1555 2450 ·
1578 2412 1670 2471 καὶ
1692 2411 1816 2471 Θά-

282 2502 487 2573 λοῦ,ὣς
517 2500 825 2583 Ἑρμοῦ.1)ε
854 2503 950 2559 illo
964 2502 1188 2575 Θάλητα
1214 2501 1504 2582 χρημάτων
1533 2499 1814 2579 ἐλεύθερον,

284 2589 446 2668 quod
467 2588 543 2648 ab
563 2590 956 2647 recentissimo
980 2592 1352 2667 grammatico
1379 2589 1637 2647 additum
1663 2586 1817 2644 vide·

288 2689 407 2750 tur,
428 2689 581 2736 recte
601 2677 823 2750 judicat
844 2677 1126 2736 Dobraeus
1151 2701 1165 2735 z
1198 2676 1565 2755 «Legeudum
1594 2675 1820 2733 videtur

288 2763 476 2834 Θάλης
503 2763 731 2835 Θάλητα
764 2763 1053 2844 χρημάτων
1095 2767 1380 2846 ἐλευθεροῖ,
1419 2783 1614 2822 errore
1644 2763 1816 2821 scho-

288 2854 475 2912 liastae
495 2873 603 2931 pro
628 2850 838 2933 Κράτης
865 2850 1134 2933 Κράτητα.
1155 2852 1297 2911 Vide
1316 2857 1543 2929 Menag.
1566 2850 1637 2909 ad
1655 2849 1819 2927 Diog.

290 2946 487 2999 Laert.
506 2942 565 3012 6,
593 2940 690 3014 87,
718 2953 778 2997 et
804 2940 1131 3000 Boissonad.
1154 2942 1324 2998 MSS.
1351 2944 1427 2998 du
1454 2944 1558 2996 Roi
1584 2938 1695 2996 vol.
1731 2955 1821 3012 ιο,

294 3050 353 3107 p.
380 3029 510 3096 164,
536 3030 670 3103 289.
687 3054 713 3079 n
732 3033 1068 3087 Ι)1111)...22
1093 3026 1260 3087 ἰστέον
1286 3027 1341 3085 δὲ
1358 3031 1427 3093 ὡς
1440 3033 1511 3087 V.
1529 3030 1623 3098 τῆς
1641 3029 1823 3088 Θαλοῦ

294 3115 457 3174 idem
497 3115 632 3192 (non
663 3117 755 3193 G.)
774 3153 837 3165 -
860 3117 932 3172 23
959 3113 1128 3174 ἔκλινε
1149 3116 1308 3174 dedit
1330 3115 1533 3176 Suidas
1554 3135 1599 3173 s.
1623 3116 1822 3187 Θαλῆς.

293 3208 368 3262 V.
396 3200 633 3277 ἔκλινας,
674 3204 775 3280 qui
807 3201 1127 3283 ἐκφωνητέον
1157 3205 1388 3262 omittit.
1415 3245 1474 3256 ..-
1498 3204 1572 3259 25
1602 3201 1823 3282 Ἑρμῆς.

297 3290 574 3367 Sequitur
594 3290 655 3346 in
681 3289 808 3347 Ald.
835 3290 1019 3353 ἄλλως.
1046 3295 1074 3348 6
1096 3291 1279 3360 Θαλῆς
1300 3280 1442 3353 οὗτος
1466 3287 1722 3361 Μιλήσιος
1742 3281 1826 3364 ἦν,

298 3368 374 3443 εἷς
397 3380 501 3437 τῶν
525 3375 659 3434 ἔπτὰ
685 3379 879 3457 σοφῶν.
903 3367 1046 3443 οὗτος
1069 3375 1223 3457 ἄκρος
1248 3375 1539 3457 μηχανικὸς
1558 3367 1639 3448 ἦν.
1670 3400 1830 3457 στρα-

296 3462 578 3529 τεύσαντος
603 3460 707 3542 γὰρ
731 3463 959 3544 Κροίσου
972 3462 1100 3545 πρὸς
1125 3463 1418 3546 Κῦρον,καὶ
1441 3462 1515 3541 μὴ
1540 3463 1831 3543 δυναμένης

299 3555 397 3622 τῆς
425 3559 670 3630 στρατιᾶς
697 3552 854 3608 αὐτοῦ
881 3550 1125 3622 διαὸῆναι
1150 3552 1238 3610 τὸν
1266 3549 1426 3611 Ἅλυν
1458 3552 1696 3631 ποταμὸν
1730 3551 1828 3631 μέ·

302 3661 483 3718 γιστον
504 3638 647 3712 ὄντα,
678 3636 874 3697 τοιόνδε
895 3662 949 3696 τι
969 3648 1277 3718 μηχανᾶται
1293 3664 1306 3677 ·
1332 3640 1440 3699 ἄνω
1462 3644 1560 3712 τῆς
1583 3651 1831 3722 στρατιᾶς

305 3727 400 3786 ἰὼν
441 3723 621 3801 τέμνει
664 3724 754 3783 τὸν
802 3725 1038 3801 ποταμὸν
1085 3724 1304 3807 ἑτέρωσε
1355 3730 1481 3806 ῥεῖν,
1529 3730 1586 3786 οὗ
1624 3728 1797 3786 πάντα
1815 3772 1831 3799 ,

306 3812 445 3872 ἀλλὰ
464 3813 527 3871 τὸ
558 3816 753 3893 ῥεῖθρον
787 3814 945 3871 αὐτοῦ
973 3812 1183 3891 σχισθὲν
1211 3812 1384 3891 τὸμὲν
1419 3813 1474 3873 ἓν
1501 3817 1570 3881 εἷς
1605 3815 1700 3888 τὴν
1734 3819 1765 3874 ἄ
1804 3851 1832 3862 -

305 3901 469 3980 χαίαν
489 3901 704 3980 πορείαν
744 3898 962 3979 ἐχώρει,
997 3899 1211 3983 θάτερον
1244 3901 1300 3959 δὲ
1340 3902 1432 3961 ὑπ’
1464 3902 1696 3980 ἀγκάλης
1725 3840 1835 3984 εἶχε

308 3987 408 4059 τὴν
440 3986 687 4068 στρατιάν
720 3989 799 4065 (δὲ
821 3986 950 4068 πρὸς
981 3986 1049 4046 τὰ
1078 3989 1289 4047 ὄπισθεν
1317 3989 1450 4068 μέρη
1473 3994 1566 4061 τῆς
1593 4001 1838 4071 στρατιᾶς

311 4074 499 4133 codex
533 4080 673 4151 Reg.
713 4077 888 4146 2821,
924 4077 1023 4152 qui
1058 4076 1168 4133 hoc
1208 4077 1470 4135 scholion
1499 4077 1711 4155 habet).
1749 4078 1838 4138 καὶ

312 4159 477 4226 οὕτως
512 4160 905 4242 ἐπεραιώθησαν
939 4162 1108 4240 (Reg.
1152 4162 1240 4221 καὶ
1277 4162 1413 4222 οὕτω
1444 4165 1840 4246 σμικρυνθέντος

310 4253 407 4306 τοῦ
436 4248 662 4327 ῥείθρου,
707 4253 741 4319 ἡ
769 4248 987 4330 στρατιὰ
1028 4250 1175 4323 διέὸη
1220 4252 1406 4333 ῥαδίως
1436 4253 1524 4311 τὸν
1561 4254 1837 4331 ποταμόν).

312 4334 532 4407 ἐποίησε
556 4334 613 4393 δὲ
642 4334 737 4406 τὴν
763 4340 832 4401 εἷς
863 4336 952 4394 δύο
972 4338 1157 4414 τομὴν,
1186 4337 1273 4397 ἵνα
1300 4338 1388 4398 καὶ
1418 4339 1710 4408 ἐπανιόντες
1739 4364 1841 4400 πε-

314 4422 720 4503 ραιωθήσωνται
762 4425 1030 4482 Narratio
1054 4425 1229 4484 ducta
1249 4446 1319 4485 ex
1343 4427 1642 4486 Herodoto
1671 4450 1721 4498 1,
1746 4429 1837 4503 75.

315 4545 381 4557 —
404 4511 645 4586 μαθητιῶ
668 4507 724 4566 δὲ
749 4510 862 4567 ἀντὶ
884 4516 972 4568 τοῦ
996 4531 1111 4569 om.
1146 4518 1209 4571 R.

406 4596 539 4668 184,
574 4615 649 4673 29
681 4596 1018 4675 καθειμένους
1034 4600 1165 4658 Ald.
1185 4636 1247 4648 -
1267 4602 1342 4658 30
1368 4598 1585 4679 ἔχοντας
1610 4607 1679 4661 G.
1707 4604 1839 4663 Ald.

316 4682 549 4764 ἑχόντων
578 4689 645 4742 R.
665 4690 731 4742 V.

409 4764 547 4833 186,
576 4764 671 4821 35.
710 4763 882 4831 Πύλος
905 4770 975 4824 V.
1009 4785 1117 4844 pro
1150 4767 1350 4827 Κλέων.
1376 4767 1495 4835 τοὺς
1522 4770 1847 4851 τριακοσίους

316 4849 532 4917 τούτους
550 4857 619 4910 R.
641 4857 707 4910 ln
729 4857 799 4910 V.
819 4868 877 4911 et
898 4854 1054 4932 apud
1073 4855 1306 4914 Suidam
1329 4877 1372 4914 s.
1396 4856 1637 4918 Ἐοίκασι
1660 4862 1845 4920 solum

317 4935 439 5004 τοὺς
484 4952 586 4997 est.
605 4982 668 4993 -
695 4941 770 4999 36
814 4942 934 5000 Ald.
964 4942 1128 5001 addit
1163 4945 1546 5025 προανύσαντος
1568 4945 1656 5006 τὸν
1689 4948 1849 5008 πόλε-

321 5048 423 5102 μον
441 5027 802 5106 Δημοσθένους
835 5028 926 5090 καὶ
966 5030 1174 5094 Νίκιου.
1224 5035 1386 5093 Conf.
1433 5036 1609 5095 schol.
1654 5038 1845 5115 Equit.

1980 2260 2124 2314 2ου,
2158 2248 2229 2308 44
2262 2241 2557 2319 legebatur
2584 2239 2900 2321 ζωγραφίαν.
2943 2240 3105 2299 Conf.
3135 2242 3315 2300 schol.
3357 2241 3433 2300 ad

1901 2349 2035 2404 207.
2062 2334 2423 2388 Hei-mannus
2447 2328 2793 2410 γεωγραφίαν.

1983 2420 2126 2487 203,
2161 2419 2235 2477 50
2261 2418 2521 2495 πολεμίαν
2552 2416 2704 2476 πόλιν
2729 2421 2792 2475 V.
2818 2455 2879 2465 —
2910 2417 2983 2475 52
3008 2416 3190 2498 κλήρῳ
3207 2415 3306 2488 τὴν
3333 2420 3434 2494 γῆν

1901 2504 2022 2562 Ald.
2048 2506 2219 2563 αὐτῶν
2234 2510 2301 2563 V.
2321 2542 2384 2553 -
2412 2526 2435 2562 1
2455 2503 2791 2582 Αἰγυπτίους.
2814 2506 3108 2583 AEgyptios
3126 2506 3438 2582 geometria

1905 2612 2041 2650 usos
2071 2593 2263 2651 forsan
2294 2592 2529 2651 volebat
2559 2592 2905 2651 scholiastes,
2953 2597 3247 2649 Dominus.
3281 2597 3437 2651 Fort.

1903 2678 2163 2759 γεωργοὺς
2179 2679 2270 2737 vel
2286 2678 2596 2755 γεωπόνους.
2616 2684 2798 2738 Dum.
2809 2684 3030 2737 Locum
3046 2679 3439 2738 Herodoteum

1909 2769 2017 2838 2,6
2041 2768 2183 2825 male
2223 2765 2350 2825 fidae
2380 2769 2664 2825 memoriae
2684 2764 3011 2824 mandatum
3039 2766 3221 2825 videri
3254 2766 3441 2844 respi-

1909 2855 1963 2913 ci
2006 2853 2078 2913 ab
2106 2855 2214 2913 hoc
2263 2855 2588 2922 scholiasta,
2646 2868 2702 2912 et
2754 2852 3120 2913 scribendum
3161 2875 3283 2913 esse
3342 2851 3440 2926 τὴν

1908 2944 2082 3000 αὗτῶν
2105 2945 2204 3020 γῆν
2231 2943 2302 3008 εἷς
2323 2943 2578 3024 γεωργίαν
2607 2961 2681 3000 ex
2706 2943 2884 3019 Regio
2912 2941 3113 3000 codice
3143 2944 3289 3000 2821
3324 2961 3445 2999 mo·

1912 3030 2041 3088 nuit
2061 3029 2398 3088 DiibneruS.

1994 3134 2128 3184 212,
2160 3116 2227 3173 18
2257 3115 2416 3173 addit
2444 3114 2569 3173 Ald.
2601 3113 2866 3194 ἐπιμήκης
2897 3114 2998 3196 γὰρ
3024 3105 3107 3187 ἦν.
3135 3114 3366 3174 κλίνεται
3387 3114 3442 3174 δὲ

1912 3199 1948 3273 ἢ
1975 3200 2179 3283 Μάκρις
2204 3200 2338 3273 αὕτη
2374 3200 2459 3260 διὰ
2482 3205 2710 3284 καθαροῦ
2733 3207 2823 3261 τοῦ
2843 3224 2888 3261 ο.
2916 3202 2995 3260 διὸ
3023 3202 3115 3263 καὶ
3133 3208 3161 3261 6
3183 3202 3444 3275 νησιώτης

1914 3290 2076 3360 αὐτῆς
2098 3287 2384 3370 Μακριεύς.
2412 3281 2476 3361 ἦν
2507 3290 2562 3350 δὲ
2589 3290 2677 3348 καὶ
2708 3289 2944 3369 αἰγιαλὸς
2970 3288 3106 3349 οὕτω
3136 3290 3445 3368 λεγόμενος,

1914 3377 2215 3456 κλινόμενος
2249 3376 2306 3437 δὲ
2330 3377 2417 3438 διὰ
2446 3384 2538 3438 τοῦ
2572 3380 2616 3436 δ.
2650 3377 2855 3457 ἐλέγετο
2883 3375 2939 3436 δὲ
2969 3376 3179 3456 Μάκρις
3212 3376 3303 3435 καὶ
3338 3382 3444 3437 τῶν

1918 3464 2211 3524 Κυκλάδων
2257 3465 2383 3542 μία,
2420 3471 2455 3539 ἡ
2493 3465 2724 3546 Ἴκαρος·
2768 3465 2857 3547 ἀφ’
2898 3457 2964 3537 ἧς
3002 3465 3271 3543 νομίζουσί
3314 3489 3449 3534 τινες

1919 3555 2155 3634 εἰρῆσθαι
2211 3553 2302 3611 καὶ
2347 3553 2409 3612 τὸ
2437 3552 2665 3634 Ἰκάριον
2711 3551 2953 3629 πέλαγος.
2997 3559 3140 3626 Quae
3179 3558 3446 3613 Musurus

1919 3643 2114 3699 intulit
2131 3662 2204 3699 ex
2222 3642 2525 3700 Eustathio
2540 3641 2611 3699 ad
2633 3642 2869 3718 Dionys.
2882 3643 3104 3718 Perieg.
3124 3642 3253 3699 520.
3270 3642 3448 3705 Dum.

2001 3730 2145 3796 213,
2172 3737 2243 3796 24
2276 3732 2368 3800 τῆς
2389 3727 2573 3796 λέξεως
2598 3727 2742 3787 Ald.
2760 3729 2998 3786 Correxi
3021 3748 3093 3786 ex
3110 3733 3208 3801 V.,
3237 3731 3336 3806 qui
3358 3732 3453 3800 τῆς

1922 3814 2111 3882 θέσεως
2138 3828 2271 3893 post
2323 3818 2465 3896 αὐτῷ
2494 3817 2674 3894 ponit.
2703 3820 2888 3874 Dum.
2917 3855 2982 3866 -
3011 3818 3084 3873 25
3109 3815 3214 3874 Ἀθ.
3246 3816 3335 3875 καὶ
3365 3814 3453 3874 διὰ

1921 3908 1988 3961 V.
2018 3940 2069 3951 —
2089 3904 2164 3960 26
2184 3902 2311 3983 πρὸς
2329 3901 2390 3961 τὸ
2410 3915 2497 3961 est
2517 3903 2661 3960 alius
2680 3903 2883 3961 scholii
2905 3904 3148 3961 initium.
3168 3901 3305 3961 οὕτω
3325 3902 3452 3983 πρὸς

1924 3990 1986 4049 τὸ
2016 3991 2139 4048 ΔΙιΙ.
2169 3990 2258 4048 καὶ
2287 3989 2423 4050 οὕτω
2443 3988 2571 4072 πρὸς
2590 3988 2651 4049 τὸ
2674 3995 2739 4049 V.
2765 3992 2963 4048 Delevi
2987 3989 3079 4047 καὶ
3099 3987 3264 4060 οὕτω,
3294 3990 3450 4067 quod

1926 4077 2067 4135 nihil
2097 4077 2250 4135 aliud
2282 4090 2368 4136 est
2395 4096 2566 4155 quain
2600 4077 2756 4154 qnod
2786 4077 2924 4134 alibi
2958 4077 3127 4143 ἄλλως
3164 4076 3249 4132 vel
3290 4073 3325 4147 ἢ
3362 4074 3452 4133 καὶ

1927 4163 2097 4230 ἄλλως
2141 4166 2374 4223 scholiis
2418 4164 2823 4243 praescribitur.
2870 4170 3048 4222 Dum.
3092 4161 3453 4243 παρατέταται

1925 4261 2228 4314 KusteruS.
2264 4254 2599 4336 περιτέταται
2633 4256 2756 4313 Ald.
2785 4255 2951 4335 παρὸν
2984 4252 3201 4314 τέταται
3225 4261 3322 4328 V.,
3353 4254 3454 4331 qui

1930 4364 2002 4415 27
2033 4362 2151 4420 seq.
2179 4362 2292 4400 om.
2319 4340 2572 4419 ἐπήνεγκε
2599 4341 2659 4401 τὸ
2686 4343 2973 4422 παρετάθη.
2994 4384 3053 4395 ..-
3081 4344 3154 4400 28
3174 4346 3231 4400 οὐ
3258 4340 3453 4423 προσέ-

1928 4452 2099 4489 κειντο
2122 4436 2188 4486 V.
2226 4427 2307 4487 ὅτι
2340 4452 2433 4509 πρ.
2473 4434 2540 4487 R.
2566 4430 2636 4507 (Ρ)
2665 4476 2730 4489 ..
2755 4432 2829 4487 3ο
2871 4441 3101 4507 praestat
3135 4427 3452 4509 Περικλέους

1926 4516 2047 4596 γὰρ.
2070 4521 2248 4575 Dum.
2269 4553 2331 4564 —
2354 4519 2426 4575 32
2449 4520 2899 4598 καταστραφῆναι,
2917 4516 3170 4577 ’Euneon
3191 4523 3260 4575 V.
3286 4518 3452 4575 Cous.

1933 4603 2193 4680 Thucyd.
2228 4625 2278 4677 1,
2315 4613 2422 4673 114
2454 4628 2468 4662 :
2515 4605 2603 4663 καὶ
2635 4604 2892 4677 Ἀθηναῖοι
2927 4604 3086 4664 πάλιν
3125 4607 3181 4672 ἐς
3222 4603 3453 4663 Εὔὸοιαν

1934 4690 2223 4766 διαὸάντες,
2251 4690 2566 4772 Περικλέους
2586 4698 3012 4773 στρατηγοῦντος,
3036 4690 3456 4773 κατεστρέψαντο

1934 4788 2126 4853 πᾶσαν.
2163 4778 2254 4837 καὶ
2285 4777 2381 4849 τὴν
2423 4777 2519 4856 μὲν
2552 4778 2717 4851 ἄλλην
2750 4778 3001 4860 ὁμολογίᾳ
3032 4779 3422 4849 κατεστήσαντο
3436 4822 3454 4853 ,

1935 4864 2207 4932 Ἑστιαιᾶς
2234 4865 2290 4923 δὲ
2319 4865 2660 4933 ἐξοικίσαντες
2681 4865 2827 4925 αὐτοὶ
2853 4866 2950 4938 τὴν
2977 4870 3075 4946 γῆν
3101 4865 3272 4944 ἔσχον.
3293 4904 3356 4914 -
3381 4867 3451 4933 34

1936 4951 2151 5023 νικήσας
2188 4953 2480 5011 Kusterus.
2517 4957 2729 5025 νικῆσαι
2747 4954 2875 5013 ΑΙιΙ.
2893 4993 2954 5005 -
2976 4964 3047 5024 42
3072 4952 3257 5035 φόρους
3273 4952 3454 5011 codex

1942 5041 2204 5101 Brunckii
2220 5042 2379 5118 (Reg.
2397 5042 2507 5100 282
2518 5061 2568 5115 1,
2580 5043 2679 5120 qui
2699 5045 2769 5117 37
2782 5077 2801 5087 ·
2812 5051 2841 5112 4
2852 5043 2884 5102 5
2897 5041 3110 5121 habet).
3129 5041 3318 5124 πόρους
3332 5041 3455 5099 ΑΜ.
