3859 5725
1745 203 2013 267 AVJUM.

3329 219 3442 274 48³

306 341 414 402 Ald.
434 337 572 401 ἀλλὰ
596 336 829 421 κερουμή
856 341 924 399 V.
950 341 986 411 ἡ
1007 335 1275 416 κολυμὸὰς
1292 335 1582 398 Bentlcius
1605 337 1676 396 ad
1699 337 1829 396 Cal·
1914 344 1993 412 D,
2039 349 2154 408 ταῖς
2185 341 2473 409 πολιτείαις
2499 350 2615 408 ταῖς
2648 342 2743 400 οὐκ
2779 338 3120 423 ἀρεσκούσαις
3150 363 3448 432 μαχομενος

307 429 523 490 limach.
547 450 605 509 p.
640 429 776 507 469.

306 521 512 666 Algam,
544 529 617 591 al.
656 512 803 585 οὗτος
827 516 1090 576 dubium.
1125 515 1397 587 πιππίζειν
1426 520 1498 575 G.
1537 510 1826 583 πιππύζειν

380 697 495 772 3¹9
512 739 528 769 ,
558 698 633 763 43
661 693 954 756 ὑπόπτευον
984 691 1040 752 δὲ
1075 691 1260 759 αὖτοὺς
1288 697 1360 751 V.
1393 690 1701 752 ὑπώπτευον
1733 692 1831 750 αὖ-

307 779 413 848 τοὺς
434 783 508 841 G.
530 772 664 842 εἶναι
690 805 804 843 om.
827 787 899 839 V.

379 873 520 944 322,
557 876 632 940 48
656 869 883 952 θηρατὰς
904 868 1036 929 ΔΜ.
1064 865 1455 949 ἡμαρτημένων
1479 871 1534 925 V

380 962 524 1036 326,
551 961 624 1020 53
651 959 770 1038 ἐμοὶ
797 957 898 1038 γάρ
927 959 1057 1017 εἰσιν
1084 960 1152 1014 V.

381 1050 528 1123 329,
565 1069 635 1125 19
663 1046 939 1126 νεμόμενοι
963 1050 1033 1103 V.

382 1136 530 1210 336,
566 1155 640 1194 22
673 1136 807 1197 ‘'o-n
838 1133 954 1193 ὕστ.
983 1138 1058 1194 V.

381 1223 532 1298 348,
565 1227 639 1295 48
686 1223 864 1283 πάντα
902 1226 1074 1282 ταῦτα
1101 1224 1169 1279 V.
1193 1252 1270 1265 —
1297 1218 1374 1278 So
1413 1216 1714 1295 legebatur
1742 1214 1833 1274 καὶ

309 1315 468 1373 ἰκεῖσε
496 1314 585 1372 καὶ
613 1313 764 1395 δεῦρο
791 1308 1035 1391 μηδόλως
1057 1308 1217 1380 τίσση
1252 1304 1399 1385 (μηδ’
1419 1305 1552 1370 ὅλως
1576 1302 1700 1375 τίση
1721 1308 1832 1374 V.).

290 1435 378 1448 ·—
406 1399 474 1459 51
522 1398 672 1482 παρὰ
696 1409 831 1460 πᾶσι
859 1400 1114 1458 correxit
1136 1395 1477 1464 ⁴Dindorfius
1511 1412 1583 1451 ex
1613 1390 1835 1451 scholio

311 1498 438 1561 424.
464 1489 797 1569 Legebatur
821 1484 1216 1569 παραπλήσιον.
1254 1489 1345 1543 De
1373 1502 1435 1540 re
1467 1482 1593 1560 ipsa
1630 1481 1834 1539 conse-

309 1578 549 1637 rendum
580 1577 843 1637 scholion
859 1577 932 1634 ad
948 1580 1119 1653 Vesp.
1157 1573 1324 1633 1326.
1350 1576 1490 1631 Post
1511 1573 1743 1630 τοιοῦτον
1767 1574 1836 1626 V.

310 1667 470 1746 ponit
499 1667 594 1725 illa
633 1666 940 1744 superiora
966 1658 1514 1743 γράφεται-ῥύγχος,
1543 1659 1579 1716 l.
1612 1659 1685 1727 43
1718 1677 1835 1735 seq.

388 1754 536 1827 353,
562 1773 595 1812 2
628 1750 764 1812 κατὰ
789 1751 852 1811 τὸ
875 1750 978 1820 δεξ.
1004 1750 1135 1809 Ald.

385 1835 502 1915 357
519 1887 538 1916 ,
563 1865 596 1918 7
626 1841 725 1901 κᾶν
755 1840 1023 1920 μείνωμεν
1050 1844 1125 1897 V.
1148 1872 1228 1883 -
1255 1859 1295 1916 9
1322 1834 1626 1914 legebatur
1656 1831 1743 1893 διὰ
1779 1832 1841 1893 τὸ

389 2022 535 2094 358,
571 2041 640 2079 xo
666 2021 750 2080 Οὔ
777 2039 893 2080 om.
918 2026 988 2078 V.
1015 2018 1134 2093 Qui
1161 2017 1237 2077 ad
1266 2018 1424 2076 hunc
1453 2033 1681 2089 versum
1700 2058 1716 2085 ‚
1744 2034 1839 2071 πο-

311 2101 459 2185 λίμει
489 2108 739 2185 (πολεμεῖ
767 2107 863 2186 G.)
889 2103 1387 2188 προσυπακουστέον
1417 2103 1477 2163 τὸ
1509 2101 1589 2181 (τὸ
1609 2121 1725 2160 om.
1749 2100 1842 2177 G.)

312 2195 439 2278 πρὸς
459 2194 557 2268 τὴν
591 2193 808 2276 χύτραν.

394 2284 502 2342 361
539 2286 735 2351 Μεῖζον
764 2281 825 2342 τὸ
852 2305 931 2363 τρ.
956 2287 1028 2341 V.

393 2372 529 2430 363.
578 2371 786 2432 Suidas
824 2391 881 2430 v.
929 2367 1383 2452 Ὑπερακοντίζιις
1431 2364 1844 2445 integrioribus

314 2459 548 2519 scholiis
597 2461 660 2519 in
707 2459 863 2518 hunc
892 2460 1109 2518 ,locum
1155 2478 1292 2517 usus
1347 2458 1523 2516 fuisse
1577 2456 1843 2525 videtum

314 2549 535 2626 quippe
564 2548 668 2625 qui
713 2549 794 2606 sic
828 2547 1039 2607 habet:
1067 2545 1520 2628 Ὑπερακοντίζεις
1558 2542 1624 2603 σύ
1664 2545 1716 2621 γ’
1740 2541 1844 2614 ἤδη

318 2635 508 2696 Νικίαν
528 2634 617 2695 τὸν
642 2639 1037 2717 στρατηγοῦντα
1062 2641 1334 2713 μηχαναῖς
1365 2631 1455 2691 καὶ
1477 2641 1586 2698 τοῖς
1610 2653 1848 2712 στρατηι-

314 2723 543 2802 γήμασι.
574 2723 871 2804 Σύμμαχος
886 2722 1015 2803 πρὸς
1025 2720 1123 2792 τὴν
1143 2721 1333 2792 Μήλου
1351 2719 1676 2803 πολιορκίαν.
1699 2717 1850 2799 Φρύ-

314 2834 461 2893 νιχος
501 2811 829 2894 Μονοτρόπῳ
864 2837 889 2864 α
910 2809 1026 2870 ἀλλ’
1057 2807 1418 2890 ὓπερὸέὸληκε
1454 2806 1592 2869 πολὺ
1623 2806 1712 2868 τὸν
1742 2809 1849 2867 Νι-

315 2900 438 2960 κίαν
471 2899 790 2981 στρατηγίας
817 2897 1007 2969 πλήθει
1035 2896 1125 2956 καὶ
1151 2896 1456 2977 εὑρήμασιν.
1482 2924 1506 2951 ιι
1544 2896 1580 2967 ἢ
1610 2896 1691 2954 ὅτι
1719 2916 1850 2977 φρο-

315 2987 593 3066 νιμώτατα
617 2987 855 3059 Μηλίους
881 2989 1024 3067 λιμὶξὶ
1047 2987 1267 3045 ἀνεῖλεν.
1294 2987 1430 3045 Haec
1451 3004 1586 3044 sane
1605 3005 1678 3043 ex
1699 2984 1850 3043 bene

318 3079 573 3155 antiquis
596 3089 655 3133 et
689 3075 923 3153 optimae
961 3087 1114 3133 notae
1138 3073 1372 3132 scholiis
1412 3073 1699 3150 descripta
1728 3091 1852 3131 esse

319 3177 582 3243 apparet.
610 3167 782 3225 Rus-r.
826 3163 1154 3242 στρατηγιῶν
1186 3160 1377 3231 πλήθει
1404 3184 1462 3219 τε
1490 3159 1853 3241 κάξευρήμασι

319 3254 601 3329 TuupiuS.
623 3284 702 3296 -—
729 3272 800 3308 αα
841 3247 1215 3330 φρονιμώτατα
1245 3268 1359 3313 om.
1400 3254 1465 3307 G.
1508 3246 1606 3329 γὰρ
1634 3268 1746 3306 om.
1778 3252 1849 3307 V.

318 3342 465 3419 λιμῷ
498 3339 600 3421 γὰρ
627 3345 698 3398 G.
726 3337 888 3397 Cous.
916 3337 989 3396 ad
1007 3337 1187 3395 schol.
1216 3357 1271 3395 v.
1310 3337 1435 3394 186.

405 3430 551 3500 364,
610 3437 683 3498 al,
730 3430 779 3485 οἱ
818 3426 920 3507 γὰρ
966 3448 1059 3507 πρ.
1111 3430 1181 3482 V.
1231 3425 1465 3483 ἐλελελεῦ
1512 3424 1641 3482 ΑΙό.
1665 3456 1748 3475 --
1778 3424 1849 3482 25

320 3515 596 3597 Ἐρετρεὶος
626 3521 696 3573 V.
728 3515 923 3574 Achaei
949 3533 1149 3572 versus
1178 3513 1333 3591 apud
1367 3512 1601 3572 Suidam
1627 3533 1670 3570 s.
1698 3511 1853 3573 Ἔλε-

318 3606 413 3667 λεΐὶ
455 3606 514 3664 hi
553 3617 724 3663 sunt:
757 3601 870 3685 ὥρα
908 3604 1113 3682 βοηθεῖν
1147 3601 1287 3661 ἔστ’·
1325 3599 1430 3679 ἐγὼ
1473 3601 1520 3659 δ’
1562 3600 1849 3679 ἡγήσομαι.

319 3692 704 3775 προσὸαλλέτω
734 3692 812 3759 τὶς
837 3700 991 3774 χεῖρα
1021 3690 1293 3774 φασγάνου
1315 3689 1456 3769 λαὸῇ
1480 3712 1494 3727 ·
1529 3688 1784 3770 σάλπιγγι
1806 3691 1852 3748 δ’

321 3782 481 3846 ἄλλος
506 3784 577 3847 ὣς
603 3782 762 3861 τάχος
786 3780 1107 3858 σημαινέτω.
1136 3777 1251 3862 ὥρα
1274 3778 1517 3859 ταχύνειν
1542 3802 1555 3816 ·
1593 3780 1851 3842 ἐλελελεῦ.

407 3870 555 3942 368,
582 3874 651 3927 31
689 3871 1098 3951 συμπατριῶται
1116 3874 1185 3926 V.
1221 3871 1606 3949 συμπατριῶτα
1630 3871 1697 3928 G.
1726 3866 1854 3948 ξυμ-

320 3953 626 4038 πατριώτας
653 3956 776 4015 Ald.

407 4045 545 4119 369,
580 4043 653 4101 35
684 4039 965 4102 ἀπέκτενον
1006 4055 1121 4101 tres
1155 4044 1325 4103 codd.
1351 4043 1542 4105 Suidae
1566 4065 1612 4102 s·
1648 4043 1854 4106 Φεισό-

322 4135 496 4209 μεθα,
528 4130 568 4189 i.
595 4150 645 4188 e.
673 4126 1004 4193 ἀπέκτεννον.
1038 4132 1378 4191 Eustathius
1411 4153 1465 4209 p.
1501 4134 1679 4204 1604,
1708 4154 1783 4210 9:
1817 4139 1851 4206 ἡ

320 4220 380 4281 δὲ
404 4221 458 4279 ἓν
482 4221 558 4301 τῷ
587 4218 884 4277 ἀνενείκατο
912 4216 1234 4297 ἀνηνέγκατο
1251 4218 1425 4299 ’τροπὴ
1447 4225 1541 4279 τοῦ
1573 4245 1589 4279 ι
1614 4224 1684 4289 εἷς
1716 4247 1744 4281 ν
1764 4221 1854 4281 καὶ

318 4308 413 4368 ἐπὶ
440 4308 613 4366 ἄλλων
645 4305 810 4389 ἐφάνη
838 4305 1103 4379 γίνεσθαι,
1133 4311 1204 4373 ὣς
1225 4308 1314 4366 καὶ
1338 4306 1424 4367 ἐπὶ
1452 4312 1544 4366 τοῦ
1584 4308 1687 4367 αἰεὶ
1716 4308 1856 4382 αἰὲν,

319 4397 534 4483 φαεινὸν
558 4395 775 4479 φαεννὸν
797 4440 814 4468 ,
844 4394 1073 4454 κλεεινὸν
1110 4395 1367 4456 κλεεννόν.
1409 4394 1544 4455 οὕτω
1568 4395 1624 4455 δὲ
1651 4397 1741 4456 καὶ
1768 4396 1856 4456 ἐπὶ

313 4494 415 4548 τοῦ
443 4486 632 4546 κτείνω
661 4484 859 4544 κτέννω
878 4506 892 4521 ·
927 4476 987 4543 οὗ
1004 4488 1195 4565 χρῆσις
1214 4483 1303 4543 καὶ
1327 4487 1380 4543 ἐν
1405 4487 1500 4565 τῷ,
1524 4483 1605 4545 Τὸ
1632 4485 1855 4544 παλαιὸν

313 4576 511 4643 λύκους
541 4572 852 4633 ἀπέκτεννον
882 4574 935 4631 ἔν
968 4576 1034 4653 τῇ
1064 4572 1308 4654 Ἀττικῇ,
1337 4572 1428 4631 καὶ
1460 4572 1617 4650 νόμος
1658 4566 1723 4648 ἦν
1753 4574 1853 4632 λυ·-

316 4670 621 4724 κοκτοννεῐν
647 4661 667 4740 (
681 4681 790 4720 scr.
812 4660 1203 4733 λυκοκτονεῖν),
1234 4659 1327 4719 καὶ
1351 4663 1429 4740 τῷ
1470 4660 1730 4720 κτείναντι
1756 4659 1854 4739 μὲν

315 4748 696 4812 τέκνονηλύκου
718 4749 976 4810 τάλαντον
1010 4746 1274 4822 δίδοσθαι,
1302 4751 1378 4829 τῷ
1416 4746 1471 4806 δὲ
1505 4746 1700 4807 τέλειον
1742 4748 1852 4811 δύο.

316 4839 572 4899 Κτέννειν
619 4851 889 4917 tanquam
937 4839 1212 4897 vitiosum
1260 4836 1334 4896 ab
1378 4838 1594 4896 criticis
1640 4837 1856 4916 ubique

318 4928 487 5006 rejici
516 4929 695 5002 solet,
731 4929 839 4987 etsi
868 4947 987 4986 non
1014 4947 1146 4985 raro
1178 4925 1253 4985 ab
1277 4925 1446 4986 libris
1477 4927 1590 4985 fide
1632 4927 1854 5004 ‹lignis-

1915 427 2007 487 καὶ
2029 428 2308 489 καταλύων
2337 428 2428 489 καὶ
2465 427 2584 495 τοὺς
2617 434 2956 511 προεστῶτας
2988 432 3160 490 αὐτῶν
3197 433 3414 491 ἃποκτεῖ
3429 460 3449 479 .

1916 539 2053 591 νων,
2093 518 2280 577 codex
2324 516 2577 577 Urbinas
2630 515 2980 577 cinon-tiam.
3031 522 3101 577 In
3154 517 3445 598 Stephano

1918 610 2155 681 Byzant.
2179 626 2233 663 v.
2255 604 2511 688 Δυρὸαῖοι
2533 626 2545 660 :
2569 595 2713 663 οὗτοι
2734 602 2855 664 οὔτε
2882 606 3152 666 ἀδικοῦσιν
3176 606 3296 666 οὔτε
3319 608 3452 666 ἀπο-

1916 691 2206 752 κτείνουσιν
2262 691 2551 774 ἀνθρώπων
2603 691 2787 752 οὗδίνα
2816 737 2833 765 ,
2878 694 3028 753 liber
3070 697 3452 773 Seguerianus

1920 781 2286 860 (Montefalc.
2325 780 2472 840 Bibl.
2516 781 2690 840 Coisl.
2737 802 2797 861 p.
2833 771 2987 863 282')
3023 781 3426 844 οἷποκτέννουσιν

1922 867 2230 928 ἀποκτέννει
2280 869 2607 927 Nicarchus
2664 870 2724 927 in
2773 869 2952 929 Anth.
2997 871 3115 930 Pal.
3166 893 3266 944 11,
3321 873 3449 950 395.

1920 962 2104 1016 Dmn.
2132 960 2199 1035 τῇ
2231 976 2349 1018 om.
2373 962 2447 1021 V.

2004 1048 2141 1121 374,
2175 1056 2244 1115 4ι
2272 1044 2571 1124 legebatur
2601 1042 2962 1124 ἀπολλύμεθα.
2993 1045 3371 1125 ἀπολλύμεσθα
3391 1051 3441 1106 V

1924 1138 2265 1194 Correctum
2294 1154 2366 1191 ex
2392 1133 2568 1195 Suida
2591 1154 2636 1191 s.
2663 1133 2780 1192 Ἀπ’
2804 1135 3023 1216 ἐχθρῶν.

2007 1225 2152 1299 379,
2182 1231 2258 1299 49
2294 1242 2378 1300 sq.
2409 1220 3170 1293 οἳ--Ἀθηναίους--ταπεινὰς
3201 1221 3342 1303 ἔχειν
3369 1222 3463 1289 τὰς

1922 1307 2136 1392 πρῴρας
2163 1309 2465 1369 Dobraeus.
2499 1309 2827 1388 Legebatur
2852 1307 3462 1383 οὓς-Ἆθηναῖοι-τα-

1922 1395 2131 1464 πεινοὺς
2190 1396 2331 1479 ἔχειν
2390 1395 2511 1467 τοὺς
2560 1395 2808 1480 πύργους.
2868 1396 3181 1479 (ταπεινοὺς
3233 1396 3463 1480 πύργους

1924 1485 2229 1644 ἔχεξὸἶρι
2268 1573 2415 1658 παρὰ
2456 1571 2517 1634 τὸ
2558 1595 2675 1635 om.
2704 1579 2777 1635 V.
2801 1608 2868 1619 —-
2906 1594 2940 1632 a
2978 1576 3049 1641 ὣς
3075 1575 3463 1636 ὗποδεισάντων

1925 1663 2061 1724 ΑῙιΙ.
2086 1660 2216 1745 ὖπὲρ
2245 1668 2336 1722 τοῦ
2355 1667 2446 1741 V.,
2473 1683 2594 1722 non
2622 1668 2696 1723 G.

2013 1754 2125 1813 386
2142 1800 2159 1827 ,
2195 1774 2265 1814 ιο
2288 1753 2473 1823 ἔξωθεν
2502 1757 2580 1834 τῷ
2606 1751 2838 1836 τρυὸλίῳ
2861 1759 2931 1811 V.
2955 1782 3036 1798 ·—-
3064 1772 3088 1809 1
3105 1773 3130 1810 1
3163 1751 3219 1811 δὲ
3247 1772 3365 1811 om.
3389 1758 3462 1812 V.

2012 1845 2153 1921 390,
2178 1855 2254 1901 ἀι
2294 1839 2516 1911 Ξξόπλας
2540 1846 2606 1901 V.
2640 1841 2694 1911 ἐξ
2720 1840 2896 1902 ὅπλων
2917 1839 3049 1902 Ald.
3072 1874 3145 1885 --
3178 1861 3252 1899 αα
3280 1843 3465 1900 καθω-

1928 1931 2117 2004 πλίσαι
2143 1937 2212 1989 V.
2243 1929 2647 1999 καθοπλίζεσθαι
2669 1931 2795 1990 Ald.
2820 1961 2899 1976 —-
2929 1929 3116 1987 23-25
3155 1929 3237 1986 sic
3269 1929 3330 1987 in
3358 1934 3427 1988 V.
3451 1973 3467 2003 ,

1930 2027 2174 2102 παραινεῖ
2199 2016 2262 2078 ἃν
2289 2020 2308 2097 (
2323 2015 2399 2097 μὴ
2441 2019 2546 2095 G.)
2591 2015 2929 2077 παντάπασιν
2953 2017 3166 2095 ἀμελεῖν
3205 2015 3341 2093 μήτε
3369 2014 3468 2093 μὲν

1932 2111 2166 2190 φανερῶς
2200 2109 2479 2185 πολεμεῖν.
2517 2105 2760 2165 τουτέστι
2807 2104 2951 2184 (hoc
2990 2125 3106 2163 om.
3135 2108 3230 2177 G.)
3268 2105 3347 2163 δεῖ
3376 2104 3469 2163 καὶ

1936 2195 2011 2275 μὴ
2053 2202 2337 2279 φοροῦντας
2390 2195 2553 2268 αὐτὴν
2594 2194 2803 2274 ἐγγύθεν
2847 2190 3009 2271 ἔχειν.
3055 2192 3330 2268 Scholion
3375 2213 3469 2251 se-

1934 2306 2115 2364 quens
2140 2305 2253 2343 om.
2284 2289 2355 2342 G.

2018 2374 2153 2449 395,
2185 2375 2258 2432 33
2289 2370 2684 2452 Καλλίστρατος
2707 2371 2840 2430 Ald.
2872 2365 3281 2450 Καλλιστράτης
3305 2371 3378 2430 R.
3396 2372 3467 2427 V.

1935 2476 1994 2521 et
2016 2462 2248 2521 codices
2274 2461 2467 2520 Suidae
2495 2481 2540 2519 s.
2562 2457 2908 2540 Κεραμεικός.
2937 2459 3177 2518 Correxi
3204 2478 3278 2517 ex
3305 2458 3472 2517 scho-

1936 2550 2014 2608 lio
2040 2556 2167 2610 Pac.
2203 2558 2310 2618 144
2331 2592 2346 2621 ,
2372 2548 2474 2607 ubi
2497 2561 2582 2607 est
2606 2546 2642 2618 ἢ
2669 2547 3056 2629 Καλλικράτης.
3080 2560 3139 2605 et
3166 2544 3200 2617 ἢ
3231 2547 3473 2605 fortasse

1938 2639 2035 2697 hic
2084 2658 2317 2717 quoque
2362 2657 2471 2715 pro
2516 2636 2607 2696 καὶ
2655 2635 3092 2695 restituendum.
3143 2638 3276 2706 Quo
3320 2634 3472 2693 sacto

1937 2751 2066 2810 φησι
2095 2726 2390 2806 praestabit
2419 2727 2653 2804 vulgato
2694 2748 2841 2806 φασι.
2877 2726 3106 2784 Eaedem
3145 2723 3320 2802 hujus
3357 2744 3471 2781 no-

1940 2817 2109 2875 minis
2152 2814 2498 2891 corruptelae
2538 2828 2674 2873 sunt
2706 2814 2769 2872 in
2796 2812 2959 2871 libris
2999 2811 3473 2890 Harpocrationis

1939 2927 1984 2965 S.
2009 2902 2450 2980 Ἑκατόμπεδον,
2481 2901 2683 2982 Ἑρμαῖ
2707 2914 2766 2958 et
2795 2900 3149 2982 Κεραμεικὸς,
3185 2899 3349 2958 libris
3385 2915 3473 2958 ta-

1941 3013 2069 3052 men
2093 2989 2442 3071 quibusdam
2465 3002 2622 3047 recte
2653 2988 3025 3069 Καλλικράτης
3055 2986 3471 3065 praebentibuS,

1941 3095 2006 3141 ut
2030 3076 2312 3159 scriptum
2346 3079 2504 3158 apud
2545 3078 2818 3137 Photium
2842 3091 2934 3136 est
2973 3098 3018 3136 ⁵.
3047 3075 3246 3158 Ἑρμαῖ
3272 3097 3329 3155 p.
3368 3079 3437 3134 15
3456 3122 3473 3150 ‚

1950 3190 2037 3242 17.
2063 3166 2447 3227 Eximendum
2481 3165 2657 3242 igitur
2693 3165 2803 3223 hoc
2832 3186 2983 3244 opus
3022 3166 3255 3243 scriptis
3297 3167 3477 3225 Calli-

1942 3258 2106 3317 strati
2137 3277 2172 3315 a
2195 3255 2467 3315 Cliutono
2496 3254 2848 3310 enumeratis
2876 3258 3031 3310 Fast.
3064 3252 3213 3312 Hell.
3256 3254 3374 3311 vol.
3408 3256 3475 3328 3,

1944 3367 2000 3426 p.
2034 3346 2167 3404 530.
2212 3347 2478 3404 Ceterum
2512 3342 2899 3417 Harpocratio
2933 3362 2985 3405 ,s.
3027 3341 3349 3424 Κεραμεικός
3377 3344 3473 3399 in·-

1941 3455 2112 3495 verso
2149 3432 2354 3492 ordine
2403 3428 2775 3509 Καλλικράτης
2814 3428 2850 3501 ἢ
2891 3430 3184 3507 Μενεκλῆς,
3216 3443 3277 3488 ut
3303 3431 3479 3489 sebo,

1942 3525 2106 3582 liasta
2159 3521 2338 3578 Pacis.
2386 3523 2453 3576 In
2499 3518 2741 3595 reliquis
2787 3519 3291 3593 grammaticorum
3334 3519 3477 3578 locis

1944 3605 2272 3680 Μενεκλῆςῆ
2313 3608 2488 3667 Καλλ.
2516 3605 2706 3664 Verba
2734 3607 2787 3665 ἐν
2814 3612 2922 3673 τοῖς
2941 3619 3073 3664 ante
3101 3605 3479 3688 συγγράμμασι

1946 3699 2114 3777 ponit
2144 3702 2214 3755 G.
2248 3701 2504 3755 Numero
2541 3695 2812 3771 singulari
2844 3696 2896 3753 ἐν
2941 3696 3478 3776 τῶι-συγγράμματι

1943 3802 2099 3847 recte
2125 3799 2372 3846 utuntur
2392 3783 2569 3842 schol.
2599 3783 2760 3841 Pacis
2795 3796 2855 3841 et
2881 3785 3268 3860 Harpocratio
3296 3805 3340 3842 s.
3371 3787 3479 3845 Κε-

1946 3872 2208 3959 ραμεικός.
2244 3873 2471 3932 Deinde
2496 3870 2616 3953 περὶ
2651 3869 2936 3942 Ἀθηναίων
2971 3876 3037 3930 R.
3063 3876 3132 3929 V.
3161 3887 3219 3930 et
3251 3871 3476 3931 Suidas.

1946 3971 2072 4025 Hoc
2093 3964 2301 4022 vitium
2335 3959 2742 4037 corrigendum
2769 3960 2943 4018 etiam
2968 3958 3125 4037 apud
3149 3964 3476 4037 Harpocran

1948 4055 2162 4112 tionem
2192 4063 2249 4110 et
2274 4050 2546 4108 Photium
2577 4067 2624 4105 s.
2653 4044 2871 4127 Ἑρμαῖ.
2912 4052 3093 4106 Dum.
3138 4068 3294 4129 φασιν
3340 4043 3478 4109 οὕτω

1943 4148 2013 4203 V.
2041 4155 2097 4200 et
2121 4140 2342 4201 Suidas.
2371 4137 2697 4215 Lege-batur
2728 4158 2888 4218 φασι,
2917 4137 3131 4195 omisso
3152 4133 3307 4194 οὕτω.
3333 4138 3474 4197 Sui--

1944 4231 2043 4289 das
2068 4241 2201 4307 post
2223 4226 2385 4292 οὕτως
2412 4226 2596 4302 pergit
2619 4221 2734 4282 ἔστι
2762 4221 2927 4282 δὲκαὶ
2948 4224 3110 4300 δῆμος
3131 4223 3474 4306 Κεραμεικός.

1946 4315 2047 4375 εἰσὶ
2077 4313 2132 4374 δὲ
2170 4315 2310 4373 ἔνθεν
2339 4312 2429 4372 καὶ
2458 4309 2601 4370 ἔνθεν
2636 4312 2830 4383 στῆλαι
2869 4309 2956 4369 ἐπὶ
2984 4319 3090 4380 τοῖς
3132 4310 3363 4393 δημοσία
3386 4336 3478 4371 τε·

1946 4401 2257 4482 θαμμένοις,
2280 4399 2497 4480 ἔχουσαι
2521 4395 2808 4479 ἐπιγραφὰς
2831 4402 2930 4456 ποῦ
2951 4394 3168 4466 ἕκαστος
3195 4396 3474 4463 ἀπέθανεν.

1945 4529 2015 4539 -
2042 4495 2110 4561 34
2144 4488 2283 4555 ἅπας
2309 4508 2422 4547 om.
2455 4491 2527 4545 V.
2559 4485 2684 4545 Ald.
2712 4484 2898 4544 Iidem
2932 4484 3074 4543 ἔνθεν
3101 4485 3193 4545 καὶ
3223 4489 3477 4547 ἐντεῦθεν.

1945 4612 2024 4626 -
2045 4580 2238 4638 36-38
2274 4576 2449 4635 verba
2479 4572 2581 4633 εἶσὶ
2615 4570 3185 4644 δὲ-τετελευτήκασιν
3227 4576 3478 4636 scholia·

1944 4679 2045 4727 stae
2073 4686 2223 4739 esse,
2255 4684 2375 4725 non
2403 4661 2679 4722 Meneclis
2703 4673 2803 4720 aut
2827 4661 3142 4721 Callicratis
3159 4706 3177 4737 ,
3200 4663 3474 4724 observat

1943 4754 2297 4813 Dindorfius.
2321 4785 2399 4796 —
2430 4752 2499 4821 37
2534 4739 2642 4807 οἷον
2671 4750 2725 4806 ἐν
2750 4753 2818 4806 R.
2846 4747 2973 4808 Ald.

2026 4842 2167 4919 399,
2205 4851 2274 4911 41
2307 4838 2443 4899 Ἀντὶ
2471 4841 2563 4895 τοῦ
2603 4835 2753 4919 παρὰ
2776 4841 2870 4909 R.;
2899 4836 3056 4914 quod
3084 4838 3226 4899 serri
3258 4853 3472 4919 potest,

1945 4931 1993 4990 si
2019 4945 2151 5008 post
2178 4929 2330 5011 ὄρνεα
2365 4928 2827 5003 interpungatur.
2867 4929 3049 4985 Dum.
3079 4924 3194 4986 ἔστι
3223 4927 3282 4989 δέ
3314 4953 3393 4999 τις
3418 4933 3472 4990 ἐν

315 5019 484 5076 simis
508 5016 783 5076 oblatum.
807 5017 900 5077 Sic
924 5016 983 5075 in
1011 5016 1279 5076 Isocratis
1297 5016 1609 5076 Panathen.
1637 5037 1694 5096 p.
1719 5018 1853 5087 263,
1943 5017 2122 5101 Ἄργει
2147 5018 2225 5085 ἰὰς
2246 5041 2302 5076 π.
2328 5017 2458 5077 Ald.
2486 5052 2561 5064 -
2586 5015 2659 5082 43
2687 5011 2853 5091 λέγων
2889 5020 2927 5093 5
2954 5019 3023 5075 R.
3056 5012 3277 5097 Ὀρνεάς
3300 5024 3370 5079 R.
3406 5020 3468 5080 V.

3185 5143 3270 5191 31·
