3859 5725
416 287 533 338 400
1561 259 2009 326 ADNOTATIO
2049 258 2133 319 IN
2174 255 2441 320 SCHOL.

415 426 530 465 om.
550 407 617 463 V.
636 404 708 464 Θ.
732 442 809 455 -
833 402 868 458 6
898 397 1063 477 ἔγωγε
1084 394 1173 456 τὸν
1200 396 1537 456 Brunckius.
1555 396 1785 452 Rectius
1809 393 1938 450 for-
2026 408 2101 445 ex
2142 384 2369 466 ὑπάρχει
2407 405 2506 443 σοι.
2546 386 2724 440 Dum.
2756 377 2877 440 ὅσον
2914 381 3007 439 πλ.
3037 384 3104 438 V.
3132 414 3213 425 —
3243 380 3277 438 3
3315 380 3409 438 πλ.
3434 375 3543 437 ἔστι

419 505 566 551 tasse
589 507 905 566 anonymus
932 483 1187 545 καθιέναι.
1207 488 1390 542 Dum.
1409 516 1489 527 —
1508 483 1543 538 8
1567 479 1785 561 ἕσφαζεν
1813 480 1883 540 Θ.

505 588 634 651 140,
670 599 691 634 1
709 598 730 634 1
760 573 853 634 καὶ
879 570 1171 653 βαναύσους
1197 590 1310 629 010.
1331 573 1401 627 V.
1423 570 1494 630 Θ.

500 673 603 731 141
625 706 641 734 ,
674 664 858 730 13-14
903 663 1059 735 θαυμ.
1094 657 1185 715 καὶ
1218 659 1309 714 ὑπ.
1348 653 1541 735 ἐξαίρει
1568 651 1654 726 δὲ,
1688 664 1748 709 01
1781 651 1939 709 αὐτοῦ

418 763 549 828 post
577 752 670 819 τῆς
708 746 898 826 τέχνης
934 745 973 802 1.
1009 744 1076 801 15
1106 749 1275 802 Β.--
1300 741 1480 799 15-18
1526 741 1607 798 sic
1647 743 1713 795 V.
1752 736 1824 796 Θ.
1851 733 1940 792 τὸν

416 836 526 914 Ἄγ.
555 833 714 913 λέγει.
739 830 982 891 ἒκὸαλεῖν
1007 826 1305 907 (exedum
1343 826 1439 905 Θ.)
1474 824 1682 903 μέλλων
1715 821 1805 881 καὶ
1829 820 1941 890 ἐξο-

416 924 522 981 λῶν
549 920 774 999 (ἐξωθεῖν
814 919 907 996 Θ.)
935 920 1030 988 τῆς
1067 913 1331 979 πολιτείας
1348 911 1453 973 ’τὸν
1493 909 1737 972 Κλέωνα.
1779 907 1942 972 οὕτως

418 1013 561 1089 αὐτῷ
597 1006 900 1066 πέπλασται
961 1003 1099 1064 κατὰ
1159 1001 1402 1080 κωμικὴν
1459 999 1717 1059 παιδείαν.
1755 996 1942 1055 Verba

418 1094 702 1173 ἕμὸάλλειν
740 1092 945 1170 μέλλων
980 1090 1072 1149 καὶ
1114 1088 1319 1158 ἐξωθεῖν
1354 1090 1447 1159 τῆς
1481 1110 1539 1145 π.
1575 1085 1664 1145 τὸν
1718 1082 1942 1143 Κλέωνα

417 1196 551 1262 post
579 1183 843 1240 scholion
881 1201 936 1239 v.
970 1199 990 1237 1
1007 1198 1080 1252 70
1102 1177 1280 1237 habet
1310 1182 1383 1236 R.
1412 1209 1492 1219 —
1519 1196 1591 1251 ¹9
1616 1171 1705 1232 καὶ
1738 1172 1941 1242 ἐξωθεῖν

419 1270 678 1330 additum
699 1289 771 1327 ex
789 1273 860 1327 R.
884 1269 956 1329 Θ.

506 1365 614 1424 140
649 1356 916 1433 γονυπετῶ
940 1351 1117 1410 habet
1138 1358 1363 1423 V.,om.
1388 1355 1459 1408 G.

507 1450 611 1513 147
644 1442 726 1499 sic
746 1447 811 1497 R.
835 1437 954 1504 τοὺς
975 1436 1217 1516 έξαίφνης
1251 1433 1552 1514 γινομένους
1579 1434 1599 1512 (
1641 1429 1944 1509 αινομένους

421 1527 624 1587 Suidas
673 1548 719 1586 8.
755 1521 913 1585 Κατὰ
960 1510 1386 1606 Θεῖον)-ὦφθαι.
1434 1520 1548 1579 ἐπεὶ
1590 1456 1678 1578 ‹2in
1718 1517 1807 1577 καὶ
1836 1521 1945 1576 6-

421 1613 649 1695 ἕπεφάνη
662 1657 679 1686 ,
707 1609 870 1677 οὕτως
896 1619 1056 1669 εῖπεν.
1086 1615 1160 1668 Ε1
1176 1610 1259 1669 sic
1294 1609 1413 1668 fere
1440 1607 1660 1668 Suidas.
1690 1603 1805 1664 ἐπεὶ
1854 1601 1944 1662 καὶ

419 1700 765 1781 ὁ-ἑπεφάνη
789 1700 961 1764 αὐτοῖς
986 1696 1117 1756 Ald.

508 1796 638 1863 149,
670 1807 742 1861 27
765 1783 1047 1844 διαὸαίνειν
1074 1782 1214 1842 ἐστὶν
1236 1783 1298 1842 τὸ
1319 1782 1405 1841 ἐπὶ
1422 1781 1483 1840 τὸ
1506 1779 1680 1860 λόγιον
1707 1776 1945 1850 εἰσιέναι,

419 1872 509 1934 ἵνα
528 1874 754 1934 Β.-08
775 1871 1136 1930 scribebatur
1157 1868 1329 1947 λόγιον
1352 1870 1449 1928 hic
1471 1882 1529 1926 et
1556 1870 1613 1927 in
1622 1871 1726 1927 fra.
1743 1869 1945 1945 λογεῖον

423 1962 596 2039 vulgo
624 1959 778 2039 apud
807 1960 1045 2018 Suidarn
1083 1978 1097 2013 t
1124 1956 1223 2015 sed
1263 1956 1436 2036 λόγιον
1467 1957 1646 2015 Paris.
1674 1962 1748 2015 A.
1770 1987 1849 2000 --
1870 1957 1937 2012 31

421 2046 632 2126 λέγεται
656 2045 747 2105 καὶ
770 2046 841 2106 Θ.
862 2086 940 2099 --
969 2048 1042 2103 30
1071 2048 1163 2101 τοῦ
1191 2062 1308 2101 010.
1339 2042 1498 2104 Suid.

511 2134 641 2203 150,
672 2135 744 2192 36
765 2131 963 2209 εἰσάγει
997 2137 1070 2191 Β.

512 2223 642 2292 152,
666 2229 740 2289 40
770 2219 831 2278 τὸ
864 2217 1165 2298 μαγειρικὸν
1205 2215 1481 2299 τραπέζιον
1510 2220 1583 2276 Β.
1606 2249 1685 2261 -—
1713 2224 1786 2284 42
1811 2212 1954 2292 βάλὲ

423 2309 515 2368 λον
537 2307 581 2364 δ’
607 2308 874 2365 εῖνελεοῖσι
903 2310 976 2364 Β.
1016 2307 1070 2362 ἐν
1100 2301 1185 2382 (ἢν
1216 2303 1313 2381 V.)
1351 2305 1570 2362 ἐλεοῖσιν
1609 2300 1793 2373 ἔθηκεν
1815 2300 1945 2362 Ald.

426 2396 500 2453 siv
529 2396 744 2452 ἐλεοῖσιν
772 2391 954 2473 ἔχευεν
986 2404 1073 2449 est
1097 2390 1163 2449 Il.
1191 2395 1239 2460 1,
1270 2390 1404 2448 215.

513 2485 624 2558 159
645 2480 876 2559 ἡγεμών.
900 2480 991 2539 καὶ
1025 2500 1139 2538 0111.
1165 2483 1237 2537 R.

513 2571 581 2627 16
594 2590 615 2625 1
635 2573 708 2627 Β.
730 2568 904 2627 habet
930 2569 1174 2644 glossam
1197 2562 1560 2643 χλευάζεις.-
1579 2582 1611 2635 7
1633 2562 1948 2619 πολιτευτῶν

426 2658 732 2717 Piersonus
760 2656 832 2714 ad
865 2655 1075 2712 Moerin
1106 2674 1163 2731 p.
1190 2656 1323 2726 307.
1353 2650 1678 2729 Legebatur
1702 2651 1948 2708 πολιτῶν.

516 2731 623 2815 164
649 2745 827 2804 habet
846 2750 916 2804 R.
939 2745 1013 2822 gl.
1036 2740 1271 2821 ἡγεμὼν,
1292 2740 1733 2819 δημαγωγός-’1
1748 2740 1781 2797 5
1801 2740 1949 2797 ἔλεοῦ

429 2834 719 2895 Bentleius
753 2833 963 2893 collato
986 2853 1042 2891 v.
1087 2831 1213 2889 150.
1239 2829 1560 2908 Legebamr
1584 2829 1732 2888 λαοῦ.
1760 2832 1949 2904 Hesy-

428 2925 629 2981 chius:
664 2919 941 3002 Ἀρχέλας·
965 2918 1055 2978 τὸν
1089 2918 1375 2988 ἐπιστάτην
1419 2923 1513 2977 τοῦ
1555 2915 1778 2978 Λυκείου
1805 2912 1951 2996 παρὰ

426 3007 523 3081 τὴν
546 3006 715 3087 ἀρχὴν
755 3006 917 3073 οὕτως
954 3003 1226 3082 ὠνόμασεν
1271 3002 1587 3082 (ὠνόμασαν
1621 3009 1892 3062 Musurus
1908 3005 1949 3080 ).

430 3096 555 3155 ἔνιοι
590 3095 646 3154 δὲ
671 3094 760 3154 τὸν
797 3091 1028 3174 ἄρχοντα
1060 3096 1153 3150 τοῦ
1200 3089 1377 3151 έλαίου
1413 3093 1593 3166 (ἕλεοῧ
1623 3091 1950 3169 Bentleius)

428 3181 666 3242 Θέλουσιν
694 3179 921 3240 ἀκούειν.

513 3270 644 3338 165,
676 3270 744 3326 16
771 3269 876 3325 τῶν
896 3264 1168 3346 στοιχείων
1197 3266 1328 3326 ΑΙᾶ.
1348 3300 1428 3311 -
1453 3286 1518 3338 17
1555 3269 1623 3324 Β.
1656 3264 1800 3324 nihil
1840 3266 1949 3324 nisi

430 3355 534 3416 ἔδει
556 3353 658 3435 γὰρ
685 3353 894 3420 πνυκός.

514 3443 645 3514 166,
690 3463 761 3518 19
795 3442 1141 3519 καταπονησῇ
1176 3444 1246 3498 Β.
1268 3480 1344 3492 -
1369 3458 1464 3498 20.
1506 3439 1786 3497 Nimirum
1819 3440 1949 3498 κλᾶν

431 3528 663 3605 ἄμπελον
706 3528 921 3586 Graecis
962 3539 1051 3586 est
1071 3571 1088 3599 ,
1123 3540 1330 3601 putare
1370 3530 1557 3583 vioem.
1601 3524 1837 3583 Photius
1890 3526 1952 3584 in

432 3615 674 3673 Lexico:
701 3615 849 3673 Κλᾶν
870 3614 1127 3691 ἄμπελον,
1145 3612 1371 3689 τέμνειν.
1394 3611 1715 3687 Hesychius
1737 3633 1750 3668 ε
1781 3613 1949 3686 maur,

427 3698 637 3778 τέμνειν
654 3698 916 3778 ἀμπέλους
939 3721 953 3737 ·
974 3698 1102 3782 ὅπερ
1119 3703 1273 3776 ἡμεῖς
1292 3697 1579 3757 κλαδεύειν.
1603 3698 1951 3765 Themistius

430 3790 587 3847 Orat.
624 3787 718 3860 15,
746 3786 857 3844 sub
884 3786 1009 3844 init.
1037 3808 1052 3843 ε
1101 3784 1329 3856 ὁπηνίκα
1362 3784 1439 3842 δεῖ
1484 3785 1615 3842 κλᾶν
1651 3782 1746 3852 τὰς
1773 3785 1953 3864 ἀμπέ-

427 3876 565 3940 λους.
586 3877 764 3931 Κσετ.
797 3874 902 3930 τῶν
938 3869 1392 3953 περιτεμνομένων
1425 3869 1712 3948 κλημάτων
1749 3873 1804 3931 ἐν
1837 3882 1952 3940 ταῖς

429 3959 933 4041 ἀμπέλοιςοὸιιίᾶειε.

517 4050 648 4119 167,
686 4049 761 4106 28
788 4046 915 4127 παρ’
942 4046 1099 4104 αὐτοῦ
1125 4047 1197 4104 Θ.
1222 4085 1299 4099 -
1320 4047 1393 4103 30
1429 4044 1626 4105 ἐδίδουν
1653 4047 1724 4107 Θ.
1759 4047 1949 4106 ἀπεδί-

431 4134 580 4195 δοντο
616 4133 818 4192 Suidas
854 4154 899 4192 s.
934 4134 1273 4214 Πρυτανεῖον.
1302 4164 1382 4176 -
1404 4133 1470 4189 31
1511 4132 1637 4215 παρ’
1671 4132 1948 4208 ὑπόνοιαν,

431 4220 545 4281 δέον
571 4226 640 4280 Β.

517 4328 648 4382 170,
669 4310 766 4380 34,
792 4306 886 4377 35,
912 4306 995 4364 sic
1016 4312 1079 4365 R.
1118 4310 1185 4364 In
1210 4307 1336 4365 Ald.
1367 4304 1472 4365 ἀπὸ
1499 4330 1548 4365 τ.
1586 4329 1637 4366 σ.
1679 4307 1770 4366 καὶ
1798 4307 1951 4377 αὐτὸς

427 4394 673 4474 ὠνόμασε
687 4442 706 4471 ,
732 4394 1039 4475 βουλόμενος
1079 4395 1314 4466 δηλῶσαι
1343 4393 1437 4461 τὰς
1474 4394 1735 4462 κυκλάδας
1767 4396 1951 4468 νήσους

431 4482 610 4565 κύκλῳ
627 4482 885 4562 κειμένας.
903 4515 979 4530 -
1001 4484 1075 4542 36
1097 4482 1409 4564 περίὸλεψαι
1427 4487 1496 4541 V.
1517 4482 1801 4565 περίὸλεψε
1821 4485 1946 4544 Ald.

429 4570 905 4637 ὁλκάδας-ἕλκειν
930 4590 1043 4629 010.
1069 4576 1138 4629 V.

519 4667 651 4732 174,
677 4668 751 4727 40
777 4655 1074 4737 Καλχηδὼν
1098 4659 1170 4719 Θ.
1198 4655 1513 4740 Καρτάγενα
1535 4657 1708 4716 idem.
1737 4658 1953 4738 Καρτα-

431 4743 560 4824 γένα
582 4751 648 4805 V.
671 4750 873 4824 Inepte
904 4745 977 4804 de
1000 4746 1347 4824 Carthagine
1374 4745 1643 4823 cogitavit
1662 4764 1950 4822 gramma-

437 4835 581 4892 ticus
624 4834 831 4892 vitiosa
865 4833 1137 4912 deceptus
1173 4834 1461 4912 scriptura
1499 4830 1796 4914 Καρχηδών
1841 4854 1951 4912 pro

431 4917 751 5000 Καλχηδών.

517 5011 623 5081 187
651 5004 900 5087 ὑπάρχεις
929 5024 1045 5064 010.
1065 5010 1137 5066 Β.
1159 5011 1230 5067 V.
1258 5005 1330 5066 Θ.
1353 5009 1706 5084 corruptum
1727 5005 1953 5066 videtur

2027 496 2119 532 σου
2146 472 2235 531 καὶ
2263 471 2399 551 ἔχεις
2417 476 2485 530 Β.
2511 511 2579 523 -
2612 472 2644 528 5
2671 490 2801 550 φασι
2826 469 2898 529 Θ.

2113 564 2246 637 189,
2277 579 2346 616 10
2373 556 2710 617 παιδεύονται
2735 561 2807 614 V.
2825 586 2904 600 -
2934 575 2997 613 11
3024 551 3214 636 ἒχῶρει
3237 559 3307 614 Β.
3344 555 3545 615 018111-

2030 647 2132 705 das
2177 667 2220 704 s.
2246 643 2580 723 Ἕγκύκλιον.
2616 651 2781 724 χωρεῖ
2819 642 2950 701 ΑΙᾶ.
2985 651 3235 723 χωρεῖται
3267 643 3341 702 Θ.
3370 675 3446 687 —-
3476 642 3545 700 16

2027 731 2189 792 κακὸν
2216 736 2392 798 κακῶς
2416 733 2487 793 Θ.
2513 731 2735 791 Deinde
2832 728 2913 789 σὶν
2935 734 3007 788 Β.
3033 749 3146 808 pro
3173 728 3332 787 ἐστὶν.

2114 840 2224 895 190
2249 809 2285 892 ἦ
2310 817 2410 899 γὰρ
2432 815 2494 876 ἂν
2514 816 2741 895 ἀμείνων
2798 818 2897 873 σθα
2917 814 3052 893 μηδὲ
3063 815 3401 898 -ττειραθεὶς
3422 815 3549 876 Ald.

2116 927 2245 982 191,
2275 907 2347 962 28
2378 902 2534 974 ἀξίοις
2562 902 2719 984 λόγου
2748 904 2819 964 Θ.

2115 994 2225 1070 193
2251 990 2476 1075 παρώσῃ
2504 994 2576 1054 Θ.

2115 1082 2248 1157 196,
2284 1082 2357 1150 34
2387 1078 2629 1162 φέρονται
2652 1077 2758 1138 ἀπὸ
2781 1078 2851 1139 Θ.

2116 1190 2249 1246 197,
2281 1178 2357 1237 4ο
2383 1169 2689 1249 βυρσαίετον
2718 1167 2806 1227 τὸν
2837 1167 2938 1227 Κλ.
2968 1171 3041 1225 Β.
3067 1206 3140 1219 -
3165 1175 3233 1235 41
3262 1164 3319 1224 δὲ
3349 1185 3465 1225 0111.
3484 1169 3551 1225 Β.

2029 1288 2103 1301 -
2125 1265 2199 1324 42
2222 1257 2375 1314 ἀετοῦ
2400 1256 2604 1318 Suidas
2624 1277 2667 1314 5.
2696 1253 3024 1336 Βυρσαίετος.
3041 1254 3232 1331 Vulgo
3254 1255 3449 1312 αἰετοῦ.
3477 1294 3554 1308 .-

2033 1342 2108 1410 46
2159 1341 2386 1419 ἀγκύλας
2413 1376 2490 1387 -
2522 1340 2660 1421 ἔχων
2687 1362 2799 1400 om.
2821 1347 2915 1413 V.,
2973 1340 3188 1399 habent
3216 1341 3285 1399 Θ.
3313 1353 3371 1398 01
3419 1342 3556 1401 Sui-

2031 1428 2134 1487 das
2161 1449 2204 1487 s.
2231 1428 2648 1510 Ἀγκυλοχείλης.
2674 1472 2748 1484 .-
2782 1438 2854 1500 47
2877 1426 3048 1486 αἰετὸν
3074 1430 3215 1508 αὐτῷ
3240 1430 3334 1486 ἀπ.
3365 1432 3436 1486 V.

2119 1516 2228 1591 198
2247 1559 2264 1587 ,
2290 1517 2363 1574 50
2402 1515 2671 1575 κωλύοντα
2698 1518 2770 1576 Θ.
2814 1517 2980 1576 Cous.
3007 1516 3186 1574 schol.
3221 1538 3280 1576 v.
3317 1537 3455 1575 021.
3480 1552 3558 1565 —

2037 1602 2106 1661 51
2137 1601 2325 1662 παύειν
2356 1604 2426 1665 Θ.
2449 1636 2529 1649 -·
2556 1606 2750 1674 52-54
2778 1606 2860 1663 sic
2892 1611 2963 1666 Β.
2992 1602 3223 1682 ἔγκειται
3265 1605 3396 1684 (501.
3425 1606 3558 1686 σύγ-

2032 1689 2224 1768 κειται)
2256 1688 2312 1748 δὲ
2339 1696 2374 1763 ἡ
2404 1690 2539 1759 λέξις
2565 1694 2625 1751 ἐκ
2650 1697 2742 1751 τοῦ
2768 1690 3032 1769 ἠλέματος
3059 1691 3151 1751 καὶ
3177 1691 3238 1750 τὸ
3277 1692 3410 1771 (scr.
3444 1697 3559 1773 τοῦ)

2032 1784 2202 1849 κοεῖν,
2232 1774 2267 1835 8
2289 1779 2403 1836 ἐστι
2428 1787 2578 1837 νοεῖν.
2604 1820 2683 1833 -
2709 1779 2782 1838 53
2816 1778 2876 1838 τό
2898 1802 2956 1838 τε
2976 1778 3242 1856 ἠλέματον
3259 1823 3277 1852 ,
3313 1779 3476 1858 ἤγουν
3502 1781 3561 1840 τὸ

2034 1863 2258 1939 μάταιον
2281 1866 2490 1924 Suidas
2521 1886 2569 1926 s,
2598 1865 2889 1944 Κοάλεμος.
2910 1899 2989 1910 -
3019 1867 3092 1935 54
3121 1864 3299 1943 ἔλεγον
3324 1869 3394 1929 Θ.
3421 1902 3498 1913 -
3523 1889 3557 1927 2

2035 1955 2398 2031 αἱματοπωτεῖ
2421 1960 2514 2028 Β.,
2545 1956 2647 2032 qui
2685 1969 2820 2034 post
2856 1958 3179 2036 πληροῦσιν,
3208 1958 3247 2015 1.
3291 1966 3355 2030 4,
3385 1958 3562 2018 habet

2036 2043 2133 2099 illa
2162 2038 2393 2120 ἔγκειται
2416 2040 2472 2101 δὲ
2511 2046 2547 2112 ἡ
2582 2040 2717 2110 λέξις
2753 2056 2863 2101 010.
2886 2084 2965 2096 -
2994 2050 3028 2110 4
3056 2041 3148 2101 καὶ
3197 2043 3427 2124 ἀλφίτων
3457 2068 3562 2127 φυ-

2038 2129 3563 2296 ῗῖῗξςᾱῖζῗῖἑῖᾟ,ρῖῗῖἶῗέῗζρᾷἷῗῖἶὲῗτῗ’ἢῙέῗζῖὴέἶ

2124 2320 2255 2377 199,
2283 2324 2314 2375 7
2342 2305 2434 2374 τῆς
2464 2314 2524 2360 01
2552 2322 2589 2376 9
2620 2300 2799 2373 ἔπειδὴ
2826 2304 2898 2362 Π.
2926 2293 3013 2373 ἦν.
3038 2321 3156 2360 om.
3179 2308 3252 2362 R.

2119 2391 2254 2461 003,
2285 2410 2306 2446 1
2323 2410 2348 2446 1
2374 2388 2732 2448 scribebatur
2760 2387 3051 2460 ἐξήνεκται.

2118 2491 2256 2551 210,
2289 2496 2354 2548 17
2385 2476 2717 2555 καταθελχθῇ
2743 2481 2816 2536 Β.
2843 2477 2944 2553 qui
2980 2477 3164 2534 18-23
3192 2478 3274 2537 sic
3302 2499 3317 2534 t
3342 2478 3566 2560 λοιδορί-

2041 2585 2139 2628 αις.
2183 2562 2273 2621 ἕὰν
2314 2560 2390 2641 μὴ
2428 2561 2732 2643 ἐξαπατηθῇ
2773 2566 2841 2643 τῇ
2890 2566 2994 2622 τῶν
3031 2563 3201 2644 λόγων
3251 2567 3562 2648 περιδρομῇ.

2040 2649 2312 2724 αἰκάλλει,
2360 2650 2662 2719 κολακεύει,
2719 2658 2881 2725 κινεῖ,
2944 2650 3311 2733 προτρέπεται.
3350 2654 3567 2722 δυνατός

2039 2740 2151 2814 εἶμι
2172 2736 2447 2818 ζπίτροπος
2477 2739 2687 2797 διοικεῖν
2722 2738 2813 2798 καὶ
2841 2737 3042 2820 ἄρχειν.
3072 2740 3393 2820 φαυλότατον
3415 2787 3434 2816 ,
3464 2740 3563 2824 ῥᾴ-

2039 2825 2175 2898 διον,
2198 2824 2398 2884 ἁπλοῦν
2417 2870 2434 2899 ,
2471 2824 2694 2907 εὐχερές.
2721 2867 2801 2881 .-.
2828 2845 2903 2886 22
2922 2826 3563 2911 ἐπιτροπεύειν-φαυλό-

2036 2936 2191 2972 τατον
2226 2912 2281 2973 δὲ
2307 2934 2420 2973 om.
2447 2920 2543 2987 V.,
2571 2916 2672 2992 qui
2699 2915 2915 2992 praebet
2970 2915 3173 2997 ῥᾴδιον,
3218 2916 3447 2997 εὐτελὲς,
3478 2923 3565 3000 βρ.

2121 3010 2257 3074 214,
2286 3020 2356 3073 07
2384 3009 2591 3082 χρεῖται
2611 3006 2677 3060 V.
2697 3039 2760 3051 —-
2785 3004 2853 3060 31
2880 2995 2969 3062 οὖν
2998 3024 3115 3062 om.
3141 3005 3214 3063 Θ.
3237 3040 3303 3055 -
3324 3008 3397 3063 33
3423 3028 3566 3065 παν-

2036 3086 2123 3153 τὸς
2147 3093 2238 3146 τοῦ
2266 3087 2568 3169 φυράματος
2582 3089 2810 3147 Suidas.
2834 3089 3008 3148 πάντα
3028 3095 3119 3148 τοῦ
3148 3089 3413 3170 φύρματος
3437 3094 3565 3151 ΔΜ.

2038 3176 2235 3253 Pergit
2275 3175 2512 3250 SuidaS,
2554 3174 2690 3234 οὕτω
2721 3174 2937 3259 χόρδευε
2974 3177 3065 3236 καὶ
3109 3177 3334 3259 τάραττε
3364 3179 3462 3239 καὶ
3497 3179 3566 3240 τὰ

2037 3261 2284 3321 πολιτικὰ
2313 3261 2402 3322 καὶ
2436 3264 2757 3343 συντάραττε
2777 3263 2869 3323 καὶ
2897 3262 3145 3344 συμφύρα
3163 3263 3226 3322 τὰ
3248 3266 3564 3346 πράγματα.

2121 3353 2255 3423 216,
2283 3359 2357 3421 4ο
2381 3351 2508 3410 Ald.
2540 3349 2839 3430 ἅρτύμασι,
2869 3350 3043 3430 λόγοις
3067 3352 3572 3421 κολακευτικοῖςκαὶ

2038 3439 2265 3518 γλυκέσι.

2121 3548 2253 3603 019,
2281 3539 2353 3598 42
2380 3528 2551 3585 αὐτῶν
2576 3545 2691 3586 001.
2722 3528 2790 3587 Θ.
2813 3564 2872 3577 -
2900 3531 2973 3597 43
2999 3528 3091 3588 καὶ
3123 3530 3187 3588 V.
3217 3549 3328 3608 pro
3354 3533 3445 3597 ὥς.

2121 3634 2255 3686 201,
2286 3624 2360 3690 49
2390 3636 2507 3672 τινα
2534 3612 2781 3690 δαιμόνια
2808 3616 2879 3674 Θ.

2120 3702 2255 3773 225,
2285 3702 2318 3759 5
2346 3698 2595 3778 τάγματά
2627 3704 2756 3760 εἰσιν
2777 3707 2848 3760 V'.

2119 3792 2254 3860 006,
2292 3808 2357 3845 12
2382 3786 2664 3869 κατηγόρει
2688 3795 2756 3849 V.
2782 3790 2954 3847 αὐτῶν
2983 3788 3242 3848 additum
3265 3810 3341 3850 ex
3369 3793 3450 3853 Θ.

2120 3876 2234 3933 228
2261 3879 2401 3952 ἡμᾶς
2435 3874 2818 3955 ἀποδεχόμενος
2844 3877 2916 3935 Θ.

2119 3964 2255 4033 030,
2285 3983 2356 4038 19
2382 3949 2482 4020 ὦσι
2508 3970 2611 4027 τοῖς
2647 3963 2818 4020 αὐτῶν
2853 3966 2921 4021 V.
2948 3999 3005 4012 —
3033 3963 3105 4021 05
3136 3962 3457 4046 ἀπεκρίνατο
3495 3973 3566 4027 V.

2120 4051 2251 4119 236,
2282 4049 2354 4106 35
2390 4048 2782 4130 ὁμοφρονήσητε
2809 4054 2881 4107 V'.
2912 4051 2982 4109 Θ.

2118 4137 2228 4207 037
2253 4180 2270 4210 ,
2312 4137 2384 4203 43
2417 4134 2587 4216 χωρία
2620 4135 2737 4194 τότε
2778 4142 2850 4195 V.
2880 4127 2947 4208 ἦν
2982 4134 3051 4195 τὰ
3090 4159 3146 4217 χ.
3179 4139 3249 4197 Θ.
3273 4177 3338 4189 -
3363 4141 3443 4209 48
3474 4141 3566 4199 καὶ

2038 4222 2160 4299 ὑμῖν
2189 4227 2261 4279 V.
2286 4259 2347 4271 —
2373 4222 2465 4279 51.
2489 4229 2693 4282 Peccat
2721 4224 2834 4282 hoc
2861 4225 2990 4282 loco
3028 4224 3087 4282 in
3130 4226 3570 4304 chronologiam

2037 4309 2395 4381 scholiastes»,
2425 4323 2481 4369 et
2511 4331 2627 4369 non
2668 4312 2956 4370 consuluit
2998 4312 3430 4388 Thucydidem,
3464 4316 3569 4393 qui

2038 4400 2215 4456 facem
2257 4398 2667 4456 lucidissimam
2718 4400 2952 4477 praefert
3006 4400 3080 4457 ad
3128 4400 3567 4477 intelligentiam

2037 4485 2219 4543 nostri
2259 4485 2494 4543 Comici.
2523 4489 2669 4544 Nam
2701 4486 2962 4545 Euclides
2993 4499 3113 4545 erat
3139 4487 3354 4545 archon
3406 4509 3568 4549 anno

2037 4572 2241 4649 quinto
2265 4570 2402 4629 belli
2427 4573 2898 4649 Peloponnesiaci
2922 4585 2980 4631 et
3000 4586 3164 4632 sexto
3197 4575 3432 4633 ineunte
3463 4597 3479 4635 :
3507 4590 3570 4636 01

2037 4660 2495 4718 Chalcidensium
2523 4660 2760 4718 rebellio
2788 4681 2822 4719 a
2841 4663 3073 4720 Brasida
3101 4662 3402 4721 sollicitata
3433 4683 3572 4724 eve-

2036 4748 2123 4805 nit
2145 4765 2296 4804 anno
2328 4760 2535 4807 octavo
2563 4746 2685 4824 ejus
2711 4747 2874 4820 belli3
2900 4762 2964 4807 ut
2994 4750 3074 4807 ait
3095 4749 3352 4825 Thucyd.
3378 4750 3486 4809 lib.
3512 4762 3570 4825 4,

2039 4854 2156 4911 quo
2188 4847 2447 4912 tempore
2479 4837 2738 4899 Isarchus
2777 4850 2899 4895 erat
2922 4836 3164 4906 archon3
3198 4837 3363 4913 cujus
3409 4859 3573 4916 prae-

2041 4934 2185 4979 turae
2205 5000 2211 5008 Ι
2228 4921 2535 4982 desinentis
2571 4937 2827 5002 tempore
2869 4926 3076 4984 Sciona
3120 4923 3450 4999 rebellavit,
3507 4939 3576 4985 ut

2046 5009 2276 5086 scripsit
2302 5009 2710 5085 Philochorus,
2746 5012 3029 5070 referente
3068 5011 3375 5071 scholiaste
3414 5013 3574 5073 infra

3785 3194 3800 3419 -ήΔὴ-ᾼ
