3859 5725
1798 317 2050 380 PLUTI.

337 452 459 521 τοὺς
481 457 624 521 θεους
650 452 976 513 delendum.
1007 452 1138 510 Alio
1171 451 1348 510 modo
1377 453 1657 510 sententia
1689 450 1865 509 schov

339 540 521 601 liastae
550 561 820 620 expressa
867 552 952 598 est
979 540 1039 597 in
1069 545 1158 611 V.,
1206 536 1282 616 μὴ
1321 539 1470 620 (hoc
1515 539 1865 611 delendum)

339 627 698 710 πεφεισμένως
723 628 922 710 ἀνδρῶν
951 615 1093 684 εἶπεν
1114 627 1366 703 ἐνταῦθα,
1387 624 1476 685 ἵνα
1496 625 1571 705 μὴ
1597 624 1736 685 κατὰ
1756 628 1863 686 τῶν

340 721 469 778 θεῶν
499 716 660 778 εἰπὼν
679 716 947 782 κάκείνους
970 714 1125 774 πάθει
1149 713 1402 796 προζεύξῃ
1423 716 1557 793 (scr.
1577 713 1862 797 προσζεύξῃ

337 808 432 866 vel
462 804 713 885 ὖποζεύξῃ
730 804 770 882 ).
796 802 878 863 ὅτι
913 803 1042 880 (scr.
1080 799 1260 880 ἢὸτι)
1302 803 1356 861 ἐν
1400 803 1638 883 σχήματι
1682 803 1866 885 ἀνδρὸς

339 917 469 974 φασι
514 895 663 974 (scr.
701 891 922 975 ἐφάνη).
970 888 1184 958 εἰκότως
1226 891 1321 950 οὐκ
1365 890 1500 969 ἔγνω
1542 891 1697 953 αὐτὸν
1730 882 1865 951 εἶναι

337 984 602 1057 Πλοῦτον,
620 981 785 1048 οὕτως
800 981 975 1061 ῥυπῶν
984 1002 1046 1038 τα
1064 978 1156 1038 καὶ
1175 975 1422 1038 ταπεινὸν
1456 977 1581 1039 ὄντα
1614 982 1690 1062 τῷ
1719 978 1878 1061 σχή-

339 1097 487 1151 ματι.
513 1080 697 1133 Βιιω.
723 1108 786 1121 -
811 1069 885 1129 28
921 1066 978 1128 δὲ
1001 1091 1115 1129 om.
1151 1075 1224 1130 R.

417 1161 515 1235 83,
538 1161 614 1219 38
642 1162 828 1218 ᾶντων.
848 1151 1136 1228 πεποίηται
1158 1160 1233 1215 R.
1259 1194 1321 1206 -—
1341 1157 1416 1233 39
1438 1153 1503 1217 τὰ
1521 1155 1623 1240 γὰρ
1646 1157 1863 1239 ἀόριστα

333 1250 438 1306 τῶν
466 1270 560 1329 πρ.
595 1248 768 1306 etiam
796 1244 1003 1304 Suidas
1034 1245 1097 1303 in
1125 1243 1437 1311 Αὖτότατος.
1463 1250 1750 1305 Kusterus
1781 1246 1864 1305 le-

334 1337 583 1414 gendum
612 1347 781 1413 putat
800 1334 870 1393 τὰ
889 1331 993 1414 γὰρ
1019 1329 1202 1413 ὁριστά
1221 1377 1237 1406 ,
1261 1354 1390 1414 quae
1418 1353 1534 1394 vox
1564 1334 1716 1393 haud
1742 1337 1862 1393 scio

332 1444 406 1483 an
432 1424 592 1503 apud
609 1421 1014 1501 grammaticos
1040 1421 1196 1480 sitin
1215 1441 1322 1481 usu
1351 1443 1460 1500 pro
1482 1420 1550 1480 τὰ
1571 1422 1859 1504 ὡρισμένα.

331 1512 628 1573 Laborare
650 1512 884 1572 videtur
907 1508 1276 1593 πραγμάτων,
1308 1510 1472 1590 cujus
1511 1512 1639 1572 vice
1683 1515 1731 1571 si
1774 1531 1861 1572 re-

332 1622 517 1680 ponas
556 1598 888 1682 προσώπων,
936 1618 1136 1659 sensus
1185 1600 1297 1658 erit
1338 1620 1455 1659 non
1500 1599 1816 1660 abhorrens
1843 1625 1861 1668 ς

330 1690 747 1770 pronominum
788 1689 940 1747 enim
972 1688 1158 1746 tertiae
1191 1706 1451 1766 personae
1491 1688 1734 1766 qualitas
1775 1701 1863 1747 est

330 1781 584 1852 infinita,
617 1793 684 1838 ut
709 1777 1069 1857 grammatici
1107 1777 1300 1835 Latini
1329 1776 1670 1855 loquuntur.
1716 1781 1864 1836 Mox

330 1869 558 1943 malim,
585 1858 624 1946 ᾗ
653 1858 742 1927 οὗν
770 1872 805 1940 ἡ
831 1862 1135 1942 ἀντωνυμία
1155 1877 1262 1923 etc.
1283 1865 1507 1922 Hans-r.
1539 1863 1863 1926 ἄνεπίστατα

330 1962 401 2016 R.
421 1995 486 2008 -
516 1967 592 2026 4ο
617 1954 735 2014 ἀντὶ
767 1952 946 2021 οὗσίας
978 1947 1310 2031 λαμὸάνεται
1357 1953 1422 2010 V.
1465 1952 1577 2027 Qui
1610 1960 1677 2021 41
1730 1965 1862 2031 post

331 2044 469 2125 με’ρη
494 2043 685 2115 addit,
709 2039 890 2110 ἔπαιξε
912 2039 974 2100 τὸ
1001 2036 1303 2104 αὐτότατος.
1331 2038 1391 2097 οὗ
1431 2036 1534 2118 γὰρ
1561 2035 1861 2119 ἐπιδέχεται

332 2118 664 2213 ὖπέρθεσινὴ
692 2126 1011 2205 ἀντωνυμία.
1043 2128 1301 2203 Regius:
1333 2128 1386 2186 Τ
1389 2123 1425 2184 ὰ
1455 2124 1556 2204 γὰρ
1600 2125 1720 2208 περὶ
1761 2126 1857 2199 τὴν

238 2256 252 2262 -
331 2216 513 2278 οὐσίαν
533 2214 865 2301 θεωρούμενα
886 2212 1131 2294 δέχονται
1153 2212 1250 2285 τὴν
1276 2209 1452 2272 ἄνεσιν
1477 2213 1567 2274 καὶ
1596 2216 1859 2291 ἐπίτασιν,

329 2299 436 2367 οἷον
462 2306 762 2387 λευκότερος
790 2301 827 2374 ἢ
858 2299 1369 2383 μελάντερος-αὐτὴ
1408 2299 1465 2360 δὲ
1493 2309 1528 2375 ἡ
1566 2302 1719 2364 οὐσία
1764 2309 1860 2365 οὐκ

330 2392 632 2473 ἐπιδέχεται
652 2393 715 2452 τὸ
744 2393 945 2472 μᾶλλον
987 2387 1079 2449 καὶ
1101 2388 1163 2449 τὸ
1190 2380 1348 2459 ἧττον
1371 2410 1386 2426 ·
1415 2387 1535 2448 οὐδὲ
1560 2389 1663 2473 γὰρ
1706 2391 1858 2471 λέγε-

327 2507 418 2544 ται
447 2486 576 2552 ζῶον
605 2479 783 2563 ἑτέρου
815 2475 1065 2561 ζωότερον
1108 2474 1227 2538 οὐδὲ
1269 2476 1541 2559 ἅνθρωπος
1584 2480 1858 2562 ἀνθρώπου

325 2569 713 2652 ἀνθρωπότερος
734 2587 750 2606 ·
778 2565 839 2626 τὸ
860 2570 984 2644 γοῦν
1014 2564 1166 2633 αὐτὸς
1190 2579 1299 2625 etc.

407 2660 506 2730 84,
533 2659 715 2729 48-5ι
742 2655 833 2715 τὸν
860 2651 1547 2734 Πατροκλέα-Πελαργοῖς
1584 2656 1668 2715 sic
1699 2658 1759 2715 in
1785 2663 1854 2717 V.

327 2756 394 2811 ln
424 2755 497 2808 R.
561 2746 691 2807 Ald.
723 2746 784 2804 ἐκ
812 2741 1184 2826 Πατροκλέους
1223 2741 1482 2825 ἔρχομαιε
1514 2733 1610 2812 Εἷς
1642 2735 1705 2817 ἦν
1750 2749 1856 2804 τῶν

322 2838 412 2899 τὸν
436 2832 743 2899 Λακωνικὸν
774 2832 887 2913 βίον
912 2828 1211 2905 ζηλούντων
1251 2827 1535 2903 Ἀθηναίων
1570 2830 1859 2910 (Ἀθηναῖος

322 2932 416 3001 R„
438 2925 663 2984 omissis
689 2919 1145 3001 praecedentibus
1172 2918 1368 2977 verbis
1386 2962 1403 2991 ,
1427 2939 1558 2997 quae
1583 2921 1734 2980 infra
1755 2922 1860 2981 ha-

323 3018 422 3072 bet
443 3014 483 3070 l.
525 3012 596 3069 52
624 3020 757 3088 post
789 3004 1167 3088 προσίεσθαι),
1192 3006 1440 3073 πλούσιος
1490 3005 1586 3085 μὲν
1616 3009 1816 3091 σφόδρα
1836 3054 1854 3084 ,

325 3102 498 3166 ἄλλως
520 3097 577 3157 δὲ
599 3092 850 3161 κακόὸιός
874 3116 953 3159 τις
977 3092 1070 3152 καὶ
1104 3091 1500 3175 φιλοχρήματος
1531 3093 1623 3153 καὶ
1646 3096 1858 3179 σκνιιρὸς

323 3186 678 3268 κωμῳδεῖται,
716 3186 788 3251 ὣς
815 3184 870 3241 ἐν
895 3182 1028 3257 (τοῖς
1056 3181 1190 3241 add.
1231 3180 1326 3261 R.)
1359 3182 1673 3264 Πελαργοῖς.
1700 3195 1856 3263 -49

321 3276 505 3337 κνιπὸν
529 3280 600 3334 V.
625 3278 838 3332 Forma
854 3267 1072 3336 σκνιπός
1091 3268 1278 3328 utitur
1297 3269 1529 3342 Suidas,
1563 3272 1665 3349 qui
1701 3273 1855 3332 hunc

322 3383 553 3425 versum
577 3360 832 3440 explicat
857 3378 903 3422 S.
925 3359 1262 3439 Πατροκλῆς.
1288 3401 1351 3411 -
1374 3360 1448 3417 52
1483 3361 1581 3431 τῆς
1615 3381 1728 3419 om.
1763 3367 1853 3434 V.,

319 3454 496 3514 habet
522 3450 744 3512 Suidas.
770 3445 854 3506 ε’ία
876 3445 1183 3527 προσίεσθαι
1201 3450 1271 3506 R.
1301 3460 1360 3505 et
1385 3446 1608 3508 Suidas.
1634 3447 1718 3508 εἴα
1737 3471 1852 3510 om.

317 3548 389 3601 v.
417 3579 482 3593 .-
502 3560 536 3596 α
576 3535 775 3618 ηὔχμει
814 3533 1170 3594 DindorfiuS.
1197 3531 1354 3612 ηὔχει
1393 3534 1578 3592 codex
1625 3541 1718 3610 V.,
1749 3539 1852 3615 qui

317 3631 480 3690 addit
512 3625 694 3696 ἐπειδὴ
723 3622 779 3685 δὲ
804 3621 1052 3689 πλούσιος
1078 3619 1175 3700 μὲν
1208 3618 1406 3707 σφόδρα
1434 3622 1508 3682 ὢν
1529 3668 1547 3698 ,
1576 3622 1664 3683 διὰ
1688 3626 1750 3685 τὸ
1773 3626 1849 3707 μὴ

315 3717 559 3778 λούεσθαι
594 3714 947 3794 κωμῳδεῖται.

399 3807 497 3876 88,
538 3823 609 3859 10
633 3795 783 3874 Ἵνα,
816 3798 975 3881 φησὶ,
1011 3796 1072 3855 τὸ
1103 3802 1170 3856 V.
1195 3834 1257 3847 -·
1290 3818 1351 3854 11
1399 3799 1492 3868 τῆς
1531 3800 1731 3879 ῥήσεως
1761 3802 1847 3862 ἐπὶ

316 3893 413 3966 τὴν
433 3889 643 3964 ἡλικίαν
667 3888 919 3967 ἀνενέγκῃ
945 3886 1038 3947 καὶ
1060 3885 1122 3946 τὸ
1143 3884 1272 3946 Ald.
1306 3922 1370 3936 -
1403 3906 1472 3944 ια
1519 3886 1593 3947 ὢν
1627 3890 1849 3951 addidit

315 3987 537 4041 Hemst.
562 4013 626 4026 --
664 3984 732 4043 xl.
767 3973 1110 4032 καταλείπειν
1141 3977 1213 4033 R.
1248 3973 1379 4034 Ald.
1425 3976 1741 4037 καταλαὸὼν
1779 3985 1843 4039 V.

315 4106 381 4119 —
411 4067 480 4126 15
503 4068 534 4124 ὁ
556 4083 672 4126 om.
705 4066 777 4121 R.
802 4097 864 4113 -—
894 4063 960 4117 16
993 4059 1310 4140 βουλόμενον
1331 4107 1350 4137 ,
1384 4064 1450 4119 18
1474 4054 1564 4122 οὖν
1591 4071 1747 4127 τοῦτο
1765 4065 1844 4126 ὅτι

314 4164 403 4232 V.,
428 4155 528 4234 qui
572 4173 640 4229 19
666 4170 782 4210 om.
809 4149 1004 4215 πάντες
1022 4146 1085 4208 ἂν
1117 4147 1206 4208 διὰ
1249 4148 1310 4209 τὸ
1344 4152 1586 4231 πλουτεῖν
1607 4199 1624 4227 ,
1663 4169 1724 4213 et
1771 4177 1843 4215 aa

312 4242 412 4316 τὴν
444 4238 631 4325 ἀρετὴν
670 4251 803 4319 post
846 4234 1148 4319 ἀνθρώπους
1191 4238 1458 4315 ponit.-
1482 4249 1552 4307 24
1588 4244 1682 4311 τῆς
1726 4261 1840 4303 om,

313 4335 486 4394 idem.
505 4370 568 4383 —
592 4330 666 4389 25
692 4330 751 4387 οὗ
773 4325 879 4405 μὴν
906 4323 991 4384 διὰ
1012 4325 1142 4384 Ald.
1171 4320 1238 4383 δι’
1260 4330 1325 4386 V.
1347 4326 1471 4384 sine
1489 4329 1601 4397 τῆς.

393 4443 472 4498 90
497 4422 709 4480 lemma
739 4416 959 4476 omittit
986 4428 1044 4473 et
1086 4412 1259 4482 ἄλλως
1286 4414 1457 4497 ponit
1483 4420 1549 4475 V.
1574 4452 1637 4465 -
1664 4437 1739 4495 29
1778 4421 1838 4477 ἑ-

311 4512 535 4594 χρῶντο,
562 4507 780 4567 scilicet
811 4506 861 4562 οἱ
902 4501 1112 4562 δίκαιοι.
1129 4502 1237 4561 ἐκεῖ
1264 4502 1466 4563 codex.
1491 4504 1680 4564 ἐκεῖνοι
1707 4521 1840 4568 suut

311 4603 361 4660 οἱ
384 4598 572 4660 ἄδικοι.
595 4600 776 4656 Dum.
797 4636 859 4648 -
885 4594 962 4652 30
989 4590 1181 4659 ἄλλως.
1207 4589 1521 4675 παρῴδηται
1548 4595 1608 4654 ἐκ
1633 4599 1744 4672 τοῦ,
1763 4574 1856 4657 31'

3365 345 3480 401 5⁴⁷

1957 457 2119 531 quis,
2157 477 2286 536 quae
2324 456 2523 538 inepta
2549 470 2715 530 sunt,
2763 460 3010 519 omissis.
3049 467 3271 523 Heus-r.
3310 505 3375 520 -·
3402 470 3475 536 43

1954 543 2095 605 ἔστιν
2126 544 2443 630 μετάφρασις
2470 551 2562 605 τοῦ
2590 551 2659 605 R.
2680 583 2740 595 -
2762 557 2833 618 44
2864 546 2966 619 ἤδη
3007 569 3124 610 om.
3163 558 3249 628 V.,
3280 555 3381 632 qui
3416 555 3477 613 in

1955 634 2068 693 fine
2089 631 2294 713 ταχέως
2314 633 2374 693 τὸ
2394 632 2515 706 ἤδη.
2533 673 2598 684 -
2628 633 2702 704 45
2726 655 2841 693 om.
2869 640 2939 693 G.

2034 723 2132 797 98,
2157 723 2229 790 46
2255 718 2342 779 διὰ
2370 719 2460 793 δὲ,
2488 730 2558 793 47
2589 720 2717 803 φασὶ
2755 720 2908 782 πόλιν
2937 730 3003 784 V.
3028 761 3092 774 —
3112 726 3187 794 48
3233 726 3482 788 ἀποσκώ-

1953 832 2172 877 πτοντος
2185 814 2253 869 R.
2277 808 2698 870 ἀποσκώπτοντα
2715 816 2787 869 V.
2814 813 3223 873 ἀποσκοποῦντα
3243 818 3311 875 G.
3329 817 3476 877 lbid.
3498 846 3509 857 ·

1951 896 2209 978 πονηροὺς
2239 895 2390 962 ὄντας
2412 901 2479 956 V.

2033 1006 2134 1062 99,
2165 994 2241 1062 49
2267 1008 2397 1067 φασι
2422 991 2488 1044 V.

2039 1075 2171 1144 103,
2212 1073 2245 1129 3
2278 1071 2341 1131 τὸ
2362 1071 2622 1131 ἅντιὸολῶ
2651 1071 2909 1130 additum
2939 1093 3009 1132 ex
3038 1078 3105 1132 V.
3129 1117 3191 1128 -.
3213 1096 3244 1149 7
3269 1074 3484 1144 τούτους·

1950 1168 2017 1221 V.
2054 1176 2113 1222 et
2133 1161 2340 1226 Suidas
2367 1183 2411 1221 s.
2453 1163 2646 1222 Πιθοῢ.
2683 1164 2866 1220 τοῦτον
2906 1167 2978 1221 R.
3011 1162 3142 1222 Ald.
3184 1162 3243 1223 δὲ
3278 1168 3325 1224 οἱ
3365 1184 3479 1224 om.

1951 1250 2175 1314 suidas.
2201 1252 2249 1309 οἱ
2275 1270 2390 1309 om.
2415 1255 2481 1309 V.

2039 1339 2169 1414 106,
2195 1359 2255 1395 11
2286 1335 2375 1396 καὶ
2398 1336 2557 1416 μόνον
2580 1334 2918 1394 SchaeseruS.
2946 1333 2982 1406 ἢ
3017 1335 3174 1414 μόνον
3203 1342 3361 1397 Junt.
3386 1342 3484 1396 Pa·

1952 1425 2048 1484 ris·
2082 1432 2223 1506 Reg.
2252 1425 2314 1484 τὸ
2335 1426 2439 1505 οὐχ
2463 1425 2667 1497 Paris„
2702 1444 2819 1481 non
2845 1428 2984 1503 Reg.

2039 1534 2168 1591 109,
2199 1513 2386 1573 13-15
2413 1512 2579 1572 sicin
2600 1517 2698 1583 V.,
2722 1512 2949 1582 ἀληθῶς.
2970 1509 3164 1589 τέχνην
3199 1512 3287 1571 τὸν
3331 1509 3480 1573 δόλον

1952 1600 2175 1661 Ἀττικοὶ
2203 1599 2464 1680 λέγουσιν.
2488 1599 2549 1660 τὸ
2571 1597 2628 1657 δὲ
2656 1597 2778 1658 ἄνευ
2803 1597 2955 1659 δόλου
2979 1598 3168 1673 ἀληθές
3191 1601 3354 1660 ἐστιν.
3387 1601 3481 1660 ἄλ·-

1949 1692 2071 1755 λως.
2103 1687 2219 1749 ἀντὶ
2253 1693 2346 1748 τοῦ
2392 1688 2576 1754 ἅπλῶς
2597 1685 2633 1759 ἢ
2658 1685 2922 1755 καθάπαξ.
2952 1690 2981 1745 ὁ
3024 1685 3127 1769 γὰρ
3164 1685 3309 1756 τόνος
3369 1701 3477 1748 etc.

1950 1786 2244 1840 Postrema
2311 1793 2445 1859 post
2500 1777 2672 1845 ἄλλως
2723 1790 2850 1836 sunl
2902 1778 3076 1836 etiam
3122 1778 3185 1836 in
3239 1780 3385 1839 Rav.
3419 1817 3481 1836 ..-.

1958 1869 2028 1927 16
2094 1864 2164 1926 τὰ
2237 1864 2608 1945 σημαινόμενα
2667 1869 2736 1923 V.
2807 1903 2870 1917 --
2934 1885 3000 1937 17
3068 1863 3131 1926 τὸ
3197 1864 3480 1946 ἀδιάφορον

1954 1954 2106 2016 libri.
2131 1961 2270 2016 Post
2293 1952 2484 2025 ἀληθὲς
2507 1949 2718 2030 subjici
2747 1951 3027 2021 debebat,
3071 1949 3335 2032 ἀτέχνως,
3358 1955 3481 2011 ἄνευ

1949 2040 2176 2123 τέχνης,
2250 2044 2470 2122 ἀμαθῶς
2492 2086 2509 2116 ,
2565 2041 2800 2117 ἀμελῶς,
2869 2040 2892 2118 [
2922 2036 3354 2117 ἀνεπιστημόνως
3420 2043 3480 2099 in

1950 2132 2116 2211 Reg.]
2157 2144 2261 2191 aut
2313 2130 2497 2191 simile
2562 2127 2873 2207 quiddam,
2932 2139 2996 2184 ut
3044 2127 3350 2186 commode
3400 2148 3484 2187 se·
3534 2155 3537 2158 “

1950 2224 2310 2300 queretur,6
2338 2217 2441 2299 γὰρ
2473 2216 2618 2285 τόνος
2671 2230 2779 2276 etc.
2820 2215 3010 2274 Habet
3055 2215 3301 2290 Suidas,
3344 2216 3481 2275 licet

1951 2309 2359 2388 Aristophanis
2381 2308 2545 2381 loco,
2575 2305 2734 2384 quod
2766 2304 2983 2382 alioqui
3008 2303 3181 2375 solet,
3219 2324 3334 2361 nou
3366 2324 3481 2382 poa

1949 2398 2063 2457 sito
2086 2443 2104 2476 ‚
2129 2397 2360 2456 aliunde
2388 2415 2492 2454 sua
2514 2394 2784 2452 videatur
2827 2411 3001 2470 quam
3026 2412 3095 2450 ex
3126 2391 3217 2450 his
3246 2391 3480 2451 scholiis

1949 2487 2225 2545 hausisse.
2248 2484 2329 2545 Τὸ
2354 2480 2635 2565 ἀδιάφορον
2669 2484 2762 2553 τ’ἥς
2789 2478 3030 2561 χρήσεως
3077 2479 3173 2537 hic
3223 2480 3476 2539 alienum

1948 2589 2034 2635 est
2050 2622 2067 2651 ,
2097 2576 2198 2635 ubi
2222 2575 2514 2654 praecessit
2529 2570 2852 2630 διαστέλλειν
2875 2593 2889 2628 :
2917 2569 3151 2650 praeciso
3179 2570 3368 2647 capite
3389 2572 3478 2629 iu-

1949 2664 2170 2742 tegrior
2186 2662 2297 2721 erit
2318 2661 2509 2733 lecti0‚
2523 2659 2583 2717 τὸ
2607 2658 2853 2740 διάφορον
2872 2661 2967 2730 τῆς
2990 2654 3248 2739 χρήσεως·
3271 2678 3477 2736 quem-

1947 2750 2264 2810 admodum
2308 2748 2633 2825 Etymolog.
2654 2748 2718 2805 in
2745 2744 3005 2828 Ἤριαεδ
3048 2745 3289 2828 διάφορος
3331 2744 3477 2813 τόνος

1948 2837 2193 2921 διάφορον
2222 2844 2364 2896 ποιεῖ
2390 2832 2481 2895 καὶ
2508 2830 2605 2906 τὴν
2635 2834 2906 2911 σημασίαν
2929 2855 2942 2869 ·
2973 2844 3031 2891 et
3058 2833 3118 2890 in
3146 2830 3290 2899 Πούς
3318 2833 3478 2913 ερνό·

1949 2951 2093 3006 ματα
2120 2924 2249 3007 πρὸς
2294 2924 2539 3005 διάφορον
2576 2918 2964 2999 σημαινόμενον
3007 2919 3252 3002 διάφορον
3286 2920 3475 3001 ἔχοντα

1946 3012 2148 3074 καὶτὸν
2173 3012 2341 3072 τόνον.
2364 3016 2495 3070 Non
2526 3011 2663 3069 satis
2689 3021 2827 3087 apte
2857 3009 3252 3087 conglutinata
3288 3021 3435 3091 puto
3453 3055 3472 3084 ‚

1948 3122 2073 3181 quae
2091 3100 2398 3179 separatim
2426 3096 2873 3157 inveniebantur
2888 3094 3040 3155 binis
3057 3098 3113 3154 in
3134 3095 3307 3155 codd.
3332 3118 3467 3176 quo-

1946 3209 2076 3248 rum
2105 3189 2163 3246 iu
2192 3207 2336 3258 unc,
2367 3189 2396 3244 ὁ
2416 3184 2519 3264 γὰρ
2541 3182 2687 3251 τόνος
2717 3179 3016 3241 διαστέλλει
3039 3180 3100 3241 τὸ
3135 3182 3471 3262 σημαινόμε-

1944 3301 2062 3351 νον,
2087 3276 2148 3336 ἰη
2178 3277 2361 3335 altero
2387 3273 2592 3346 fuerit,
2615 3276 2644 3331 ὃ
2665 3295 2719 3352 γ.
2745 3294 2797 3331 τ.
2828 3272 2878 3330 δ.
2904 3268 3003 3343 τὴν
3028 3273 3122 3343 τῆς
3141 3269 3332 3351 τέχνης
3353 3273 3474 3331 στέ-
3566 3290 3573 3300 ·

1946 3389 2133 3447 ρησιν,
2163 3361 2254 3422 καὶ
2298 3361 2361 3421 τὸ
2391 3358 2632 3441 διάφορον
2673 3361 2765 3430 τῆς
2806 3356 3068 3440 χρήσεως.
3110 3362 3335 3419 Hxnsv.
3378 3366 3473 3433 τῆς

1942 3452 2134 3531 τέχνης
2156 3464 2214 3510 et
2239 3448 2378 3509 κατὰ
2399 3450 2651 3530 περισσοῦ
2675 3450 2740 3504 V.
2774 3449 3028 3526 περισσοῦ
3056 3444 3202 3512 ὄντος
3222 3451 3289 3505 R.
3309 3486 3372 3497 -
3403 3451 3471 3507 18

1943 3556 2079 3622 post
2103 3564 2144 3622 χ
2160 3542 2353 3620 pergit
2364 3545 2434 3599 R.
2458 3536 2622 3617 τέχνη
2642 3534 2744 3618 γὰρ
2763 3538 2793 3593 ὁ
2812 3533 2960 3601 δόλος
2976 3535 3102 3617 παρ’
3127 3535 3390 3603 Ἀττικοῖς.
3410 3538 3474 3597 τὸ

1941 3630 1999 3693 δὲ
2022 3630 2144 3691 ἄνευ
2169 3628 2321 3690 δόλου
2343 3623 2549 3699 ἀληθές.
2573 3662 2635 3676 --
2658 3644 2727 3681 21
2765 3645 2820 3681 τι
2841 3620 2877 3694 ἢ
2903 3620 2979 3699 μὴ
2997 3668 3015 3697 ,
3038 3624 3135 3683 οὐκ
3155 3620 3270 3687 ἔστι
3297 3624 3425 3683 Ald.

2027 3742 2090 3780 11
2111 3743 2130 3778 1
2158 3765 2175 3794 ,
2217 3722 2296 3795 39
2328 3715 2447 3775 ἀλλ’
2497 3713 2640 3782 ἅπαξ
2683 3712 2800 3771 ἀλλ’
2829 3711 3155 3789 ὃμουπάντες
3202 3718 3275 3772 R.
3308 3757 3366 3766 .-.
3397 3724 3471 3783 4ο

1939 3806 2082 3877 ἅπαξ
2104 3805 2406 3866 DobraeuS.
2432 3798 2805 3870 ἁπαξάπαντες
2826 3798 2954 3858 Ald.
2979 3797 3120 3867 ἅπαξ
3138 3798 3363 3864 ἅπαντες
3392 3803 3463 3857 R.

1937 3934 2001 3949 ...
2027 3905 2057 3965 4
2075 3916 2097 3952 1
2124 3892 2376 3953 τάττεται
2410 3890 2613 3948 melius
2643 3888 2929 3964 congruit.
2959 3883 3067 3946 Δύο
3095 3883 3231 3967 μέρη
3259 3890 3354 3945 τοῦ
3371 3885 3469 3944 λό-

1933 4007 2030 4063 γου
2058 3996 2119 4041 et
2156 3979 2244 4062 ὑφ’
2283 3977 2338 4038 ἓν
2379 3976 2661 4037 τάττεσθαι
2701 3973 3043 4053 plerumque
3081 3975 3469 4051 grammaticis

1936 4071 2102 4152 quasi
2131 4078 2544 4148 opponuntur3
2567 4064 2730 4123 velut
2751 4060 2910 4141 apud
2936 4062 3185 4139 Etymol.
3228 4063 3289 4120 in
3331 4062 3469 4140 Ἀμ-

1934 4156 2184 4236 6ωμοῖσι.
2231 4160 2548 4232 Propterea
2589 4150 2810 4229 duplex
2850 4148 3184 4209 observatio
3219 4171 3233 4206 ε
3280 4150 3469 4228 prima

1932 4247 2144 4305 veteris
2169 4242 2522 4321 grammatici
2545 4286 2562 4316 ‚
2590 4240 2694 4321 qui
2719 4240 2998 4319 separatis
3023 4237 3300 4297 orationis
3330 4259 3467 4319 par·-

1934 4334 2088 4394 tibus
2132 4330 2308 4391 scribi
2352 4330 2619 4406 volebat,
2669 4322 2812 4393 ἅπαξ
2859 4326 3091 4397 ἅπαντες
3112 4350 3126 4363 ·
3174 4346 3346 4403 quam
3405 4329 3464 4387 in

1930 4417 2250 4501 exemplari
2292 4439 2400 4479 suo
2443 4419 2624 4478 solam
2658 4413 2943 4475 invenisse
2978 4416 3217 4475 Suidam
3263 4427 3423 4493 patet
3446 4438 3462 4472 ε

1928 4513 2108 4571 altera
2131 4508 2365 4571 serioris
2382 4552 2399 4582 ,
2422 4505 2507 4589 ὕφ’
2536 4504 2591 4564 ἓν
2614 4508 2782 4564 ταῦτα
2807 4501 3070 4562 τάττεται.
3094 4508 3314 4565 Ηιιιετ.

2016 4621 2038 4657 1
2058 4621 2078 4656 1
2095 4600 2148 4671 5,
2176 4599 2250 4668 43
2279 4592 2593 4676 τυφλώσεως
2619 4598 2714 4667 V.,
2739 4613 2812 4651 ex
2836 4611 2955 4670 quo
2984 4600 3058 4662 44
3079 4590 3334 4650 additum
3356 4593 3459 4650 τῶν

310 4687 541 4770 ἔκρυψαν
569 4684 625 4744 δὲ
648 4684 752 4745 θεοὶ
771 4689 845 4742 V.
870 4712 935 4731 -
963 4683 1060 4739 32.
1086 4685 1231 4753 Quae
1266 4692 1401 4758 post
1429 4682 1663 4741 Hesiodi
1696 4704 1832 4743 ver-
1925 4686 2229 4770 ὀφθαλμῶν.
2261 4682 2349 4742 lb.
2383 4700 2514 4763 φασι
2539 4680 2671 4741 Ald.
2708 4699 2828 4738 om.
2864 4682 2938 4740 V.
2960 4722 3024 4737 ....
3049 4680 3122 4747 46
3158 4676 3354 4751 ταύτης
3400 4699 3461 4757 γε

309 4795 434 4833 sum
485 4784 809 4851 sequuntur
837 4815 855 4844 ,
905 4768 1058 4827 male
1103 4768 1311 4827 affecta
1357 4780 1527 4842 sunt,
1575 4778 1751 4849 atque
1802 4792 1837 4831 a
1925 4782 1995 4836 V.
2018 4773 2214 4834 παύσει
2241 4770 2368 4831 Ald.
2400 4769 2436 4841 ἥ
2465 4769 2513 4827 σ’
2547 4765 2661 4848 ἔχει
2693 4767 3107 4826 Valckenarius
3140 4765 3295 4846 apud
3328 4770 3458 4823 Do-

310 4867 507 4944 priore
543 4865 694 4923 forte
737 4861 1113 4921 annotatione
1160 4859 1385 4917 divulsa
1429 4876 1537 4936 per
1580 4877 1834 4921 errorem
1921 4863 2170 4923 braeum.

307 4954 420 5012 huc
445 4952 814 5010 transierunt.
837 4951 1059 5007 Hans-r.

2011 4970 2140 5029 119,
2169 4948 2241 5008 52
2269 4947 2525 5009 lemmati
2553 4943 2620 5003 τὰ
2641 4944 2835 5004 τούτων
2856 4942 3082 5004 addidit
3102 4944 3325 5002 Hemst.
3368 4936 3456 5003 Τὸ

391 5043 491 5118 93,
504 5042 581 5116 39
599 5037 706 5120 εὕρ·
736 5037 792 5097 δὲ
833 5034 922 5096 καὶ
953 5035 1083 5119 πρὸς
1113 5034 1396 5113 γεν.,πλήν
1431 5032 1666 5103 σπανίως
1685 5042 1830 5117 Reg.
1920 5036 2119 5099 τούτων
2145 5040 2249 5098 τῶν
2272 5038 2389 5095 ἀνθ.
2418 5033 2554 5094 libri
2578 5045 2788 5112 praeter
2806 5035 2874 5095 R.
2898 5064 2964 5082 -—
2988 5032 3061 5089 53
3089 5027 3337 5090 λανθάνει
3356 5031 3458 5087 αὖ·

389 5135 486 5203 94,
520 5134 594 5194 4ο
627 5146 713 5204 sq.
735 5128 1001 5207 συμφωνῶ
1030 5126 1216 5185 solum
1243 5124 1422 5185 habet
1444 5126 1681 5200 suidas,
1706 5129 1832 5188 reli·
1867 5158 1876 5165 -
1921 5129 2010 5189 τὸν
2056 5132 2123 5186 V.
2155 5158 2220 5177 ‹-
2265 5147 2288 5183 1
2350 5135 2487 5204 post
2530 5118 2757 5204 δευτέρῳ
2803 5118 2959 5179 addit
2995 5122 3069 5207 V.
3134 5115 3327 5184 ἄλλως.
3383 5113 3453 5173 τὰ

3247 5222 3327 5269 36.
