3859 5725
1432 189 2433 267 TflmMoPnomAzUsAnuu.

372 353 577 414 stertis,
598 340 711 418 legi
732 338 865 421 ἄρξη
884 336 986 419 γὰρ
1010 334 1196 402 αὐτοὺς
1218 335 1427 395 διποδία
1445 337 1619 403 καλῶς
1635 355 1707 394 ex
1725 335 1904 394 literis

374 427 616 488 Dobraei
642 428 911 506 cognovi.
946 432 1130 484 Dum.
1158 423 1403 485 Meinek.
1424 428 1584 484 Com.
1610 427 1657 495 1,
1680 444 1740 501 p.
1772 442 1902 498 109,

374 515 518 599 ἄρξει
541 515 643 599 γὰρ
672 515 825 583 αὐτὸς
862 514 1097 579 διποδίας
1134 516 1340 584 καλῶς,
1367 533 1438 572 ex
1471 512 1740 572 Runkelii
1770 531 1903 569 cor-

372 607 663 679 rectione,
710 604 923 662 addens
957 630 979 656 a
1004 607 1155 661 Ante
1203 603 1379 669 καλῶς
1417 601 1658 660 fortasse
1691 599 1904 660 excidit

378 695 564 765 καλῆς.
592 718 618 745 ι»

456 783 608 851 1246
649 788 781 841 Put.
808 803 821 838 ε
850 778 1166 860 δρχομένους
1201 775 1325 857 (sic)
1351 800 1366 835 τ
1396 776 1513 835 ἀντὶ
1546 772 1637 837 τοῦ
1674 801 1733 855 μ.
1762 779 1902 858 ὀρχ.,

371 888 500 946 quae
527 889 644 927 non
674 869 936 926 51101000
962 877 1263 944 ponuntur
1285 865 1439 923 infra
1463 866 1502 923 l.
1544 866 1598 925 3.

461 973 630 1035 1247,
659 965 733 1032 48
768 961 907 1022 Ἀντὶ
925 961 1064 1040 (τοῦ)
1089 959 1341 1043 ὅρμησον.
1364 959 1589 1041 ἄρχεται
1610 962 1677 1039 τῇ
1709 958 1814 1042 ἰδίᾳ
1853 959 1900 1018 δ.

366 1056 497 1110 Put.
537 1051 833 1109 Edebatur
857 1053 924 1131 τῇ
954 1049 1090 1110 Ἰάδι
1135 1053 1205 1122 δ.,
1252 1048 1408 1127 1111011
1454 1059 1610 1107 recte
1648 1048 1903 1106 correxit

370 1139 596 1197 Giesius
623 1144 713 1197 De
741 1140 986 1197 dialecto
1024 1138 1244 1196 AEolica
1293 1158 1350 1215 p.
1405 1137 1544 1214 316,
1591 1150 1781 1195 cetera
1819 1138 1901 1195 sic

368 1228 757 1285 constituens:
790 1224 1013 1308 ἄρχεταί
1044 1249 1124 1292 τις
1162 1233 1333 1308 φυσᾶν
1361 1223 1482 1292 τοὺς
1525 1223 1742 1292 αὐλούς·
1775 1228 1804 1282 ὁ
1846 1223 1901 1283 δὲ

367 1311 563 1375 Λάκων
586 1317 653 1394 τῇ
678 1313 786 1395 ἰδίᾳ
820 1316 868 1374 δ.
897 1312 1194 1396 φθέγγεται.
1223 1319 1489 1373 Fortasse
1516 1333 1589 1371 ex
1614 1315 1901 1392 superiori

367 1403 555 1480 glossa
583 1405 942 1481 irrepserunt
977 1401 1153 1461 verba
1180 1400 1299 1469 τοὺς
1342 1399 1528 1468 αὐλοὺς
1569 1409 1769 1481 φυσᾶν,
1806 1403 1897 1460 vel

366 1510 438 1548 ex
479 1493 889 1572 παρεπιγραφῇ,
933 1489 1055 1555 τοὺς
1095 1487 1283 1557 αόλοὺς
1326 1498 1467 1570 φυσᾷ
1509 1488 1902 1572 (πολυχαρίδας

364 1578 514 1654 ille).
537 1584 610 1637 K.
631 1602 687 1660 q>-
710 1578 830 1645 τοὺς
854 1580 1048 1638 αὗλ.-
1075 1589 1152 1656 49
1186 1584 1215 1639 ὃ
1252 1575 1308 1637 δὲ
1335 1584 1452 1645 νοῦς
1482 1598 1598 1637 om.
1623 1584 1752 1637 Put.
1781 1576 1901 1637 Λά-

364 1690 490 1726 κων.
527 1665 643 1726 ἀντὶ
681 1673 774 1726 τοῦ
817 1665 939 1747 ὅρμ.
971 1673 1040 1726 R.
1069 1699 1133 1711 —-
1163 1668 1238 1725 50
1259 1665 1356 1739 τὴν
1387 1664 1515 1740 σὴν,
1545 1667 1681 1745 quia
1717 1667 1901 1725 codex

362 1758 506 1813 Rav.
537 1767 597 1813 et
636 1755 734 1813 alii
762 1754 859 1815 τὰν
878 1753 1000 1814 τεὰν
1028 1755 1241 1815 habent
1259 1757 1318 1813 in
1353 1754 1546 1814 verbis
1570 1768 1781 1834 poetas.
1814 1755 1897 1813 Ad

372 1843 523 1911 1248
552 1846 673 1900 Put.
699 1841 1035 1922 μνημοσύνη.

454 1931 624 2002 1251,
653 1952 684 2004 7
721 1933 768 1988 οἳ
794 1935 1011 1994 om.,R.
1034 1935 1164 1988 Put.

449 2018 598 2076 1252
640 2020 721 2077 510
765 2023 913 2090 Put.,
961 2018 1184 2077 θείκελοι
1209 2042 1221 2076 :
1247 2016 1310 2077 τὸ
1350 2019 1552 2099 πλῆρες
1587 2016 1897 2096 θεοείκελοι,

362 2111 494 2172 θεοῖς
519 2106 629 2184 ὄμ.,
653 2105 967 2189 προέκρουον
993 2105 1078 2181 δὲ,
1101 2107 1497 2188 προεμάχοντο,
1522 2119 1697 2165 recte.

450 2219 471 2254 1
486 2198 599 2255 253
628 2202 758 2255 Put.
781 2195 956 2254 habet
991 2197 1199 2254 lemma
1220 2198 1392 2253 ποττὰ
1415 2194 1573 2254 κάλα.

446 2295 627 2367 1255,
678 2316 747 2353 12
784 2293 905 2368 τοὺς
935 2293 1170 2375 κάπρους
1208 2298 1337 2351 Put.
1380 2292 1616 2375 κάπρους
1654 2298 1730 2352 K.
1770 2295 1896 2354 sine

363 2383 524 2441 artic.
551 2380 690 2441 ὥσπ.
719 2405 770 2440 τ.
801 2404 855 2440 κ.
879 2395 939 2440 et
973 2383 1040 2439 13
1075 2378 1177 2462 γὰρ
1200 2400 1313 2439 om.
1342 2386 1417 2439 K.
1444 2379 1641 2438 Verba
1669 2380 1894 2440 συνεὸο-

359 2467 1016 2547 ήθουν-Λακεδαιμόνιοι
1046 2468 1218 2529 habet
1246 2474 1373 2528 Put.
1411 2469 1483 2527 ad
1528 2490 1585 2525 v.
1626 2478 1799 2545 1244,
1836 2485 1894 2529 et

356 2559 568 2618 iterum
595 2560 669 2617 ad
692 2580 747 2616 v,
780 2559 950 2618 1250.

440 2658 613 2728 1257,
646 2655 716 2714 15
749 2655 894 2736 Πρὸς
912 2653 1034 2723 τοὺς
1057 2661 1130 2715 K.
1149 2696 1224 2707 -
1249 2655 1319 2712 16
1351 2653 1544 2720 πολλὸς
1577 2659 1888 2715 Porsonus.

354 2744 517 2803 Libri
545 2743 724 2810 πολὺς.
748 2743 869 2825 περὶ
891 2743 952 2802 τὸ
974 2767 1055 2801 στ.
1082 2749 1235 2802 K.-
1262 2764 1326 2817 17
1359 2747 1549 2824 βορρᾶς
1572 2749 1699 2802 Put.
1734 2747 1892 2824 βορῆς

351 2836 515 2891 K.—
539 2834 607 2891 18
636 2831 793 2915 ἐρρύη
817 2830 956 2892 κατὰ
978 2835 1287 2891 Porsonus.
1310 2830 1469 2890 Libri
1497 2831 1886 2912 ἐρρυηκότα.-

1376 3057 2024 3113 —4—-0000

3393 219 3505 273 ⁵01

1985 335 2219 395 Scholia
2247 336 2432 414 1259-
2445 340 2593 411 1276
2615 351 2676 398 et
2704 341 2999 417 1297-131
3017 360 3040 397 1
3065 360 3139 399 ex
3157 342 3228 402 R.
3257 341 3511 420 primum

1983 423 2163 482 edidit
2188 426 2541 490 Dindorfius.

2072 513 2223 590 1259
2261 513 2679 597 ἐπὶ-κωμῳδεῖ
2702 522 2825 576 Put.
2859 517 3039 576 habet
3076 530 3211 597 post
3249 519 3513 577 scholion

1984 622 2259 680 sequens,
2297 606 2370 666 K.
2425 605 2485 664 in
2527 607 2638 665 fine
2690 607 3094 684 praecedentiS‚
3132 620 3267 686 post
3307 606 3520 685 στόμα,

1982 703 2230 769 uterque
2268 694 2499 753 omissis
2524 697 2595 760 ὡς
2628 696 2797 773 eveo„
2831 715 2960 773 quae
2991 695 3169 754 habet
3195 701 3329 754 Bar.

2070 787 2216 849 1274
2259 780 2436 839 habet
2472 784 2643 839 etiam
2687 787 2848 857 Bar.‚
2880 783 2982 860 qui
3025 804 3097 857 27
3145 785 3356 844 vitiose
3395 780 3517 851 τοὺς

1981 865 2321 948 νομοφύλους.

2071 958 2216 1014 1281
2236 1001 2252 1031 ,
2286 977 2361 1033 29
2391 961 2487 1016 τοῦ
2511 959 2590 1017 Μ.
2619 958 2690 1016 Κ.
2717 957 2952 1018 Μελίτου
2975 966 3039 1018 Β.
3060 963 3189 1019 Put.

2070 1046 2217 1103 1283
2248 1046 2310 1104 10
2334 1052 2461 1105 Put.
2492 1047 2701 1105 lemma
2728 1046 2987 1106 Μαινάσι.
3024 1052 3171 1107 Cum
3197 1048 3399 1108 eodem
3423 1049 3517 1108 di-

1982 1133 2158 1191 stinxi
2184 1131 2399 1212 βλέπει,
2424 1135 2582 1213 1111011
2612 1133 2686 1193 ad
2715 1135 2918 1194 δαίεται
2941 1136 3134 1195 refert.

2069 1224 2218 1280 1286
2241 1221 2419 1305 Ἥραν
2454 1223 2552 1296 τὴν
2581 1223 2854 1305 Ἀριάδνην
2883 1238 3157 1285 enotatur
3188 1246 3263 1285 ex
3301 1232 3371 1286 R.
3408 1231 3517 1284 Ve-

1983 1328 2110 1368 rum
2138 1311 2390 1388 praebuit
2418 1317 2545 1370 Put.

2068 1401 2214 1474 1287
2245 1390 2384 1461 Εἶτα
2406 1400 2462 1460 δὲ
2484 1398 2601 1467 τοὺς
2624 1401 2813 1470 ἄλλους
2839 1407 2887 1462 θ.
2914 1427 2965 1462 κ.
2990 1407 3140 1477 Pnt.,
3162 1403 3265 1480 qui
3293 1405 3364 1476 37
3396 1422 3512 1460 om.

1979 1511 2090 1558 της.

2070 1598 2220 1654 1299
2243 1583 2373 1636 Put.
2395 1590 2550 1636 recte
2577 1559 2826 1637 κλείουσα
2847 1578 2939 1637 καὶ
2964 1582 3218 1657 ὑμνοῦσα.
3241 1576 3377 1638 θεόν.

2068 1667 2341 1738 1300,142
2370 1687 2454 1744 511.
2482 1664 2921 1738 οὕτω-’Λθήνην
2942 1687 3056 1726 010.
3082 1673 3213 1729 Put.

2068 1755 2216 1813 1308
2248 1749 2335 1820 ὧς.
2369 1753 2473 1811 εἴτε
2495 1759 2622 1812 Put.
2646 1754 2975 1832 distinguit.

2067 1844 2238 1916 1313,
2284 1864 2308 1899 1
2348 1840 2584 1922 Ὥσπερ.
2603 1847 2912 1924 -βακχῶν
2939 1863 3055 1904 om.
3087 1848 3164 1902 K.

2066 1931 2236 2002 1316,
2263 1940 2295 2000 4
2330 1953 2472 1989 ποικ.
2510 1951 2622 1988 om.
2668 1936 2741 1989 K.
2784 1929 3219 2014 παραπλέκεται,
3253 1930 3519 1990 ποικίλλε-

1977 2041 2083 2076 ται.
2110 2018 2435 2078 σκεπάσελτε
2465 2019 2585 2097 (510)
2622 2022 2689 2100 τῇ
2719 2017 2857 2097 άμπ.
2901 2026 3029 2079 Put.
3048 2051 3128 2064 --
3156 2020 3189 2077 5
3213 2018 3247 2089 ἢ
3274 2020 3389 2078 ἀντὶ
3423 2026 3516 2079 τοῦ

1983 2105 2272 2174 σκεπάζετε
2314 2108 2387 2166 Κ.
2435 2105 2699 2166 σκέπασον
2742 2113 2854 2184 Κ,
2883 2107 2954 2166 110
2982 2127 3100 2186 quo
3145 2107 3514 2167 Dindorfius:

1977 2220 2002 2248 α
2031 2197 2198 2274 Legit
2239 2196 2546 2254 scholiasta
2597 2192 3038 2278 παραμπύκιδδε,
3085 2207 3144 2253 et
3185 2208 3339 2253 recte
3380 2197 3518 2273 qui-

1977 2281 2130 2341 dem.
2167 2309 2192 2336 1>
2239 2289 2454 2343 Iterum
2499 2285 2890 2363 inspiciendus
2934 2289 3108 2356 Rev„
3155 2304 3337 2362 quum
3387 2289 3512 2343 Put.

1976 2370 2274 2431 σκεπάσατε
2302 2385 2600 2431 monstret.

2062 2471 2209 2541 1317
2240 2469 2302 2526 10
2341 2475 2473 2528 Put.
2495 2455 2606 2551 ῖρζ
2641 2468 2833 2541 πάδδη.
2864 2460 2971 2528 οἷον
3008 2468 3172 2541 πήδα.
3201 2473 3276 2527 R.
3318 2470 3513 2541 πηδᾶν.

2060 2559 2209 2616 1318
2240 2563 2371 2616 Put.
2404 2555 2608 2639 ὥσπερ,
2633 2558 2754 2617 sine
2787 2557 2990 2639 ἔλαφος.

2059 2650 2211 2726 1319
2253 2648 2393 2709 'av-ct
2422 2655 2514 2710 τοῦ
2548 2671 2665 2709 010.
2701 2656 2772 2711 R.
2812 2657 2938 2710 Put.
2974 2653 3075 2728 510,
3097 2639 3189 2733 ’ἷᾷ
3219 2653 3346 2734 πόῃ.
3386 2676 3514 2712 ποι-

1971 2745 2075 2796 εῖτε
2107 2736 2291 2814 κρότον
2319 2736 2408 2796 τὸν
2432 2740 2732 2820 ὠφελοῦντα
2756 2739 2844 2798 τὸν
2869 2762 2928 2818 χ.

2061 2827 2211 2886 1320
2238 2825 2352 2886 θεὸν
2382 2832 2510 2887 Put.
2545 2832 2621 2889 Et
2644 2828 2716 2887 ad
2741 2848 2792 2887 v.
2825 2831 2969 2887 1321
3001 2826 3316 2906 πολεμικήν.

2422 3095 2504 3105 —0

1281 3257 1359 3340 Τ
1364 3258 2097 3352 HESMOPHOR
2112 3266 2588 3355 IAZUSAE.

429 3504 565 3560 Haec
591 3500 812 3559 scholia
835 3521 908 3560 ex
940 3508 1011 3561 R.
1059 3505 1314 3582 primum
1344 3508 1529 3567 edidit
1562 3507 1880 3578 Bekkerus,

348 3587 559 3646 deinde
589 3588 757 3667 longe
781 3593 1103 3651 accuratius
1126 3614 1366 3655 excusso
1400 3596 1599 3654 0011100
1626 3595 1889 3653 Dindor—

346 3676 476 3733 fius.
522 3679 810 3735 Puteanus
856 3678 1235 3741 Frobenianae
1273 3685 1546 3742 editionis
1592 3682 1888 3761 exemplo,

349 3761 509 3839 quod
550 3762 611 3818 iu
653 3762 1008 3825 bibliotheca
1039 3771 1222 3847 Regia
1249 3774 1467 3831 servari
1495 3770 1642 3842 dixi,
1670 3770 1891 3829 scholia

347 3848 612 3926 quaedam
642 3851 951 3931 adscripsit
977 3857 1208 3917 aliunde
1237 3860 1411 3919 ducta
1452 3872 1510 3919 et
1547 3859 1886 3917 recentiora.

437 3957 487 4009 1,
519 3937 553 3994 5
590 3935 882 4020 ἐπέγραψεν
915 3942 1269 4004 Dindorlius.
1314 3949 1511 4006 Codex
1552 3948 1829 4026 ἀπεγρ.-
1852 3949 1888 4001 6

346 4023 569 4106 Χοιρίνη
601 4028 671 4083 R.
702 4039 759 4083 et
804 4028 1010 4094 Suidas
1042 4052 1086 4089 s.
1122 4033 1438 4115 Εὐριπίδης,
1484 4035 1649 4111 cujus
1699 4047 1885 4093 tamen

345 4113 533 4171 codex
578 4114 965 4174 Bruxeliensis
999 4119 1311 4200 Χοιρίλλην,
1358 4148 1384 4175 α
1412 4134 1477 4180 ut
1502 4125 1636 4180 Vita
1678 4125 1881 4200 Eurip.

344 4201 406 4259 in
430 4200 631 4259 codice
672 4203 990 4261 Havniensi
1033 4207 1194 4284 regio
1234 4208 1407 4283 3549.
1453 4209 1699 4267 Restitui
1745 4211 1888 4268 scri-

344 4299 578 4365 pturam
607 4288 667 4345 in
696 4308 810 4365 qua
846 4294 1214 4351 consentiunt
1240 4294 1377 4352 vitae
1419 4294 1715 4371 Euripidis
1746 4297 1888 4354 scri-

344 4389 562 4454 ptores.
588 4402 613 4429 »
643 4381 984 4450 Dindotfius.
1005 4383 1268 4441 Alterum
1300 4403 1515 4441 nomen
1539 4384 1886 4444 Fritzschius

348 4465 500 4523 tueri
536 4478 786 4524 conatur
829 4486 1001 4526 versu
1045 4470 1277 4546 289.-
1301 4491 1339 4547 9
1366 4469 1645 4539 ἀλλύοντος
1681 4471 1884 4531 codex.

426 4573 460 4610 2
489 4555 776 4631 excerpsit
807 4555 1014 4613 Suidas
1057 4557 1168 4615 sub
1201 4556 1393 4633 Ἀλοῶ,
1441 4558 1631 4617 verbis
1675 4559 1883 4618 leviter

344 4642 599 4700 mutatis.
646 4647 988 4720 Suspectum
1018 4656 1105 4701 est
1142 4643 1373 4713 Ἔξωθεν
1393 4691 1409 4720 ,
1442 4648 1601 4724 quod
1641 4667 1713 4705 ex
1741 4648 1888 4705 lem-

347 4742 501 4788 mate
541 4732 712 4789 ἀλοῶν
758 4729 1027 4811 ἅνθρωπος
1054 4730 1108 4800 ἐξ
1140 4734 1354 4792 ἑωθινοῦ
1398 4748 1590 4792 ortum
1633 4735 1880 4793 videtur.

347 4818 562 4876 Eadem
603 4819 721 4877 fere
763 4819 1099 4878 Schneideri
1133 4822 1417 4880 sententia
1448 4835 1535 4880 est
1561 4828 1647 4881 De
1686 4823 1883 4882 scholl.

2057 3501 2114 3569 5,
2152 3521 2216 3575 17
2246 3497 2281 3570 ἢ
2311 3501 2388 3559 δεῖ
2414 3500 2768 3559 Dindorlius.
2803 3499 3004 3561 Codex
3032 3501 3294 3563 obscuris
3317 3506 3513 3565 litera-

1970 3608 2099 3646 rum
2132 3587 2406 3647 ductibus
2427 3590 2531 3661 ηδη
2553 3590 2646 3647 vel
2673 3587 2789 3660 ηδυ.

2056 3698 2147 3751 11,
2202 3680 2271 3736 18
2314 3675 2482 3755 λόγων
2531 3681 2731 3754 μνῆσαι
2775 3676 2980 3736 codex.
3024 3679 3230 3737 Delevi
3276 3683 3510 3757 μνῆσαι,

1970 3766 2129 3844 1111011
2175 3786 2250 3824 ex
2298 3766 2373 3843 gl.
2403 3787 2458 3825 v.
2510 3767 2585 3822 25
2632 3766 2880 3843 irrepsit.
2928 3764 3107 3847 Χωρὶς
3148 3768 3377 3826 initium
3425 3784 3512 3829 est

1969 3856 2252 3914 lemmatis
2275 3853 2437 3936 χωρὶς
2466 3851 2570 3935 γὰρ
2610 3856 2805 3913 αὐτοῖν.
2837 3859 2986 3913 Nam
3018 3855 3090 3912 ad
3119 3858 3296 3914 αὐτοῖν
3327 3859 3509 3916 refer-

1971 3958 2065 4001 tur
2091 3938 2405 4021 explicatio
2431 3949 2522 4002 τοῦ
2543 3941 2748 4001 ἀκούειν
2774 3942 2864 4002 καὶ
2895 3946 3039 4024 δρᾶν.
3060 3948 3243 4003 Dum.

2054 4032 2122 4088 18
2151 4030 2322 4088 λείπει
2348 4032 2437 4095 ὡς.
2486 4034 2670 4088 Error
2714 4032 3071 4107 grammatici
3104 4032 3314 4089 vitiosa
3358 4035 3506 4091 scri·-

1968 4131 2139 4197 ptura
2168 4117 2330 4190 οἷκοὴν
2356 4116 2412 4175 δὲ
2435 4117 2630 4197 χοάνης
2655 4117 2898 4194 decepti.
2920 4123 3098 4176 Dum.
3119 4120 3507 4195 Intelligerem

1921 4187 1933 4279 1
1967 4208 2015 4264 si
2041 4207 2345 4265 scholiasta
2382 4206 2443 4264 in
2470 4207 2670 4264 codice
2709 4226 2816 4265 suo
2863 4208 3181 4265 invenisset
3215 4207 3505 4266 editorum

1966 4294 2187 4371 aliquot
2208 4294 2554 4371 scripturam
2585 4296 2745 4366 ἀκοῆς
2767 4292 2822 4353 δὲ
2844 4292 3061 4372 χοάνην.

2049 4406 2117 4443 21
2154 4390 2281 4443 Put.
2321 4384 2414 4461 (ad
2449 4374 2581 4461 οἷον)
2620 4382 2710 4442 ἐπὶ
2742 4386 3075 4460 θαυμασμοῦ.
3106 4382 3332 4441 Deinde
3359 4403 3372 4437 :
3399 4380 3508 4441 ἔδει

1966 4474 2159 4546 εἰπεῖν,
2188 4462 2295 4530 οἷον
2319 4470 2380 4530 τὸ
2405 4479 2581 4550 σοφοῖς
2614 4469 2832 4549 ἀνδράσι
2873 4472 3172 4549 συνομιλεῖν
3209 4467 3328 4527 τινὰ
3343 4514 3360 4542 ,
3389 4460 3504 4528 εἶτα

1965 4557 2315 4637 ἀναμνησθεὶς
2353 4563 2575 4630 ποιητοῦ
2601 4556 2769 4631 τινὸς,
2795 4546 2911 4615 εἶπε
2937 4560 3040 4615 ποῦ
3079 4558 3220 4615 ἐστιν
3261 4561 3416 4615 τοῦτο
3442 4556 3510 4618 τὸ,

1965 4648 2019 4705 αἱ
2045 4645 2201 4726 σοφαὶ
2250 4645 2714 4717 ξυνουσίαι.-27
2754 4642 2816 4702 τὸ
2857 4665 2928 4704 ex
2962 4644 3234 4703 inferiore
3282 4645 3508 4703 scholio

1965 4735 2189 4793 addidit
2212 4736 2603 4792 Bekkerus.—
2624 4735 2655 4790 3
2670 4753 2690 4789 1
2719 4733 2829 4791 hoc
2851 4732 3062 4791 lemma
3086 4745 3219 4809 post
3242 4732 3503 4791 scholion

1965 4844 2022 4880 v.
2052 4832 2122 4891 41
2157 4823 2362 4899 legitur
2389 4823 2448 4880 in
2475 4820 2694 4878 codice.
2712 4853 2790 4866 —
2807 4821 2881 4878 35
2907 4820 3049 4879 alios
3075 4832 3246 4878 testes
3274 4820 3503 4898 collegit

347 4909 446 4963 As.
473 4926 532 4984 p.
577 4928 631 4979 7.
663 4912 922 4965 Ι)11111.-
963 4909 1033 4965 13
1059 4905 1273 4968 τύπτειν
1321 4910 1411 4969 καὶ
1440 4912 1524 4970 ἀλ.
1558 4912 1761 4969 codex.
1791 4911 1883 4970 καὶ
1965 4912 2320 4970 Fritzschius
2349 4932 2407 4988 p.
2442 4910 2477 4967 8
2501 4929 2584 4986 sq.
2606 4906 2816 4979 -38ἢ
2846 4907 3339 4986 transponendum
3367 4920 3501 4965 ante

340 4993 562 5055 delevit
590 4996 763 5059 etiam
791 4993 1128 5057 Schneider.

1968 4996 2149 5081 ὥσπερ
2177 5018 2307 5057 cum
2335 4996 2687 5058 Schneidero
2718 5017 2774 5074 p.
2796 4996 2936 5055 4.-
2962 5000 3035 5073 39
3063 4992 3375 5072 σύμπτωσις
3405 4998 3502 5054 vel
