3859 5725
1420 275 1804 339 SCHOLIA
1855 278 1950 340 IN
1999 280 2380 347 PLUTUM.

3405 309 3519 363 3⁴9

299 398 437 480 [δέον
464 402 630 460 εἰπεῖν
656 400 737 460 ὅτι
763 402 822 461 οὗ
846 400 1149 484 τιτρώσκει,
1169 406 1239 472 ὣς
1265 405 1478 465 ἐπὶτῶν
1506 407 1668 467 ὄντων
1693 411 1747 468 ἐν
1772 429 1871 467 πο-
1960 411 2180 491 εἰρηκώς
2216 415 2384 495 φησι,’
2400 414 2689 498 δράσαιμεν
2712 420 2875 481 κακὸν
2908 422 3027 483 ἀντὶ
3057 425 3237 488 καλόν.
3262 423 3297 498 ἢ
3333 429 3449 502 εἰκῇ
3486 435 3520 503 ἡ

301 489 448 572 λέμῳ
478 481 620 549 εἶπεν
648 493 744 549 οὐκ
771 490 1014 573 ἐνέχυρον
1037 492 1286 574 τίθησιν.]
1327 493 1571 576 [εἰκότως
1605 496 1660 556 δὲ
1694 497 1871 569 τίθησι
1960 497 2272 580 ἀπόκρισις.)
2301 539 2372 550 --
2408 506 2781 585 ἐπιλαθοίμεθα
2813 530 2828 570 :
2861 511 3041 572 Κακὸν
3073 513 3316 593 μέγιστον
3354 519 3520 599 ἔργα..

299 580 392 640 καὶ
427 582 487 639 οὗ
516 579 742 652 τέθεικε,
763 579 963 647 δεικνὺς
991 579 1054 639 τὸ
1083 581 1167 640 ἀεὶ
1194 580 1331 641 οὕτω
1351 589 1522 643 ταῦτα
1553 582 1788 664 γίνεσθαι
1815 588 1868 644 ἐν

296 679 405 737 τοῖς
426 669 665 741 πένησιν·
695 669 777 727 ἀεὶ
797 668 899 751 γὰρ
929 675 1238 752 ἀποροῦντες
1261 670 1479 753 ἐνέχυρα
1506 672 1869 754 moinum]—

242 771 271 809 5
298 757 536 840 ἐνέχυρον
569 780 583 818 :
613 758 907 835 Σημάδιον.
932 770 1032 819 Dv.

373 866 472 907 453.
515 848 763 927 τροπαῖον
793 867 807 907 :
841 850 913 906 Οἱ
930 846 1149 907 παλαιοὶ
1172 848 1396 909 Ἀττικοὶ
1418 853 1865 931 προπερισπῶσιν,

295 938 346 995 οἱ
375 935 431 995 δὲ
466 936 709 1016 νεώτεροι
743 935 1240 1019 προπαροξύνουσιν,
1269 936 1367 1018 [ὡς
1391 936 1540 1019 παρὰ
1569 935 1762 1020 τουπρῒ
1787 941 1863 1020 τῷ

290 1030 488 1106 ποιητῇ
518 1027 572 1083 ἐν
601 1022 1155 1107 Θεσμοφοριαζούσαις
1181 1026 1304 1104 [690]

419 1181 632 1239 γυναῖκες
654 1177 742 1225 οὐκ
764 1174 957 1239 ἅρήξετ’;
977 1175 1033 1225 οὗ
1049 1174 1224 1234 πολλὴν
1245 1175 1360 1239 βοὴν

215 1254 265 1296 10
416 1249 645 1307 στήσεσθε
658 1249 738 1297 καὶ
751 1252 992 1311 τροπαῖονς
1344 1257 1359 1263 ·

286 1374 384 1436 καὶ
409 1366 560 1453 οἶμαι
582 1373 700 1432 κατ’
729 1371 1012 1452 ἀναλογίαν
1040 1376 1193 1431 τοῦτο
1222 1372 1422 1450 μᾶλλον
1444 1369 1594 1453 παρὰ
1620 1369 1795 1452 σφίσιν
1822 1369 1858 1443 ἢ

284 1470 445 1524 τοῦτο
470 1461 846 1544 προφέρεσθαι,
873 1464 945 1528 ὡς
972 1459 1078 1519 ἀπὸ
1105 1465 1195 1519 τοῦ
1221 1458 1373 1542 τρίτη
1399 1459 1462 1519 τὸ
1486 1460 1735 1541 τριταῖον,
1767 1460 1858 1518 καὶ

287 1552 398 1613 ἀπὸ
422 1558 514 1613 τοῦ
539 1550 670 1632 οὐρὰ
696 1550 757 1609 τὸ
785 1553 1012 1630 οὐραῖον.
1054 1546 1167 1608 ἔστι
1195 1546 1251 1607 δὲ
1293 1545 1563 1629 τρόπαιον,
1598 1546 1629 1607 ὃ
1657 1551 1712 1608 ἐν
1744 1550 1859 1616 ταῖς

286 1642 457 1710 νίκαις
483 1645 532 1701 οἱ
560 1638 779 1700 παλαιοὶ
803 1637 1033 1717 ἐποίουν,
1058 1638 1235 1718 τοῖχον
1260 1635 1294 1708 ἢ
1317 1635 1459 1695 λίθον
1483 1635 1651 1715 μέγαν
1678 1637 1857 1695 ἱστάν-

208 1751 257 1791 15
285 1756 398 1805 τες,
427 1731 520 1790 καὶ
553 1728 837 1810 γράφοντες
864 1730 918 1786 ἐν
944 1726 1114 1807 τούτῳ
1130 1770 1146 1798 ,
1178 1725 1212 1784 ἃ
1240 1723 1379 1784 κατὰ
1413 1728 1518 1783 τῶν
1553 1723 1855 1785 ἀντιπάλων

282 1819 414 1902 ἔργα
453 1817 785 1898 δεδράκασιν·
815 1816 1054 1875 ἐκαλεῖτο
1096 1812 1152 1872 δὲ
1191 1811 1441 1894 τρόπαιον
1473 1810 1560 1872 διὰ
1585 1812 1646 1871 τὸ
1675 1812 1761 1872 ἐπὶ
1787 1818 1854 1893 τῇ

281 1913 456 1991 τροπῇ
485 1899 590 1966 τ’ῶν
620 1909 818 1986 ἐχθρῶν
841 1900 1203 1982 γεγενῆσθαι]
1233 1934 1302 1941 -
1329 1899 1577 1981 τρόπαιον
1606 1921 1620 1962 :
1662 1901 1850 1974 Νίκην.

280 2013 381 2060 Do.
411 1995 769 2066 ἀναστήσαιτο
793 2015 807 2054 :
833 1993 1059 2073 Ἐγερεῖ.
1087 1993 1150 2040 Ρ·
1177 1994 1282 2049 τῶν
1298 1992 1461 2062 αὐτῇς
1472 1989 1679 2071 τρόπων
1698 2010 1713 2052 :
1729 1993 1854 2051 Τῶν

279 2091 465 2148 κακῶν
500 2089 647 2157 ἐθῶν,
679 2083 713 2142 ἃ
749 2087 821 2151 εἰς
848 2081 969 2150 τοὺς
1001 2078 1217 2160 ἔχοντας
1254 2077 1419 2151 αὐτὴν
1454 2077 1751 2160 ἐργάζεται.
1791 2090 1850 2138 θ.

197 2195 252 2234 ²0
281 2192 503 2243 Dorvill.

356 2283 458 2324 454.
498 2262 559 2323 τὸ
583 2260 743 2342 τυχὸν
765 2260 1097 2342 φθέγγεσθαι.
1123 2256 1440 2337 καθάρματα
1461 2255 1516 2315 δὲ
1534 2254 1720 2324 αὐτούς
1745 2280 1852 2338 φη-

275 2375 361 2412 σιν
387 2353 506 2413 ἀντὶ
527 2358 619 2412 τοῦ
644 2348 1056 2414 εὐτελεστάτους.
1081 2345 1168 2405 ἐπὶ
1197 2342 1485 2425 αὐτοφώρῳ
1503 2342 1577 2418 δὲ,
1593 2344 1680 2405 ἐπὶ
1693 2368 1847 2426 φανε·

273 2450 385 2523 ροῖς
409 2440 642 2522 ἐλέγχοις
665 2434 1045 2516 συνειλημένοι.
1068 2447 1132 2494 V.
1159 2423 1232 2516 [ὦ
1256 2433 1564 2514 καθάρματε
1590 2454 1605 2494 :
1639 2434 1852 2514 Καθάρ·

274 2554 427 2608 ματα
470 2530 708 2609 ἐλέγοντο
745 2531 794 2587 οἱ
837 2526 925 2586 ἐπὶ
952 2523 1206 2605 καθάρσει
1246 2523 1431 2600 λοιμοῦ
1471 2544 1608 2589 τινος
1642 2522 1676 2594 ἤ
1716 2546 1851 2589 τινος

191 2639 245 2680 45
272 2619 460 2701 ἑτέρας
492 2617 646 2678 νόσου
688 2615 928 2692 θυόμενοι
953 2621 1062 2679 τοῖς
1091 2615 1239 2678 θεοῖς.
1267 2605 1413 2669 τουτὶ
1442 2608 1497 2669 δὲ
1533 2608 1594 2668 τὸ
1622 2608 1734 2678 ἔθος
1758 2609 1850 2669 καὶ

269 2706 429 2789 παρὰ
458 2704 747 2785 Ῥωμαίοις
782 2701 1128 2783 ἐπεκράτησε·
1160 2697 1370 2774 λέγεται
1414 2696 1468 2757 δὲ
1501 2697 1594 2757 καὶ
1623 2703 1849 2781 καθαρι-

269 2795 464 2877 σμός]
490 2836 565 2850 ..-
589 2793 794 2877 γρύζειν
825 2812 841 2852 t
880 2793 1073 2857 Ποσῶς
1104 2787 1434 2871 φθέγγεσθαι.
1471 2785 1790 2869 καθάρματα
1830 2807 1846 2848 :

270 2886 646 2964 Βδελύγματα.
671 2897 768 2943 Dv.
803 2893 866 2940 P.

348 2995 454 3036 455.
492 2977 578 3033 ἐπ’
602 2970 888 3055 αὐτοφώρῳ
912 2966 1215 3046 εἰλημμένω
1241 2986 1256 3027 :
1290 2967 1571 3045 Φανερῶς,
1596 2966 1680 3024 ἐπ’
1704 2968 1848 3049 αὐτῷ

183 3084 240 3125 ⁸⁰
264 3066 344 3146 τῷ
365 3064 527 3145 ἔργῳ·
549 3060 739 3144 κυρίως
761 3060 816 3119 δὲ
836 3057 1044 3118 ἐπὶτῶν
1063 3057 1303 3115 κλεπτῶν
1322 3052 1709 3134 τοῦτολέγεται·
1733 3054 1846 3137 φὼρ

262 3150 373 3233 γὰρ
422 3155 451 3209 δ
481 3149 729 3222 κλέπτης.
759 3150 833 3209 Θ.
866 3149 1098 3228 φανερῶς
1122 3146 1205 3202 ἐπ’
1233 3145 1368 3225 αὐτῇ
1392 3148 1457 3225 τῇ
1486 3144 1678 3227 κλεψία
1708 3168 1844 3225 κρα-

259 3239 532 3313 τηθέντες.
566 3250 666 3298 Dv.
693 3236 775 3296 ἐπ’
794 3232 1081 3315 αὐτοφώρῳ
1103 3252 1121 3292 t
1147 3231 1270 3293 Ἐπ’
1294 3234 1437 3313 αὐτῷ
1457 3236 1534 3314 τῷ
1551 3233 1841 3311 κλέμματι.

261 3326 581 3406 εἰλημμένω
606 3345 621 3386 :
656 3320 1070 3405 Κεκρατημένω.
1100 3332 1164 3379 Ρ.
1191 3320 1548 3403 κρατηθέντες.
1574 3323 1645 3382 Θ.

342 3435 447 3477 450.
493 3414 575 3497 [τί
595 3414 822 3500 λοιδορεῖ
847 3431 861 3471 :
888 3410 969 3472 Τὸ
984 3410 1319 3490 λοιδοροῦμαι
1342 3413 1644 3481 παθητικῶς
1665 3411 1845 3490 δοτικῇ

179 3526 234 3564 35
262 3504 625 3564 συντάσσεται
636 3548 651 3575 ,
668 3501 1009 3581 ἐνεργητικῶς
1023 3497 1078 3557 δὲ
1093 3500 1380 3578 αἰτιατικῇ·
1395 3497 1426 3558 ὃ
1439 3497 1531 3556 καὶ
1546 3497 1847 3575 ἀγνοοῦντές

256 3618 404 3662 τινες
416 3593 668 3672 λοιδορεῖς
691 3592 918 3649 ἐνταῦθα
937 3586 1216 3667 γράφουσι,
1230 3586 1291 3646 τὸ
1309 3591 1438 3665 ἡμῖν
1461 3586 1593 3668 πρὸς
1612 3586 1673 3646 τὸ
1688 3610 1848 3669 προσ-

257 3684 497 3741 ελθοῦσα
527 3675 924 3757 συνάπτοντες]
944 3705 1013 3716 -
1039 3674 1248 3735 κάκιστ’
1287 3673 1621 3754 ἀπολουμένη
1655 3694 1669 3735 :
1697 3675 1847 3737 Μέλ-

255 3772 437 3830 λουσα
466 3765 732 3834 κακίστως
766 3768 1134 3847 ἀφανισθῆναι.
1173 3775 1237 3822 Ρ.
1267 3764 1481 3846 λοιδορῇ
1514 3781 1529 3823 :
1565 3761 1844 3845 ’Υόρίζειᾳ

256 3865 497 3918 ΒΟΓυίἱὶ.

172 3968 227 4009 4ο
338 3968 447 4009 457.
493 3944 601 4004 οὐδ’
631 3947 798 4003 ὁτιοῦν
830 3962 846 4003 t
875 3940 1142 4008 Οὖδόλως.
1168 3953 1231 4000 Ρ.

336 4056 444 4096 458.
491 4022 534 4092 ‹3'›
558 4051 573 4091 :
598 4029 823 4112 Ἄνδρες.
848 4042 942 4089 Dv.

337 4143 448 4185 4⁵⁹.
491 4118 802 4197 πειρωμένω
841 4137 856 4178 :
890 4116 1209 4194 Βουλόμενοι
1234 4115 1403 4175 ποιεῖν
1428 4114 1745 4199 ἀναὸλέψαι.
1776 4127 1839 4175 Ρ.

335 4231 445 4271 4ου.
490 4207 646 4268 τοῦτό
681 4229 741 4266 σε
770 4228 785 4266 ;
811 4203 970 4265 Κατὰ
995 4203 1150 4264 τοῦτό
1175 4226 1253 4264 σε.
1279 4215 1342 4263 Ρ.

335 4320 445 4361 451.
491 4295 829 4379 ἐκπορίζομεν
869 4315 883 4355 :
926 4291 1352 4375 Ἐξευρίσκομεν,
1395 4292 1619 4374 περισσὴ
1656 4292 1756 4375 (δὲ)
1805 4298 1841 4366 ἡ

162 4408 217 4445 45
245 4387 528 4470 πρόθεσις.
560 4396 620 4443 R.
642 4394 705 4440 V.
731 4379 1054 4462 παρέχομεν.
1094 4392 1150 4439 Ρ.

334 4494 446 4536 462.
489 4471 524 4532 ὅ
544 4496 596 4531 τι
623 4493 639 4533 t
665 4470 879 4551 Ἀγαθὸν
902 4468 1179 4550 ἐξεύροιμι.
1205 4472 1268 4520 P·

334 4581 448 4624 ⁴⁶⁴.
492 4557 800 4626 ἐκὸαλόντες
838 4577 854 4618 :
892 4555 1315 4626 Ἀποδιώξαντες.
1343 4570 1441 4618 Do.
1485 4556 1836 4627 ἐκδιώξαντες.

246 4656 448 4706 Paris.

332 4755 446 4797 465.
486 4735 651 4795 κακὸν
676 4755 691 4796 :
715 4731 896 4796 Ἄλλο.
929 4746 992 4794 Ρ.

158 4852 214 4890 ω
332 4844 445 4887 466.
487 4828 548 4886 ἐκ
575 4832 747 4886 κοινοῦ
777 4824 941 4885 κακὸν
966 4823 1231 4903 μέγιστον.
1262 4835 1317 4884 Β.
1349 4825 1475 4906 δρᾷν
1514 4823 1789 4900 μέλλοντες
1820 4847 1835 4885 z

246 4914 430 4995 (Ἀντὶ
471 4920 564 4974 τοῦ
584 4914 620 4994 ,)
658 4917 703 4973 εἷ
733 4912 1013 4991 μέλλοντες
1056 4913 1299 4973 ἐκὸαλεῖν
1342 4935 1402 4972 σε
1440 4912 1834 4989 ἐπιλαθοίμεθα.

244 5002 402 5082 μέγα
432 5001 595 5062 κακὸν
618 5001 918 5083 πράττομεν
943 5000 1088 5073 τότε,
1109 5003 1173 5080 (εἰ
1194 5004 1348 5060 τοῦτο
1377 5001 1503 5083 δρᾶν
1533 4998 1836 5077 μέλλοντες,

1958 585 2168 665 σόμενοι
2188 591 2294 651 ἀπὸ
2317 599 2508 655 κοινοῦ.
2535 606 2597 653 Ρ.
2812 635 2815 639 ι

2035 695 2132 735 467.
2177 678 2298 758 περὶ
2315 679 2498 740 τούτου
2514 702 2529 742 2
2546 685 2656 743 Τοῦ
2670 684 2911 745 ἐκὸαλεῖν
2924 711 3011 766 με.
3028 700 3224 772 σφωῖνε
3248 692 3427 771 Ὑμῖν.
3451 707 3515 754 Ρ.

1957 766 2121 843 σφῶῖν
2155 785 2170 825 2
2198 765 2376 845 Ὑμῖν·
2403 770 2682 842 συνίζησις.
2713 785 2812 835 Dv.
2852 775 3030 836 δοῦναι
3065 778 3217 859 λόγον
3257 801 3272 841 :
3313 778 3392 843 Ἤ
3403 807 3515 863 γουν
3545 800 3572 839 5

1956 851 2310 933 διαλεχθῆναι.
2338 868 2399 917 θ.
2426 870 2522 920 Dv.
2555 859 2619 920 Ρ.

2031 961 2127 1002 453.
2170 942 2230 1002 τὸ
2264 949 2471 1026 πρῶτον
2500 948 2659 1007 αὐτοῦ
2700 970 2714 1010 :
2756 950 2838 1011 Τὸ
2875 954 3033 1013 αὐτοῦ
3065 956 3517 1036 ἐπιρρηματικῶς,

1954 1029 2067 1087 ἀντὶ
2090 1036 2182 1090 τοῦ
2204 1035 2443 1093 ἐνταῦθα·
2474 1033 2508 1105 ἢ
2531 1035 2759 1096 σύναπτε
2781 1042 2857 1120 τῷ
2874 1039 3087 1115 τούτου,
3114 1042 3181 1101 ἵν’
3198 1035 3262 1124 ᾖ,
3280 1045 3402 1127 περὶ
3421 1050 3518 1106 αὖ-

1951 1122 2041 1176 ‘rou‘
2058 1118 2260 1179 τούτου·
2285 1124 2344 1180 ἐκ
2370 1123 2715 1202 παραλλήλου
2741 1126 2801 1186 τὸ
2819 1130 3000 1190 αὐτοῦ.
3020 1141 3155 1189 Junt.
3178 1131 3240 1192 τὸ
3261 1138 3467 1215 πρῶτον
3497 1154 3514 1197 ε

1951 1206 2129 1268 Κατά.
2157 1220 2221 1270 Ρ.
2254 1212 2412 1269 αὐτοῦ
2445 1231 2461 1272 :
2488 1213 2743 1287 Τοπικὸν,
2771 1213 2807 1286 ἢ
2827 1218 3027 1293 μᾶλλον
3047 1219 3309 1299 χρονικόν.
3346 1234 3401 1282 0.
3432 1226 3515 1282 ἐν·
3546 1244 3597 1284 10

1949 1295 2193 1368 ταῦθα,ἢ
2216 1296 2276 1356 τὸ
2296 1297 2478 1357 τούτου
2503 1299 2594 1359 καὶ
2619 1300 2680 1360 τὸ
2704 1304 2866 1362 αὐτοῦ
2888 1307 2950 1365 ἐκ
2970 1307 3337 1388 παραλλήλου.
3359 1321 3423 1371 θ.
3447 1322 3514 1373 Ε.

1950 1381 2205 1464 ἀποφήνω
2235 1403 2249 1443 :
2281 1386 2575 1456 Ἀποδείξω.
2608 1401 2667 1450 Θ.
2695 1401 2756 1448 Ρ.

2026 1491 2124 1531 469.
2173 1464 2353 1548 (οὖσαν
2385 1474 2557 1534 αἰτίαν
2582 1476 2676 1556 ἐμὲ
2709 1498 2723 1539 2
2751 1478 2965 1554 Ἰστέον,
3001 1480 3083 1541 ὅτι
3106 1487 3140 1554 ἡ
3180 1482 3387 1557 Ἀττικὴ
3420 1484 3516 1546 ἕλ-

1946 1562 2113 1641 λειψις
2138 1561 2256 1634 ἤτοι
2280 1564 2333 1620 ἐν
2370 1565 2510 1645 ἀρχῇ
2547 1565 2773 1644 γίνεται,
2799 1572 2869 1636 ὡς
2894 1569 2981 1645 τὸ,
3017 1570 3158 1640 ὅπως
3190 1571 3264 1649 μὴ
3289 1573 3515 1654 ποιήσῃς

1943 1647 2088 1720 τόδε,
2112 1649 2388 1728 νοουμένου
2418 1651 2601 1721 ἔξωθεν
2631 1661 2727 1714 τοῦ
2755 1657 2969 1717 σκόπει·
2998 1657 3034 1731 ἢ
3072 1661 3127 1718 ἐν
3149 1664 3227 1742 τῷ
3248 1659 3414 1737 τέλει,
3439 1667 3513 1731 ὥς
3542 1680 3593 1720 15

1945 1735 2057 1816 ἔχει
2079 1736 2140 1797 τὸ
2167 1740 2221 1797 ἐν
2252 1738 2508 1821 Νεφέλαις
2536 1742 2661 1822 [267]

2003 1877 2058 1926 τὸ
2078 1877 2128 1926 δὲ
2151 1879 2215 1941 μὴ
2238 1884 2380 1938 κυνῆν
2402 1879 2582 1930 οῐκοθεν
2605 1882 2749 1933 ἐλθεῖν
2767 1883 2850 1947 ἐμὲ
2870 1886 2951 1935 τὸν
2969 1887 3271 1952 κακοδαίμον’
3296 1889 3492 1953 ἔχοντα·

1943 2003 2097 2061 κάκεῖ
2122 2001 2225 2084 γὰρ
2247 2004 2439 2064 νοεῖται
2467 2004 2651 2074 ἔξωθεν
2688 2006 2749 2066 τὸ
2775 2009 2836 2066 οὗ
2860 2008 3074 2088 σκαιόν;
3106 2009 3142 2082 ἢ
3167 2013 3220 2070 ἐν
3244 2018 3312 2093 τῇ
3342 2013 3510 2096 μέσῃ,

1942 2092 2013 2158 ὡς
2033 2089 2093 2149 τὸ
2115 2094 2243 2172 παρ’
2267 2091 2493 2174 Ὁμήρῳ
2519 2101 2597 2166 [11.
2620 2109 2685 2167 Δ,
2714 2101 2810 2167 135]

2005 2232 2105 2282 ἀλλ’
2124 2235 2166 2283 εἴ
2186 2233 2269 2297 μὲν
2286 2234 2494 2284 δώσουσι
2511 2235 2647 2300 γέρας
2667 2236 2925 2302 μεγάθυμοι
2944 2237 3137 2303 Ἀχαιοῖς
3536 2253 3591 2296 20

1939 2353 2111 2415 λείπει
2147 2354 2251 2437 γὰρ
2285 2355 2345 2415 τὸ
2381 2354 2684 2435 παύσομαι,
2717 2357 2752 2430 ἢ
2780 2358 3062 2439 ἡσυχάσω.
3090 2361 3183 2420 καὶ
3208 2365 3508 2448 Θουκυδίδῃ

1939 2441 2212 2524 καταρχὰς
2236 2449 2329 2503 τοῦ
2355 2444 2530 2526 τρίτου
2552 2449 2646 2517 τῇς
2673 2452 2976 2530 συγγραφῆς
3001 2455 3066 2521 [c.
3096 2457 3142 2523 3]
3169 2479 3196 2504 κ
3222 2451 3314 2511 καὶ
3338 2455 3383 2512 εἰ
3413 2456 3509 2532 μὲν

1942 2555 1966 2582 α
1995 2530 2175 2610 συμὸῇ
2203 2535 2237 2603 ἡ
2266 2535 2451 2613 πεῖρα·
2484 2535 2530 2591 εἰ
2554 2531 2610 2591 δὲ
2647 2531 2752 2611 μὴ,
2783 2535 3159 2608 Μιτυληναίοις
3182 2542 3345 2599 εἰπεῖν
3383 2548 3510 2610 ναῦς

1941 2644 1966 2670 α
1993 2640 2053 2676 τε
2073 2620 2399 2700 παραδοῦναι
2418 2620 2512 2679 καὶ
2531 2620 2612 2680 τεί
2648 2646 2682 2693 η
2707 2624 2965 2684 καθελεῖν.
2992 2650 3018 2676 ¹·
3041 2624 3101 2684 τὸ
3127 2624 3183 2685 δὲ
3202 2633 3394 2707 σχῆμα
3418 2653 3511 2689 κα·

1938 2705 2109 2763 λεῒται
2136 2707 2571 2782 ἀνανταπόδοτον,
2679 2709 2771 2769 καὶ
2799 2716 2889 2769 νῦν
2934 2710 3306 2793 Ἀριστοφάνης
3341 2716 3507 2798 ἐχρή-
3533 2737 3588 2777 25

1940 2816 2097 2853 σατο·
2126 2797 2185 2853 οὔ
2226 2794 2328 2880 γὰρ
2356 2796 2657 2857 ἀποδέδωκε
2686 2795 2782 2870 τὴν
2820 2797 3062 2869 σύνταξιν
3106 2805 3354 2863 ἐνταῦθα·
3401 2805 3507 2867 ἔδει

1935 2881 2039 2963 γὰρ
2067 2886 2250 2956 εἰπεῖν,
2273 2883 2371 2945 κᾶν
2395 2884 2490 2963 μὲν
2516 2885 2770 2968 ἀποφήνω
2794 2886 2957 2964 μόνην
2988 2887 3083 2967 ἐμὲ
3111 2893 3321 2969 ἀγαθῶν
3344 2884 3505 2954 οὖσαν
3548 2946 3574 2969 ‚.

1938 2970 2129 3045 αἰτίαν,
2159 2973 2376 3033 ἐάσατε·
2405 2977 2451 3033 εἰ
2480 2974 2535 3033 δὲ
2559 2973 2667 3052 μὴ,
2696 2985 2924 3035 ποιεῖτον
2951 2976 2985 3036 ὅ
3007 3001 3058 3036 τι
3081 2977 3145 3037 ἂν
3174 2982 3295 3058 ὑμῖν
3323 2982 3503 3063 δοκῇ.)

1938 3099 2007 3110 -
2037 3051 2199 3119 οὖσαν
2223 3061 2398 3121 αἰτίαν
2421 3082 2437 3124 2
2469 3062 2849 3146 Ὑπάρχουσαν
2872 3064 3120 3145 πρόξενον
3229 3050 3502 3152 πρότερον.

1937 3158 2116 3207 Paris,
3531 3182 3586 3224 80

2014 3257 2112 3298 ⁴70.
2157 3239 2281 3314 ὑμῖν
2309 3235 2376 3294 δι’
2404 3235 2502 3314 ἐμέ
2527 3260 2586 3297 τε
2612 3239 2808 3307 ζῶντας
2839 3257 2854 3298 :
2890 3237 3077 3300 Δείπει
3105 3241 3504 3319 καταγνώσεσθε

1936 3328 2160 3385 ἑαυτῶν·
2185 3323 2277 3384 καὶ
2299 3324 2491 3384 ἐάσατε
2515 3326 2642 3407 παρ’
2672 3327 2817 3404 ὑμῖν.
2846 3326 3026 3406 ὅμοιον
3048 3328 3104 3387 δὲ
3125 3329 3187 3389 τὸ
3213 3334 3399 3410 σχῆμα
3424 3336 3503 3415 τῷ

1935 3415 2217 3495 Ὁμηρικῷ
2246 3442 2270 3466 «ι
2300 3412 2418 3472 ἀλλ’
2446 3415 2492 3472 εἰ
2538 3411 2633 3491 μὲν
2662 3415 2886 3473 δώσουσι
2931 3414 3116 3495 γέρας·
3154 3421 3201 3476 εἰ
3240 3417 3298 3477 δέ
3324 3442 3384 3478 κε
3426 3419 3501 3496 μὴ

1936 3531 1961 3556 α
1986 3502 2188 3562 δώωσιν
2217 3528 2241 3555 υ
2269 3512 2327 3561 Β.
2358 3501 2853 3583 προσυπακουστέον
2882 3503 2943 3563 τὸ
2970 3504 3246 3566 παύσασθε
3268 3511 3363 3579 τῇς
3387 3511 3505 3568 ἐπι-

1932 3591 2236 3673 χειρήσεως.
2268 3603 2369 3651 Dv.
2395 3602 2459 3648 D.
2486 3588 2681 3650 ἐάσατε
2708 3590 2950 3664 δηλονότι
2974 3626 3053 3638 -
3089 3605 3142 3653 0.
3172 3595 3296 3672 ὑμῖν
3337 3616 3351 3656 :
3391 3597 3500 3658 Καὶ
3527 3618 3581 3659 35

1936 3677 2207 3747 ἀποδείξω.
2233 3680 2369 3757 ὑμᾶς
2385 3698 2400 3738 ε
2419 3675 2709 3738 Παύσασθε
2723 3684 2814 3738 τοῦ
2831 3679 3228 3760 ἐγχειρήματος.
3243 3685 3290 3741 εἰ
3310 3683 3365 3743 δὲ
3381 3684 3456 3763 μὴ
3483 3706 3500 3746 :

1936 3765 2239 3849 Ἀποφῄνω,
2268 3769 2315 3826 εἰ
2345 3764 2399 3825 δὲ
2434 3764 2747 3837 ἄδυνατήσω
2780 3766 3050 3836 ἀποδεῖξαι
3076 3776 3229 3829 τοῦτο
3257 3774 3398 3849 ὑμῖν.
3435 3785 3500 3833 Ρ.

2012 3874 2110 3916 472.
2151 3854 2295 3915 τουτὶ
2322 3874 2337 3915 2
2366 3853 2447 3916 Τὸ
2465 3845 2599 3913 εἶναί
2623 3877 2683 3913 σε
2706 3854 2881 3914 αἰτίαν
2908 3855 3121 3915 πάντων
3144 3862 3247 3916 τῶν
3274 3864 3502 3940 ἀγαθῶν,

1932 3942 1968 4016 ἢ
1997 3942 2078 4002 ὅτι
2103 3945 2256 4021 ἡμεῖς
2285 3941 2372 4002 διὰ
2400 3941 2458 4001 σὲ
2488 3945 2680 4020 ζῶμεν.
2706 3953 2771 4003 Ρ.

2010 4052 2111 4093 473.
2157 4029 2405 4090 διδάσκου
2429 4050 2443 4091 :
2478 4031 2729 4090 Μάνθανε
2753 4034 2910 4091 τοῦτο
2934 4028 2987 4099 ἐξ
3012 4033 3162 4109 ἐμοῦ.
3188 4035 3262 4096 Θ.
3295 4045 3358 4094 Ρ.
3525 4057 3580 4098 4ο

2011 4139 2107 4180 474.
2150 4119 2346 4200 ἇμαρτ.
2376 4116 2557 4186 τἜξω
2584 4122 2679 4189 τῇς
2693 4118 2939 4189 ἀληθείας
2952 4116 3214 4199 λέγοντας.
3242 4122 3499 4203 Ρ..ἇμαρ-

1930 4205 2075 4267 τάνω
2117 4205 2365 4285 σημαίνει
2397 4204 2510 4268 δύο.
2555 4205 2851 4287 ἁμαρτάνω
2877 4206 3089 4286 λέγεται
3124 4207 3186 4267 τὸ
3232 4208 3497 4291 ἇμαρτίαν

1929 4299 2092 4354 ποιῶ·
2127 4292 2415 4375 ἁμαρτάνω
2452 4293 2662 4372 λέγεται
2701 4294 2793 4354 καὶ
2837 4293 2897 4353 τὸ
2934 4293 3190 4353 ἐκπίπτω.
3215 4307 3271 4354 Ρ.

2008 4403 2107 4444 475.
2150 4385 2195 4441 εἰ
2220 4402 2235 4444 :
2268 4380 2425 4443 Ἐπεὶ
2445 4380 2564 4450 τοὺς
2585 4381 2809 4461 ἀγαθοὺς
2830 4381 3001 4463 λέγεις
3022 4385 3140 4444 κτλ.
3177 4396 3241 4445 Ρ.

2007 4492 2107 4533 476.
2149 4460 2195 4530 ὦ
2221 4468 2472 4549 τύμπανα
2499 4491 2514 4531 :
2542 4470 2747 4552 [Τοῦτό
2768 4493 2943 4552 φησιν,
2966 4474 3038 4538 ὡς
3059 4475 3153 4543 τῇς
3174 4472 3370 4541 Πενίας
3390 4478 3495 4535 τῶν
3522 4493 3575 4533 45

1926 4557 2173 4619 τοιούτων
2200 4556 2346 4628 ἀξίας
2372 4556 2589 4639 οὔσης]
2622 4556 2916 4636 (τύμπανα,
2946 4556 3103 4632 ξύλα,
3125 4560 3207 4642 ἐφ’
3233 4552 3307 4628 οἷς
3328 4564 3496 4640 ἐτυμ-

1925 4647 2165 4717 πάνιζον·
2194 4649 2425 4729 ἐχρῶντο
2456 4645 2559 4728 γὰρ
2599 4645 2767 4728 ταύτῃ
2808 4650 2876 4726 τῇ
2917 4646 3171 4729 τιμωρία·
3214 4649 3249 4719 ἢ
3290 4650 3492 4729 βάκλα,

1924 4734 2075 4818 παρὰ
2111 4735 2171 4794 τὸ
2197 4734 2435 4794 τύπτειν·
2478 4735 2638 4813 ἤγουν
2682 4732 2839 4807 ξύλα,
2882 4723 2958 4801 οἷς
2993 4734 3277 4795 τύπτονται
3306 4740 3359 4797 ἐν
3386 4747 3494 4807 τοῖς

1926 4822 2280 4906 δικαστηρίοις
2306 4825 2355 4881 οἱ
2385 4820 2818 4903 τιμωρούμενοι.)
2852 4820 3030 4903 κύφων
3072 4821 3129 4881 δὲ
3165 4824 3353 4901 δεσμός
3379 4828 3492 4885 ἐστι

1924 4910 2153 4988 ξύλινος,
2190 4909 2247 4970 ὃν
2281 4912 2328 4968 οἱ
2358 4909 2453 4987 μὲν
2485 4909 2680 4985 κλοιὸν,
2712 4913 2760 4969 οἱ
2802 4909 2857 4968 δὲ
2897 4909 3081 4969 καλιὸν
3122 4912 3491 4989 ὀνομάζουσιν·
3518 4936 3572 4975 5ο

1924 4999 2066 5058 ἔνθεν
2088 4997 2179 5057 καὶ
2202 5002 2231 5056 ὁ
2253 4997 2478 5080 πονηρὸς
2511 4996 2779 5078 ἄνθρωπος
2800 4997 2996 5079 κύφων.
3022 4996 3276 5059 τάσσεται
3312 4999 3366 5060 δὲ
3393 5003 3492 5060 κά-

241 5090 311 5153 τὸ
334 5087 593 5150 ἐκὸαλεῖν
615 5112 700 5165 σε,
720 5089 1111 5169 ἐπιλαθοίμεθα.
1192 5086 1410 5157 Ἄλλως.
1457 5089 1517 5149 ἐκ
1538 5086 1835 5170 παραδόξου
1872 5076 1888 5159 Ι
1923 5084 1988 5147 πὶ
2025 5085 2239 5146 πάντων
2277 5090 2380 5146 τῶν
2407 5088 2673 5168 δυσχερῶν
2712 5084 2804 5146 καὶ
2844 5086 3108 5169 ὀλεθρίων,
3144 5088 3235 5148 καὶ
3264 5112 3489 5170 κυφωνι-
