3859 5725
360 262 481 323 ⁶10

441 392 589 468 500,
613 390 687 461 45
726 391 977 449 retertur
1016 389 1093 449 ad
1119 387 1389 447 codicum
1429 388 1779 466 scripturam
1805 384 1895 444 ὑπ’

358 477 526 559 αὐγὰς
553 478 793 558 (αὐγᾶς)
831 468 1183 546 οἶον.-46.
1233 481 1369 535 Haec
1407 477 1491 535 sic
1530 488 1664 534 sunt
1705 475 1896 533 corri-

359 564 571 648 gelida,
593 567 713 627 ἀλλ’
744 558 918 646 ὧνπερ
946 565 1115 625 οὕνεκ’
1157 556 1315 637 ἦλθον
1351 563 1387 622 ἅ
1432 563 1490 641 μ’
1538 565 1723 624 εἰπεῖν.
1756 559 1895 642 λέγε.

359 660 505 717 Nam
529 657 611 714 ita
646 655 707 714 in
734 653 888 713 libro
918 674 1024 713 suo
1048 655 1327 731 scriptum
1359 653 1644 711 invenisse
1672 651 1899 711 videtur

361 745 664 805 scholiasta
716 763 825 821 pro
848 732 884 799 ἆ
915 739 1014 820 (ἔα)
1049 741 1107 819 μ’
1132 743 1331 800 timis:
1364 760 1482 817 quo
1537 741 1749 798 factum
1774 750 1839 796 ut
1865 735 1899 795 ἅ

361 832 607 912 produci
653 842 903 910 putaret.
939 835 1119 888 Dum.
1165 830 1258 889 Sic
1304 829 1674 887 statuendum
1713 838 1897 905 puto:

361 941 564 980 revera
611 921 672 978 in
732 919 984 997 antiquis
1025 918 1190 977 libris
1239 919 1517 997 scriptum
1564 917 1739 974 fuisse
1783 919 1900 973 AM

364 999 424 1090 (ἆ
447 1008 507 1087 μ’
534 1030 642 1087 pro
680 1006 740 1067 ἔα
770 1006 888 1087 μ’);
919 1007 1076 1085 quod
1109 1028 1286 1086 quum
1314 1027 1426 1086 pro
1466 1004 1561 1085 ἅμ’
1606 1006 1901 1082 accipere-

365 1108 481 1169 tur,
511 1095 800 1155 vocabulo
829 1114 947 1153 non
973 1095 1145 1172 hujus
1163 1096 1305 1167 loci,
1327 1108 1386 1153 et
1409 1093 1724 1152 verborum
1745 1104 1901 1149 stru-

366 1198 529 1243 ctura
573 1197 631 1243 et
684 1198 937 1242 metrum
987 1185 1180 1262 periit.
1228 1189 1373 1256 Quae
1414 1180 1787 1241 incommoda
1840 1192 1904 1237 ut

366 1274 673 1342 sarcirent,
707 1273 894 1332 critici
919 1272 1154 1352 quidam
1179 1270 1302 1350 λέγε
1339 1271 1641 1330 vertebant
1678 1269 1737 1327 in
1778 1263 1902 1347 βού-

364 1366 427 1423 λο
471 1388 528 1423 αι

429 1388 470 1442 μ
486 1410 606 1511 ἀλλ’
621 1442 796 1534 ὧνπερ
819 1448 987 1511 οὕνεκ’
1007 1440 1164 1522 ἦλθον
1188 1448 1325 1529 (ἅμ’)
1352 1449 1516 1507 εἰπεῖν
1545 1446 1823 1527 βούλομαι,

366 1540 562 1599 deleto
597 1541 688 1599 vel
729 1541 934 1599 relicto
962 1537 1079 1616 ἅμ’.
1125 1542 1298 1597 Certe
1345 1538 1606 1596 relictum
1640 1547 1764 1592 erat
1790 1535 1904 1593 AM

366 1628 729 1707 inexemplo
754 1647 872 1706 quo
898 1625 1172 1685 utebatur
1201 1626 1570 1684 scholiastes:
1595 1624 1696 1701 qui
1724 1643 1905 1700 quum

369 1715 443 1773 de
468 1715 624 1796 βιαίῳ
648 1717 878 1795 συστολῇ
907 1715 1196 1792 loquatur,
1229 1717 1345 1771 ΑΜ
1371 1712 1527 1771 haud
1550 1710 1729 1769 dubie
1749 1712 1906 1789 cepit

368 1821 479 1881 pro
508 1793 542 1860 ἆ
571 1799 675 1880 (ἔα)
714 1800 791 1880 μ’,
834 1814 892 1860 01
926 1803 1220 1879 egregium
1248 1799 1400 1859 'sane
1431 1800 1764 1877 exemplum
1802 1817 1905 1855 na·-

368 1904 496 1950 ctus
535 1904 622 1949 est
658 1889 950 1949 violentiae
977 1888 1338 1966 prosodicae:
1369 1888 1488 1947 ᾶλλ’
1519 1878 1695 1968 ὧνπερ
1736 1884 1907 1945 οὕνεκ’

367 1971 549 2053 ἦλθον,
579 1984 614 2039 ἄ
643 1981 701 2057 μ’
723 1982 911 2040 εἰπεῖν.
944 1981 1059 2041 ΑΓ.
1101 1978 1379 2058 βούλομαι.

453 2068 563 2136 504
609 2074 735 2126 Ρο1.
781 2065 1154 2149 θεραπεύματα
1188 2068 1259 2134 εἰς
1286 2066 1348 2126 τὸ
1371 2065 1582 2146 ταχέως
1608 2071 1796 2124 τεκεῖν.
1832 2069 1907 2122 Ε1

369 2154 445 2214 ad
477 2155 612 2226 505,
644 2155 922 2223 πλεονάζει
942 2154 1005 2214 τὸ
1032 2154 1095 2214 τό
1119 2153 1331 2235 ἄρθρον.

452 2246 567 2302 506
621 2243 805 2322 κηρίον
863 2244 935 2302 de
983 2242 1151 2302 melle
1202 2240 1527 2321 accipiebat
1576 2241 1906 2299 scholiasta.

367 2333 521 2392 Vide
554 2333 805 2408 Bergler.
831 2344 890 2389 et
911 2330 1295 2390 Fritzschium
1325 2351 1383 2407 p.
1420 2332 1552 2397 184.

455 2421 590 2495 509,
620 2442 642 2477 1
670 2421 919 2479 καλοῦσιν
950 2420 1154 2478 Suidas
1183 2439 1230 2477 s.
1262 2408 1484 2499 τΗτρον.

455 2509 589 2580 516,
620 2511 651 2566 3
681 2498 779 2581 τὴν
819 2508 1142 2589 προᾶνθησιν
1182 2508 1411 2568 correxi
1448 2526 1521 2564 ex
1559 2505 1734 2564 schol.
1770 2509 1901 2562 Pac.

382 2619 491 2675 199
519 2598 599 2677 (01
622 2597 832 2656 Ρ110110
862 2617 923 2675 p.
957 2599 1088 2674 193,
1133 2617 1191 2670 7,
1229 2596 1411 2656 Suida
1456 2608 1515 2653 et
1547 2593 1661 2670 al.).
1709 2593 1907 2653 Codex

383 2729 401 2744 .
424 2729 439 2742 .
466 2730 480 2744 .
519 2707 719 2743 απινων
740 2684 921 2743 literis
958 2685 1239 2744 evanidis.
1284 2690 1483 2743 Potest
1512 2696 1704 2741 tamen
1732 2681 1905 2739 etiam

372 2772 440 2834 τὰ
462 2772 829 2833 ἀποπίπτοντα
851 2772 1045 2834 scribi.
1080 2772 1169 2831 τὸν
1195 2771 1668 2854 προαποπίπτοντα
1707 2767 1907 2829 κύττα-

374 2887 461 2946 ρον
483 2864 630 2922 dixit
666 2862 1054 2941 Theophrast.
1083 2868 1157 2922 Η.
1188 2864 1271 2920 Pl.
1315 2863 1369 2933 3,
1399 2883 1431 2936 7
1454 2905 1470 2934 ,
1496 2864 1547 2920 3.
1569 2865 1746 2919 Dum.
1772 2894 1851 2903 —-
1872 2859 1907 2916 6

372 2972 502 3032 sqq.
523 2956 664 3025 Quae
683 2952 741 3010 in
763 2952 987 3010 scholio
1014 2956 1237 3010 Veneto
1260 2956 1391 3010 Pac.
1411 2950 1846 3027 199leguntur,
1876 2967 1909 3006 e

373 3042 614 3100 vetustis
642 3038 713 3098 ad
738 3039 1368 3118 Thesmophoriazusas
1388 3038 1628 3096 scholiis
1654 3036 1907 3107 fluxisse,

371 3128 644 3188 audacter
668 3125 953 3186 contendo
981 3146 995 3184 ε
1029 3138 1165 3184 sunt
1195 3128 1346 3185 enim
1387 3138 1501 3183 tam
1535 3123 1609 3182 ab
1648 3125 1753 3182 illo
1778 3125 1908 3183 loco

372 3217 590 3289 aliena,
621 3234 794 3294 quam
824 3213 898 3270 ad
939 3224 1202 3271 nostrum
1229 3213 1402 3270 unice
1438 3212 1905 3270 accommodata:

372 3301 687 3384 Λυκόφρονᾶ
728 3322 889 3383 φησιν
929 3297 1313 3381 Ἐρατοσθένης
1345 3296 1408 3356 τὸ
1441 3296 1699 3380 κύτταρον
1737 3296 1907 3376 λέγειν

372 3393 427 3450 ἕν
454 3380 500 3470 ᾧ
531 3393 586 3447 αἱ
613 3387 770 3469 φηγοὶ
794 3383 1141 3465 ἐγκάθηνται,
1170 3388 1266 3445 οὐκ
1299 3388 1477 3467 ὀρθῶς.
1501 3386 1788 3467 κυττάρους
1807 3383 1908 3466 γὰρ

372 3479 595 3538 καλοῦσι
636 3474 729 3542 τὰς
756 3478 861 3533 τῶν
894 3472 1091 3553 κηρίων
1135 3473 1224 3533 καὶ
1264 3473 1503 3554 σφηκίων
1530 3473 1907 3554 κατατρήσεις,

372 3568 443 3631 ὥς
471 3563 561 3623 καὶ
587 3566 640 3622 ἐν
667 3570 772 3629 τοῖς
793 3559 994 3643 Σφηξὶν
1016 3560 1242 3642 εἴρηκεν,
1266 3587 1289 3613 «ι
1310 3560 1867 3642 ὥσπερ-κινούμενοι.
1883 3589 1907 3615 υ

372 3660 636 3733 Apparet
665 3651 1011 3709 sententiam
1038 3649 1210 3727 hujus
1241 3651 1352 3707 loci
1382 3650 1681 3727 aliquanto
1705 3651 1909 3709 melius

373 3763 408 3801 a
432 3740 813 3818 Lycophrone
837 3757 1011 3816 quam
1041 3737 1116 3796 ab
1139 3737 1516 3795 Eratosthene
1548 3749 1907 3815 perspectam

374 3851 518 3890 0550.
554 3829 843 3906 Deinceps
884 3828 1029 3885 alius
1075 3827 1506 3904 grammaticus,
1544 3838 1908 3886 correcturus

373 3921 593 3979 scilicet
655 3918 1129 3988 Eratosthenem,
1183 3915 1356 3994 hujus
1408 3916 1521 3974 viri
1567 3917 1907 3975 sententiam

373 4011 553 4087 magis
587 4008 757 4066 etiam
782 4004 1111 4078 infuscavit‚
1141 4004 1220 4062 δεῖ
1237 3997 1325 4063 οὗν
1353 4023 1479 4082 sqq.
1503 4004 1729 4063 Retinet
1752 4006 1907 4064 enim

372 4112 547 4174 apum
574 4096 805 4167 cellam,
837 4113 905 4152 ac
933 4105 1212 4171 praeterea
1234 4112 1407 4151 voces
1441 4105 1554 4150 tam
1582 4104 1740 4151 arcte
1763 4112 1907 4151 con-

372 4203 548 4242 nexas
566 4229 584 4261 ,
612 4179 863 4261 στρεὸλὸν
888 4179 1068 4260 ὥσπερ
1106 4178 1391 4262 κύτταρον,
1424 4180 1781 4258 ineptissime
1810 4182 1904 4240 di-

372 4273 550 4332 vellit.
583 4272 791 4329 Melius
820 4290 994 4349 quam
1038 4270 1215 4328 ceteri
1264 4270 1503 4327 ultimus
1547 4270 1900 4329 scholiastes.

371 4362 482 4419 Hic
566 4360 798 4419 demum
870 4358 1275 4436 Lycophronis
1348 4358 1593 4434 vestigia
1671 4360 1899 4435 pressit.

372 4454 417 4509 F
423 4469 684 4510 nt‘rzscu.
707 4492 764 4504 ..-
789 4470 828 4526 9
852 4450 958 4506 τῶν
988 4445 1288 4528 μελικήρων
1318 4447 1538 4504 mavult
1568 4446 1903 4505 Schneider.

262 4530 271 4537 ⁸
371 4558 431 4615 p.
461 4539 516 4596 6.
538 4574 604 4587 -
631 4558 700 4597 10
729 4540 897 4616 πῶμα
923 4536 1129 4596 Suidas
1166 4555 1215 4593 5.
1250 4531 1524 4616 Κύτταρος
1561 4545 1620 4592 01
1647 4532 1898 4595 Πύσθιον.

372 4626 568 4688 Codex
600 4628 781 4704 σῶμα.

456 4717 591 4791 519,
626 4717 691 4774 13
718 4704 833 4774 εἶτα
860 4711 924 4785 δὴ
953 4717 1079 4790 θυμ.
1121 4711 1387 4770 Matthias
1413 4730 1474 4788 p.
1511 4711 1623 4778 340
1652 4725 1822 4770 recte.

457 4803 569 4860 530
594 4805 639 4861 εἰ
668 4801 744 4880 μή
769 4803 1050 4880 glossema
1083 4811 1168 4858 est
1195 4798 1609 4876 particularum
1646 4795 1786 4869 πλὴν
1821 4797 1905 4880 ἄρ’

368 4894 428 4965 ἤ.
458 4888 593 4962 ἄλλη
620 4888 752 4968 γυνή
789 4901 982 4947 autem
1015 4887 1267 4966 proximi
1307 4905 1507 4945 versus
1540 4887 1745 4944 lemma
1789 4901 1902 4958 est,

372 4998 482 5060 pro
542 4996 661 5053 quo
713 4976 848 5055 γυνή
899 4997 979 5041 τις
1023 4975 1305 5053 scriptum
1354 4974 1416 5033 in
1462 4985 1623 5032 textu
1668 4974 1901 5033 codicis.

372 5073 557 5128 Dum.

1498 253 1957 318 ADNOTATlo
1997 255 2084 315 m
2124 255 2392 318 SOEOL

2069 387 2205 462 533,
2234 409 2309 447 ao
2337 388 2476 448 κατὰ
2501 391 2595 460 τῆς
2622 390 2864 448 Bekker.
2894 391 2955 448 ἑκ
2975 392 3074 462 τῆς
3100 392 3306 450 codex.

2069 477 2218 550 536,
2253 479 2328 536 03
2362 475 2658 556 βουλομένη
2686 492 2844 536 recte
2879 480 3118 557 corrigit
3146 479 3528 542 Fritzschioe.

1987 567 2293 643 Sequentia
2325 565 2506 639 ἐπειδὴ
2550 565 2641 625 ἐπὶ
2681 570 2881 639 σκηνῆς
2906 566 3041 627 εἶσίν
3081 569 3325 628 sortasse
3356 567 3434 627 ad
3458 566 3535 627 τὰ

1995 651 2247 735 δουλάρια
2276 654 2598 728 referenda,
2624 674 2677 712 v.
2708 655 2846 729 537.
2879 661 3008 716 Put.
3044 656 3220 716 habet
3245 680 3259 715 ε
3289 659 3532 735 εἰμενοῧν

1988 738 2066 806 τὶς
2087 741 2224 814 ἄλλη
2251 741 2491 814 δηλονότι
2523 740 2655 822 γυνὴ
2688 740 2823 822 ἔστι,
2854 749 3010 804 τοῦτο
3036 741 3166 826 ὅπερ
3194 744 3333 824 λέγω
3369 748 3534 815 ‘rt-offi-

1989 849 2082 886 σαι
2114 829 2265 909 (510),
2293 829 2388 888 εἶδ’
2413 830 2473 890 οὒ
2503 831 2578 909 μὴ
2613 835 2770 909 ἡμεῖς
2792 831 2969 893 αὐταί.
3000 833 3091 891 Ad
3124 833 3261 906 538,
3284 832 3444 911 ἤγουν
3466 829 3533 889 τὸ

1992 916 2207 975 αἰδοῖον.

2074 1004 2186 1063 566
2230 1006 2420 1065 codex
2463 1006 2541 1085 μὰ
2580 1004 2853 1086 τοῖν-μὰ
2901 1017 3039 1069 ταῖν.
3077 1014 3406 1085 Utrumque
3450 1004 3530 1083 μὰ

1989 1091 2063 1151 ab
2090 1094 2328 1154 librario
2356 1097 2610 1168 illatum,
2640 1095 2743 1174 qui
2773 1115 2891 1154 non
2929 1097 3320 1175 perspexisset
3360 1114 3530 1154 men-

1993 1193 2106 1239 tem
2138 1183 2483 1244 scholiastae.
2529 1183 2622 1244 Ad
2661 1184 2840 1243 verba
2877 1183 2956 1262 μὰ
2989 1183 3065 1243 τὼ
3110 1183 3212 1244 θεὼ
3255 1183 3534 1243 observat

1990 1275 2398 1348 grammaticus
2427 1275 2844 1334 nominativum
2879 1289 2939 1333 et
2964 1275 3356 1334 accusativum
3405 1287 3528 1331 ter-

1992 1362 2371 1422 minationem
2396 1358 2610 1422 habere
2638 1363 3028 1435 masculinam,
3052 1363 3151 1421 sed
3184 1362 3448 1440 genitivo
3473 1373 3534 1420 01

1994 1446 2187 1507 dativo
2217 1470 2351 1508 casu
2394 1470 2512 1508 non
2553 1457 2663 1508 τοῖν
2706 1454 2863 1524 θεοῖν,
2902 1452 3001 1509 sed
3043 1458 3161 1510 ταῖν
3200 1455 3341 1509 θεαῖν
3390 1450 3528 1509 dici.

1992 1537 2044 1597 Τ
2046 1544 2128 1595 αῖν
2158 1541 2300 1596 θεαῖν
2337 1551 2423 1597 051
2451 1540 2514 1596 in
2545 1543 2725 1617 Vesp.
2758 1537 2896 1611 378,
2928 1538 3032 1598 ubi
3062 1545 3208 1600 Rav.
3243 1538 3395 1597 male
3423 1540 3533 1596 τῶν

1992 1627 2147 1686 θεῶν.
2176 1631 2357 1686 Dum.

2078 1714 2213 1790 567,
2245 1724 2320 1783 4ο
2353 1716 2441 1775 ἐπὶ
2465 1716 2725 1775 additum
2754 1736 2831 1775 ex
2859 1715 3033 1774 Suida
3049 1736 3095 1775 s.
3131 1714 3426 1788 Ἐκποκιῶ,
3452 1712 3537 1772 ὅτι

1993 1803 2313 1863 omittente.
2339 1804 2501 1863 Idem
2533 1801 2685 1875 πολὺ,
2706 1825 2970 1885 παρετυμ.
2997 1801 3150 1863 δὲ-
3171 1811 3245 1871 40
3273 1806 3343 1869 ὡς
3368 1803 3538 1861 addi-

1996 1889 2081 1949 dit
2103 1892 2491 1951 Schneiderus
2520 1914 2579 1970 p.
2618 1912 2830 1948 xoo.-
2854 1893 2926 1959 43
2962 1892 3164 1973 ἀνδρῶν
3186 1891 3411 1950 Suidas.

2080 1979 2216 2057 570,
2250 1981 2323 2048 45
2356 1978 2469 2038 ἔστι
2494 1977 2538 2037 δ’
2560 1979 2748 2038 codex
2780 1992 2838 2036 et
2861 1979 3070 2038 Suidas
3099 2000 3145 2038 s.
3172 1977 3364 2055 ’(ιμοῧ.

2078 2066 2221 2138 585,
2255 2068 2327 2125 50
2355 2068 2680 2126 accuratius
2726 2067 2965 2124 dixisset
2996 2064 3083 2124 διὰ
3119 2063 3218 2138 τὴν
3260 2063 3401 2123 θέσιν
3440 2070 3537 2123 τοῦ

1997 2156 2369 2236 θεσμοφορίου,
2428 2156 2586 2233 quod
2641 2155 2921 2232 templum
2962 2155 3215 2212 Athenis
3260 2154 3324 2212 in
3372 2152 3538 2211 edito

1996 2244 2124 2301 loco
2156 2264 2340 2323 prope
2369 2245 2670 2321 acropolin
2707 2245 2879 2302 situm
2910 2256 3052 2301 erat.
3077 2248 3388 2302 Fau-zscn.

2077 2332 2215 2405 600,
2251 2353 2284 2389 0
2313 2330 2594 2413 κρύπτειαι
2638 2332 3045 2409 Bernhardyus
3080 2330 3154 2389 ad
3192 2331 3430 2390 Suidam
3469 2348 3532 2388 v.

1998 2420 2289 2501 Κρυπτεία.
2318 2420 2493 2499 Apud
2528 2422 2821 2480 Platonem
2847 2433 2934 2479 est
2955 2424 2990 2491 ἡ
3015 2417 3291 2501 κρύπτεια.
3312 2455 3374 2470 -
3398 2420 3433 2476 3
3462 2418 3541 2476 de

1997 2508 2279 2586 Euripide
2323 2522 2481 2568 recte
2525 2508 2755 2567 dubitat
2801 2509 3153 2568 Dindorfius.
3176 2542 3255 2552 —
3285 2517 3316 2576 4
3348 2506 3540 2565 codex

1998 2594 2302 2677 κρύπτεται.
2362 2597 2771 2673 Bernhardyus
2811 2596 2851 2654 l.
2907 2617 2958 2655 0.
3008 2592 3351 2678 κρυπτευταί.
3391 2595 3538 2673 Κρυ-

1997 2691 2175 2742 πτεῖαι
2247 2684 2621 2759 confidenter,
2671 2697 2739 2742 ut
2792 2684 2971 2759 solet,
3043 2682 3294 2761 projecit
3341 2683 3531 2740 Fritz—

1997 2771 2205 2832 schius.

2078 2860 2214 2934 616,
2247 2881 2316 2919 lo
2345 2859 2513 2941 οὔρων
2541 2859 2748 2919 Suidas
2771 2880 2815 2918 s.
2843 2859 3238 2940 Στραγγουριῶ.
3258 2893 3323 2906 -
3354 2878 3377 2913 1
3397 2877 3416 2913 1
3448 2876 3536 2933 sq.

1997 2948 2149 3006 idem
2177 2952 2408 3030 χρῆσθαι
2429 2949 2625 3017 αὑτοῖς.
2659 2947 3011 3029 φυλάττονται
3032 2945 3135 3028 γὰρ
3159 2943 3333 3005 πολλὰ
3351 2943 3535 3003 πτύειν

1997 3037 2087 3095 καὶ
2112 3041 2284 3118 οὐρεῖν
2314 3037 2404 3096 καὶ
2427 3040 2595 3115 ἀπομ.

2078 3126 2215 3193 604,
2244 3146 2312 3202 19
2337 3126 2561 3203 corrige
2583 3126 2899 3203 typothetae
2918 3124 3306 3197 omissionem,
3327 3120 3535 3180 ἐποίουν

1994 3211 2124 3295 πρὸς
2154 3212 2215 3273 τὸ
2238 3212 2398 3294 ἱερόν.

2077 3303 2188 3360 631
2231 3301 2405 3360 habet
2431 3302 2605 3360 etiam
2627 3306 2757 3362 Put.
2790 3301 2863 3359 ad
2897 3298 3281 3382 προύπίνομεν,
3306 3298 3408 3375 qui
3443 3298 3538 3356 ἀλ-

1996 3389 2206 3459 λήλαις.

2078 3478 2194 3545 646
2228 3500 2288 3554 γε
2321 3475 2676 3535 Dindorfius.
2708 3475 2812 3557 γὰρ
2846 3476 3051 3535 codex.
3083 3472 3538 3554 Παρατετήρηται

1997 3566 2197 3625 referri
2222 3585 2393 3643 posse
2416 3566 2489 3623 ad
2516 3565 2695 3623 schol.
2719 3564 2935 3623 Avium
2957 3566 3073 3631 448
3104 3563 3178 3621 de
3204 3562 3415 3640 νυνμενὶ
3434 3582 3536 3620 an-

1997 3667 2161 3713 notat
2183 3654 2549 3713 Fritzschius.

2078 3744 2227 3817 648,
2281 3764 2357 3819 09
2411 3740 2765 3818 διισθμονίσαι
2814 3740 3003 3800 Suidae
3045 3761 3094 3799 s.
3141 3739 3251 3797 hac
3295 3759 3350 3796 v.
3382 3752 3442 3797 et
3485 3759 3531 3797 5.

1997 3829 2225 3910 Ἰσθμός.
2257 3830 2452 3889 Codex
2489 3829 2847 3906 διισμωνίσαι.

2076 3918 2193 3975 656
2223 3918 2407 3977 codex
2430 3914 2739 3994 ἐγκυκλίων.

2077 4007 2214 4080 658,
2242 4007 2316 4064 35
2359 4009 2443 4065 510
2471 4008 2529 4065 in
2557 4012 2713 4077 Put.‚
2740 4002 2857 4063 ἀντὶ
2896 4008 2992 4062 τοῦ
3026 4000 3124 4075 τὴν
3166 4000 3383 4084 ἀγορὰν,
3426 4001 3533 4060 ἀπὸ

1996 4100 2087 4154 τοῦ
2125 4096 2233 4154 ἐκεῖ
2277 4093 2365 4154 τὸν
2422 4094 2550 4154 λαὸν
2592 4095 2937 4155 πυκνοῦσθαι.
2982 4126 3059 4138 -
3100 4093 3175 4149 36
3219 4090 3532 4161 ἐπεποίηντο

1995 4185 2381 4243 Schneider-us
2428 4204 2484 4262 p.
2510 4185 2563 4244 5.
2612 4183 2808 4243 Codex
2845 4180 3150 4253 ἐπεποίητο.
3174 4224 3239 4233 -
3262 4184 3332 4253 37
3372 4179 3530 4239 πυκνὶ

1995 4271 2184 4342 σκηναὶ
2206 4272 2540 4330 Dindorfius
2566 4283 2626 4329 et
2649 4271 2762 4329 alii.
2790 4269 2991 4329 Codex
3022 4271 3192 4348 σκηνῇ
3212 4266 3426 4329 πυκναὶ.
3450 4299 3532 4313 -

1997 4362 2071 4418 38
2097 4360 2249 4418 idem
2263 4360 2351 4417 vir
2365 4360 2570 4418 doctus
2596 4379 2751 4417 nunc
2770 4360 2944 4423 (conf.
2971 4360 3291 4436 fragmenta
3312 4377 3368 4435 p.
3392 4355 3530 4427 501,

1994 4448 2050 4528 a)
2081 4450 2296 4508 referre
2327 4449 2488 4506 malit
2510 4449 2581 4507 ad
2604 4452 2733 4506 Pac.
2769 4451 2904 4522 731,
2944 4450 3015 4513 ὥς
3054 4446 3270 4505 εἰώθασι
3294 4443 3527 4524 μάλιστα

1992 4534 2115 4625 περ1
2136 4532 2230 4601 τὰς
2262 4532 2459 4607 σκηνὰς
2478 4536 2718 4594 πλεῖστοι
2745 4533 2973 4594 κλέπται
2998 4532 3281 4602 κυπτάζειν
3305 4530 3395 4591 καὶ
3418 4554 3528 4590 κα-

1993 4647 2247 4685 κοποιειν.

2074 4715 2191 4786 678
2219 4719 2345 4772 Put.
2372 4714 2467 4793 (ad
2493 4714 2664 4786 ἔσται)
2683 4722 2790 4781 τοῖς
2807 4711 3098 4794 ἀνθρώποις
3127 4709 3390 4783 δηλονότι.

2074 4802 2190 4859 680
2232 4800 2410 4859 habet
2456 4807 2609 4873 Put.‚
2651 4815 2711 4860 et
2750 4826 2764 4859 ε
2807 4802 3118 4882 παράκοπος
3164 4797 3220 4858 δὲ
3266 4796 3526 4881 φρενίτης,

1992 4889 2152 4965 ἤγουν
2171 4891 2277 4946 τῶν
2299 4890 2499 4970 φρενῶν
2518 4888 2754 4971 τραπείς.

2073 4977 2222 5046 680,
2267 4985 2335 5043 41
2367 4977 2556 5035 codex
2587 4975 2852 5044 Ἀλεξανδ.
2902 4974 3292 5034 Alexandrum
3326 4973 3525 5032 mediae

1994 5064 2295 5122 comoediae
2349 5076 2583 5142 poetam
2649 5064 2922 5143 intelligit
2982 5062 3311 5122 Meinekius
3360 5059 3510 5121 nise
