<?xml version="1.0" encoding="UTF-8"?>
<!DOCTYPE html PUBLIC "-//W3C//DTD XHTML 1.0 Transitional//EN"
    "http://www.w3.org/TR/xhtml1/DTD/xhtml1-transitional.dtd">
<html xmlns="http://www.w3.org/1999/xhtml" xml:lang="en" lang="en">
 <head>
  <title>
</title>
<meta http-equiv="Content-Type" content="text/html;charset=utf-8" />
  <meta name='ocr-system' content='tesseract 3.04.00' />
  <meta name='ocr-capabilities' content='ocr_page ocr_carea ocr_par ocr_line ocrx_word'/>
</head>
<body>
  <div class='ocr_page' id='page_1' title='image "./scholiagraecain02dbgoog_0013.png"; bbox 0 0 3859 5725; ppageno 0'>
   <div class='ocr_carea' id='block_1_1' title="bbox 333 300 3330 340">
    <p class='ocr_par' dir='ltr' id='par_1_1' title="bbox 333 300 3330 340">
     <span class='ocr_line' id='line_1_1' title="bbox 333 300 3330 340; baseline 0 5385"><span class='ocrx_word' id='word_1_1' title='bbox 333 300 3330 340; x_wconf 95' lang='lat' dir='ltr'><strong> </strong></span> 
     </span>
    </p>
   </div>
   <div class='ocr_carea' id='block_1_2' title="bbox 2232 304 3435 337">
    <p class='ocr_par' dir='ltr' id='par_1_2' title="bbox 2232 304 3435 337">
     <span class='ocr_line' id='line_1_2' title="bbox 2232 304 3435 337; baseline 0 5388"><span class='ocrx_word' id='word_1_2' title='bbox 2232 304 3435 337; x_wconf 95' lang='lat' dir='ltr'><strong> </strong></span> 
     </span>
    </p>
   </div>
   <div class='ocr_carea' id='block_1_3' title="bbox 817 406 2975 609">
    <p class='ocr_par' dir='ltr' id='par_1_3' title="bbox 817 406 2975 609">
     <span class='ocr_line' id='line_1_3' title="bbox 817 406 2975 609; baseline 0 -6"><span class='ocrx_word' id='word_1_3' title='bbox 817 481 958 609; x_wconf 85' lang='lat' dir='ltr'><strong>G.</strong></span> <span class='ocrx_word' id='word_1_4' title='bbox 1047 480 1924 605; x_wconf 84' lang='lat' dir='ltr'>DINDORFII</span> <span class='ocrx_word' id='word_1_5' title='bbox 2005 406 2975 605; x_wconf 80' lang='lat' dir='ltr'><strong>PRAEFATIO.-</strong></span> 
     </span>
    </p>
   </div>
   <div class='ocr_carea' id='block_1_4' title="bbox 1666 713 2063 741">
    <p class='ocr_par' dir='ltr' id='par_1_4' title="bbox 1666 713 2063 741">
     <span class='ocr_line' id='line_1_4' title="bbox 1666 713 2063 741; baseline 0.003 -4"><span class='ocrx_word' id='word_1_6' title='bbox 1666 713 2063 741; x_wconf 49' lang='lat' dir='ltr'><em>W</em></span> 
     </span>
    </p>
   </div>
   <div class='ocr_carea' id='block_1_5' title="bbox 274 862 1831 5151">
    <p class='ocr_par' dir='ltr' id='par_1_5' title="bbox 316 862 1819 1036">
     <span class='ocr_line' id='line_1_5' title="bbox 386 862 1819 943; baseline -0.006 -14"><span class='ocrx_word' id='word_1_7' title='bbox 386 868 469 929; x_wconf 73' lang='lat' dir='ltr'><strong>Ad</strong></span> <span class='ocrx_word' id='word_1_8' title='bbox 491 867 697 927; x_wconf 73' lang='lat' dir='ltr'><strong>scholia</strong></span> <span class='ocrx_word' id='word_1_9' title='bbox 732 867 798 924; x_wconf 86' lang='lat' dir='ltr'><strong>in</strong></span> <span class='ocrx_word' id='word_1_10' title='bbox 823 866 1265 943; x_wconf 73' lang='lat' dir='ltr'>Aristophanem</span> <span class='ocrx_word' id='word_1_11' title='bbox 1289 876 1351 925; x_wconf 82' lang='lat' dir='ltr'><strong>et</strong></span> <span class='ocrx_word' id='word_1_12' title='bbox 1370 862 1728 925; x_wconf 74' lang='lat' dir='ltr'><strong>emendanda</strong></span> <span class='ocrx_word' id='word_1_13' title='bbox 1761 874 1819 920; x_wconf 85' lang='lat' dir='ltr'><strong>et</strong></span> 
     </span>
     <span class='ocr_line' id='line_1_6' title="bbox 316 954 1463 1036; baseline -0.007 -18"><span class='ocrx_word' id='word_1_14' title='bbox 316 955 688 1036; x_wconf 85' lang='lat' dir='ltr'><strong>locupletanda</strong></span> <span class='ocrx_word' id='word_1_15' title='bbox 711 954 1017 1013; x_wconf 83' lang='lat' dir='ltr'><strong>codicibus</strong></span> <span class='ocrx_word' id='word_1_16' title='bbox 1039 972 1174 1013; x_wconf 86' lang='lat' dir='ltr'><strong>usus</strong></span> <span class='ocrx_word' id='word_1_17' title='bbox 1189 973 1321 1011; x_wconf 83' lang='lat' dir='ltr'><strong>sum</strong></span> <span class='ocrx_word' id='word_1_18' title='bbox 1343 974 1463 1025; x_wconf 81' lang='lat' dir='ltr'><strong>sex,</strong></span> 
     </span>
    </p>

    <p class='ocr_par' dir='ltr' id='par_1_6' title="bbox 417 1049 853 1115">
     <span class='ocr_line' id='line_1_7' title="bbox 417 1049 853 1115; baseline 0 -12"><span class='ocrx_word' id='word_1_19' title='bbox 417 1050 478 1103; x_wconf 76' lang='lat' dir='ltr'><strong>R.</strong></span> <span class='ocrx_word' id='word_1_20' title='bbox 501 1049 853 1115; x_wconf 72' lang='lat' dir='ltr'><strong>Ravenna-te,</strong></span> 
     </span>
    </p>

    <p class='ocr_par' dir='ltr' id='par_1_7' title="bbox 417 1130 1222 1203">
     <span class='ocr_line' id='line_1_8' title="bbox 417 1130 1222 1203; baseline 0 -14"><span class='ocrx_word' id='word_1_21' title='bbox 417 1136 478 1191; x_wconf 82' lang='lat' dir='ltr'><strong>V.</strong></span> <span class='ocrx_word' id='word_1_22' title='bbox 509 1137 730 1193; x_wconf 72' lang='lat' dir='ltr'><strong>veneto</strong></span> <span class='ocrx_word' id='word_1_23' title='bbox 753 1130 1054 1191; x_wconf 74' lang='lat' dir='ltr'><strong>Marciano</strong></span> <span class='ocrx_word' id='word_1_24' title='bbox 1087 1137 1222 1203; x_wconf 82' lang='grc'><strong>474,</strong></span> 
     </span>
    </p>

    <p class='ocr_par' dir='ltr' id='par_1_8' title="bbox 417 1216 1332 1294">
     <span class='ocr_line' id='line_1_9' title="bbox 417 1216 1332 1294; baseline -0.003 -17"><span class='ocrx_word' id='word_1_25' title='bbox 417 1224 483 1278; x_wconf 86' lang='lat' dir='ltr'><strong>G.</strong></span> <span class='ocrx_word' id='word_1_26' title='bbox 513 1217 774 1294; x_wconf 83' lang='lat' dir='ltr'><strong>ejusdem</strong></span> <span class='ocrx_word' id='word_1_27' title='bbox 807 1216 1175 1275; x_wconf 67' lang='lat' dir='ltr'><strong>bibliothecae</strong></span> <span class='ocrx_word' id='word_1_28' title='bbox 1196 1216 1332 1290; x_wconf 83' lang='grc'><strong>475,</strong></span> 
     </span>
    </p>

    <p class='ocr_par' dir='ltr' id='par_1_9' title="bbox 418 1305 1469 1380">
     <span class='ocr_line' id='line_1_10' title="bbox 418 1305 1469 1380; baseline -0.008 -13"><span class='ocrx_word' id='word_1_29' title='bbox 418 1305 480 1367; x_wconf 83' lang='grc' dir='ltr'><strong>Θ.</strong></span> <span class='ocrx_word' id='word_1_30' title='bbox 505 1305 841 1365; x_wconf 78' lang='lat' dir='ltr'>Florentino</span> <span class='ocrx_word' id='word_1_31' title='bbox 871 1305 1261 1367; x_wconf 78' lang='lat' dir='ltr'><strong>Laurentiano</strong></span> <span class='ocrx_word' id='word_1_32' title='bbox 1297 1322 1469 1380; x_wconf 86' lang='grc'><strong>2779,</strong></span> 
     </span>
    </p>

    <p class='ocr_par' dir='ltr' id='par_1_10' title="bbox 415 1391 1622 1469">
     <span class='ocr_line' id='line_1_11' title="bbox 415 1391 1622 1469; baseline -0.002 -17"><span class='ocrx_word' id='word_1_33' title='bbox 415 1395 478 1453; x_wconf 91' lang='grc' dir='ltr'><strong>Γ.</strong></span> <span class='ocrx_word' id='word_1_34' title='bbox 509 1392 773 1469; x_wconf 88' lang='lat' dir='ltr'><strong>ejusdem</strong></span> <span class='ocrx_word' id='word_1_35' title='bbox 799 1392 1164 1455; x_wconf 71' lang='lat' dir='ltr'><strong>bibliotheca</strong></span> <span class='ocrx_word' id='word_1_36' title='bbox 1195 1393 1378 1469; x_wconf 80' lang='lat' dir='ltr'><strong>plutei</strong></span> <span class='ocrx_word' id='word_1_37' title='bbox 1406 1394 1499 1459; x_wconf 85' lang='lat'><strong>31.</strong></span> <span class='ocrx_word' id='word_1_38' title='bbox 1529 1391 1622 1461; x_wconf 83' lang='lat'><strong>15,</strong></span> 
     </span>
    </p>

    <p class='ocr_par' dir='ltr' id='par_1_11' title="bbox 282 1479 1830 3841">
     <span class='ocr_line' id='line_1_12' title="bbox 412 1479 1570 1554; baseline -0.002 -15"><span class='ocrx_word' id='word_1_39' title='bbox 412 1485 489 1539; x_wconf 76' lang='lat' dir='ltr'><strong>M.</strong></span> <span class='ocrx_word' id='word_1_40' title='bbox 515 1481 938 1540; x_wconf 74' lang='lat' dir='ltr'>Mediolanensi</span> <span class='ocrx_word' id='word_1_41' title='bbox 966 1479 1351 1541; x_wconf 77' lang='lat' dir='ltr'><strong>Ambrosiano</strong></span> <span class='ocrx_word' id='word_1_42' title='bbox 1371 1486 1447 1551; x_wconf 80' lang='lat' dir='ltr'><strong>L,</strong></span> <span class='ocrx_word' id='word_1_43' title='bbox 1473 1481 1570 1554; x_wconf 81' lang='grc'><strong>39,</strong></span> 
     </span>
     <span class='ocr_line' id='line_1_13' title="bbox 307 1567 1821 1646; baseline -0.002 -19"><span class='ocrx_word' id='word_1_44' title='bbox 307 1568 642 1646; x_wconf 82' lang='lat' dir='ltr'><strong>aliorumque</strong></span> <span class='ocrx_word' id='word_1_45' title='bbox 697 1568 1111 1626; x_wconf 88' lang='lat' dir='ltr'><strong>nonnullorum</strong></span> <span class='ocrx_word' id='word_1_46' title='bbox 1153 1569 1440 1645; x_wconf 73' lang='lat' dir='ltr'><strong>excerptis</strong></span> <span class='ocrx_word' id='word_1_47' title='bbox 1460 1611 1478 1640; x_wconf 90' lang='lat'><strong>,</strong></span> <span class='ocrx_word' id='word_1_48' title='bbox 1532 1587 1661 1643; x_wconf 81' lang='lat' dir='ltr'><strong>quae</strong></span> <span class='ocrx_word' id='word_1_49' title='bbox 1705 1567 1821 1625; x_wconf 87' lang='lat' dir='ltr'><strong>suis</strong></span> 
     </span>
     <span class='ocr_line' id='line_1_14' title="bbox 309 1654 1822 1733; baseline 0 -22"><span class='ocrx_word' id='word_1_50' title='bbox 309 1676 527 1733; x_wconf 67' lang='lat' dir='ltr'><strong>quaque</strong></span> <span class='ocrx_word' id='word_1_51' title='bbox 569 1657 722 1715; x_wconf 86' lang='lat' dir='ltr'><strong>locis</strong></span> <span class='ocrx_word' id='word_1_52' title='bbox 749 1657 1209 1713; x_wconf 70' lang='lat' dir='ltr'><strong>commemoravi.</strong></span> <span class='ocrx_word' id='word_1_53' title='bbox 1269 1661 1492 1715; x_wconf 82' lang='lat' dir='ltr'><strong>Horum</strong></span> <span class='ocrx_word' id='word_1_54' title='bbox 1539 1654 1822 1712; x_wconf 85' lang='lat' dir='ltr'><strong>librorum</strong></span> 
     </span>
     <span class='ocr_line' id='line_1_15' title="bbox 307 1743 1823 1819; baseline 0 -19"><span class='ocrx_word' id='word_1_55' title='bbox 307 1745 541 1801; x_wconf 88' lang='lat' dir='ltr'><strong>omnium</strong></span> <span class='ocrx_word' id='word_1_56' title='bbox 569 1759 624 1803; x_wconf 85' lang='lat' dir='ltr'><strong>et</strong></span> <span class='ocrx_word' id='word_1_57' title='bbox 664 1755 838 1801; x_wconf 81' lang='lat' dir='ltr'><strong>aetate</strong></span> <span class='ocrx_word' id='word_1_58' title='bbox 860 1755 920 1801; x_wconf 92' lang='lat' dir='ltr'><strong>et</strong></span> <span class='ocrx_word' id='word_1_59' title='bbox 945 1743 1284 1801; x_wconf 84' lang='lat' dir='ltr'><strong>auctoritate</strong></span> <span class='ocrx_word' id='word_1_60' title='bbox 1305 1744 1577 1819; x_wconf 84' lang='lat' dir='ltr'><strong>princeps</strong></span> <span class='ocrx_word' id='word_1_61' title='bbox 1602 1754 1690 1801; x_wconf 83' lang='lat' dir='ltr'><strong>est</strong></span> <span class='ocrx_word' id='word_1_62' title='bbox 1715 1748 1823 1801; x_wconf 82' lang='lat' dir='ltr'><strong>Ra·</strong></span> 
     </span>
     <span class='ocr_line' id='line_1_16' title="bbox 306 1828 1824 1907; baseline 0.002 -23"><span class='ocrx_word' id='word_1_63' title='bbox 306 1848 501 1888; x_wconf 78' lang='lat' dir='ltr'><strong>vennas</strong></span> <span class='ocrx_word' id='word_1_64' title='bbox 528 1830 804 1889; x_wconf 80' lang='lat' dir='ltr'>undecim</span> <span class='ocrx_word' id='word_1_65' title='bbox 829 1828 1175 1905; x_wconf 77' lang='lat' dir='ltr'><strong>fabularum.</strong></span> <span class='ocrx_word' id='word_1_66' title='bbox 1207 1831 1447 1907; x_wconf 83' lang='lat' dir='ltr'>Propria</span> <span class='ocrx_word' id='word_1_67' title='bbox 1472 1830 1606 1888; x_wconf 87' lang='lat' dir='ltr'><strong>huic</strong></span> <span class='ocrx_word' id='word_1_68' title='bbox 1637 1829 1824 1887; x_wconf 86' lang='lat' dir='ltr'><strong>codici</strong></span> 
     </span>
     <span class='ocr_line' id='line_1_17' title="bbox 304 1918 1823 1995; baseline 0.001 -21"><span class='ocrx_word' id='word_1_69' title='bbox 304 1930 422 1975; x_wconf 81' lang='lat' dir='ltr'><strong>sunt</strong></span> <span class='ocrx_word' id='word_1_70' title='bbox 445 1918 664 1977; x_wconf 85' lang='lat' dir='ltr'><strong>scholia</strong></span> <span class='ocrx_word' id='word_1_71' title='bbox 692 1918 1439 1995; x_wconf 84' lang='lat' dir='ltr'><strong>Thesmophoriazusarum,</strong></span> <span class='ocrx_word' id='word_1_72' title='bbox 1468 1921 1823 1995; x_wconf 80' lang='lat' dir='ltr'><strong>Lysistratae-</strong></span> 
     </span>
     <span class='ocr_line' id='line_1_18' title="bbox 304 2007 1823 2083; baseline 0.001 -22"><span class='ocrx_word' id='word_1_73' title='bbox 304 2024 404 2083; x_wconf 85' lang='lat' dir='ltr'><strong>que</strong></span> <span class='ocrx_word' id='word_1_74' title='bbox 432 2025 705 2065; x_wconf 82' lang='lat' dir='ltr'><strong>versuum</strong></span> <span class='ocrx_word' id='word_1_75' title='bbox 727 2007 1018 2079; x_wconf 72' lang='grc' dir='ltr'><strong>διδ-889,</strong></span> <span class='ocrx_word' id='word_1_76' title='bbox 1051 2007 1418 2081; x_wconf 77' lang='grc' dir='ltr'><strong>ιο99-ι228,</strong></span> <span class='ocrx_word' id='word_1_77' title='bbox 1457 2007 1823 2079; x_wconf 76' lang='lat'><strong>1260-1278,</strong></span> 
     </span>
     <span class='ocr_line' id='line_1_19' title="bbox 308 2093 1825 2171; baseline 0.001 -23"><span class='ocrx_word' id='word_1_78' title='bbox 308 2096 624 2168; x_wconf 78' lang='lat'>¹297-1311</span> <span class='ocrx_word' id='word_1_79' title='bbox 661 2116 684 2169; x_wconf 79' lang='lat'><em>3</em></span> <span class='ocrx_word' id='word_1_80' title='bbox 733 2093 945 2152; x_wconf 83' lang='lat' dir='ltr'><strong>desunt</strong></span> <span class='ocrx_word' id='word_1_81' title='bbox 980 2095 1257 2171; x_wconf 86' lang='lat' dir='ltr'><strong>Equitum</strong></span> <span class='ocrx_word' id='word_1_82' title='bbox 1290 2096 1598 2163; x_wconf 71' lang='lat'><strong>216-1408</strong></span> <span class='ocrx_word' id='word_1_83' title='bbox 1621 2136 1636 2161; x_wconf 93' lang='lat'>‚</span> <span class='ocrx_word' id='word_1_84' title='bbox 1665 2095 1825 2166; x_wconf 82' lang='lat' dir='ltr'><strong>Pacis</strong></span> 
     </span>
     <span class='ocr_line' id='line_1_20' title="bbox 309 2181 1825 2258; baseline 0.001 -22"><span class='ocrx_word' id='word_1_85' title='bbox 309 2181 631 2255; x_wconf 82' lang='lat'><strong>1039-1356</strong></span> <span class='ocrx_word' id='word_1_86' title='bbox 651 2224 673 2251; x_wconf 82' lang='lat'>‚</span> <span class='ocrx_word' id='word_1_87' title='bbox 723 2183 939 2239; x_wconf 75' lang='lat' dir='ltr'><strong>Avium</strong></span> <span class='ocrx_word' id='word_1_88' title='bbox 969 2184 1235 2258; x_wconf 80' lang='grc'><strong>239-394</strong></span> <span class='ocrx_word' id='word_1_89' title='bbox 1260 2224 1277 2251; x_wconf 93' lang='grc'><em>,</em></span> <span class='ocrx_word' id='word_1_90' title='bbox 1313 2183 1643 2257; x_wconf 82' lang='lat' dir='ltr'><strong>Lysistratae</strong></span> <span class='ocrx_word' id='word_1_91' title='bbox 1677 2183 1825 2254; x_wconf 83' lang='lat'>376-</span> 
     </span>
     <span class='ocr_line' id='line_1_21' title="bbox 303 2269 1823 2347; baseline 0.001 -22"><span class='ocrx_word' id='word_1_92' title='bbox 303 2275 421 2337; x_wconf 79' lang='grc'><strong>404.</strong></span> <span class='ocrx_word' id='word_1_93' title='bbox 468 2269 705 2329; x_wconf 81' lang='lat' dir='ltr'><strong>Scholia</strong></span> <span class='ocrx_word' id='word_1_94' title='bbox 731 2270 921 2327; x_wconf 85' lang='lat' dir='ltr'><strong>minus</strong></span> <span class='ocrx_word' id='word_1_95' title='bbox 951 2290 1124 2345; x_wconf 87' lang='lat' dir='ltr'><strong>quam</strong></span> <span class='ocrx_word' id='word_1_96' title='bbox 1152 2271 1329 2346; x_wconf 83' lang='lat' dir='ltr'><strong>vulgo</strong></span> <span class='ocrx_word' id='word_1_97' title='bbox 1375 2284 1506 2328; x_wconf 87' lang='lat' dir='ltr'><strong>sunt</strong></span> <span class='ocrx_word' id='word_1_98' title='bbox 1550 2270 1823 2347; x_wconf 86' lang='lat' dir='ltr'><strong>copiosa:</strong></span> 
     </span>
     <span class='ocr_line' id='line_1_22' title="bbox 300 2356 1827 2432; baseline 0.003 -23"><span class='ocrx_word' id='word_1_99' title='bbox 300 2367 446 2411; x_wconf 85' lang='lat' dir='ltr'><strong>caret</strong></span> <span class='ocrx_word' id='word_1_100' title='bbox 475 2357 630 2413; x_wconf 88' lang='lat' dir='ltr'><strong>enim</strong></span> <span class='ocrx_word' id='word_1_101' title='bbox 659 2376 785 2413; x_wconf 88' lang='lat' dir='ltr'><strong>non</strong></span> <span class='ocrx_word' id='word_1_102' title='bbox 815 2357 1000 2413; x_wconf 84' lang='lat' dir='ltr'><strong>solum</strong></span> <span class='ocrx_word' id='word_1_103' title='bbox 1029 2357 1472 2432; x_wconf 86' lang='lat' dir='ltr'><strong>Byzantinorum</strong></span> <span class='ocrx_word' id='word_1_104' title='bbox 1501 2356 1827 2431; x_wconf 82' lang='lat' dir='ltr'><strong>grammati-</strong></span> 
     </span>
     <span class='ocr_line' id='line_1_23' title="bbox 301 2441 1826 2513; baseline 0.001 -14"><span class='ocrx_word' id='word_1_105' title='bbox 301 2461 486 2499; x_wconf 86' lang='lat' dir='ltr'><strong>corum</strong></span> <span class='ocrx_word' id='word_1_106' title='bbox 531 2441 1056 2513; x_wconf 86' lang='lat' dir='ltr'><strong>annotationibus,</strong></span> <span class='ocrx_word' id='word_1_107' title='bbox 1105 2441 1205 2500; x_wconf 83' lang='lat' dir='ltr'><strong>sed</strong></span> <span class='ocrx_word' id='word_1_108' title='bbox 1251 2443 1424 2501; x_wconf 87' lang='lat' dir='ltr'><strong>etiam</strong></span> <span class='ocrx_word' id='word_1_109' title='bbox 1466 2441 1541 2500; x_wconf 91' lang='lat' dir='ltr'><strong>de</strong></span> <span class='ocrx_word' id='word_1_110' title='bbox 1592 2444 1826 2501; x_wconf 82' lang='lat' dir='ltr'><strong>scholiis</strong></span> 
     </span>
     <span class='ocr_line' id='line_1_24' title="bbox 297 2525 1825 2608; baseline 0.002 -21"><span class='ocrx_word' id='word_1_111' title='bbox 297 2525 701 2591; x_wconf 57' lang='lat' dir='ltr'><strong>alexandrinis</strong></span> <span class='ocrx_word' id='word_1_112' title='bbox 729 2529 941 2606; x_wconf 86' lang='lat' dir='ltr'><strong>passim</strong></span> <span class='ocrx_word' id='word_1_113' title='bbox 978 2530 1172 2587; x_wconf 85' lang='lat' dir='ltr'><strong>omisit</strong></span> <span class='ocrx_word' id='word_1_114' title='bbox 1196 2549 1326 2606; x_wconf 85' lang='lat' dir='ltr'><strong>quae</strong></span> <span class='ocrx_word' id='word_1_115' title='bbox 1353 2530 1425 2588; x_wconf 87' lang='lat' dir='ltr'><strong>ad</strong></span> <span class='ocrx_word' id='word_1_116' title='bbox 1455 2531 1825 2608; x_wconf 79' lang='lat' dir='ltr'><strong>explicandas</strong></span> 
     </span>
     <span class='ocr_line' id='line_1_25' title="bbox 297 2616 1825 2693; baseline 0.002 -20"><span class='ocrx_word' id='word_1_117' title='bbox 297 2630 480 2693; x_wconf 76' lang='lat' dir='ltr'><strong>poetae</strong></span> <span class='ocrx_word' id='word_1_118' title='bbox 504 2618 827 2677; x_wconf 84' lang='lat' dir='ltr'><strong>sententias</strong></span> <span class='ocrx_word' id='word_1_119' title='bbox 859 2616 1043 2674; x_wconf 88' lang='lat' dir='ltr'><strong>minus</strong></span> <span class='ocrx_word' id='word_1_120' title='bbox 1075 2619 1392 2676; x_wconf 87' lang='lat' dir='ltr'><strong>necessaria</strong></span> <span class='ocrx_word' id='word_1_121' title='bbox 1414 2637 1538 2676; x_wconf 86' lang='lat' dir='ltr'><strong>esse</strong></span> <span class='ocrx_word' id='word_1_122' title='bbox 1562 2619 1825 2677; x_wconf 82' lang='lat' dir='ltr'><strong>videren-</strong></span> 
     </span>
     <span class='ocr_line' id='line_1_26' title="bbox 294 2703 1827 2782; baseline 0.001 -20"><span class='ocrx_word' id='word_1_123' title='bbox 294 2717 398 2762; x_wconf 85' lang='lat' dir='ltr'>tur.</span> <span class='ocrx_word' id='word_1_124' title='bbox 424 2705 750 2765; x_wconf 84' lang='lat' dir='ltr'><strong>Vocabulis</strong></span> <span class='ocrx_word' id='word_1_125' title='bbox 770 2703 1227 2765; x_wconf 82' lang='lat' dir='ltr'><strong>Graecobarbaris</strong></span> <span class='ocrx_word' id='word_1_126' title='bbox 1259 2707 1318 2764; x_wconf 88' lang='lat' dir='ltr'><strong>in</strong></span> <span class='ocrx_word' id='word_1_127' title='bbox 1347 2706 1579 2765; x_wconf 79' lang='lat' dir='ltr'><strong>scholiis</strong></span> <span class='ocrx_word' id='word_1_128' title='bbox 1609 2707 1827 2782; x_wconf 81' lang='lat' dir='ltr'><strong>pariter</strong></span> 
     </span>
     <span class='ocr_line' id='line_1_27' title="bbox 296 2793 1826 2872; baseline 0.003 -24"><span class='ocrx_word' id='word_1_129' title='bbox 296 2805 457 2871; x_wconf 81' lang='lat' dir='ltr'><strong>atque</strong></span> <span class='ocrx_word' id='word_1_130' title='bbox 477 2794 851 2871; x_wconf 78' lang='lat' dir='ltr'><strong>glossematis</strong></span> <span class='ocrx_word' id='word_1_131' title='bbox 877 2793 1027 2851; x_wconf 86' lang='lat' dir='ltr'><strong>inter</strong></span> <span class='ocrx_word' id='word_1_132' title='bbox 1058 2812 1256 2852; x_wconf 81' lang='lat' dir='ltr'><strong>versus</strong></span> <span class='ocrx_word' id='word_1_133' title='bbox 1277 2794 1481 2872; x_wconf 86' lang='lat' dir='ltr'><strong>positis</strong></span> <span class='ocrx_word' id='word_1_134' title='bbox 1517 2795 1702 2852; x_wconf 87' lang='lat' dir='ltr'><strong>utitur</strong></span> <span class='ocrx_word' id='word_1_135' title='bbox 1727 2815 1826 2853; x_wconf 84' lang='lat' dir='ltr'><strong>ra-</strong></span> 
     </span>
     <span class='ocr_line' id='line_1_28' title="bbox 293 2881 1829 2959; baseline 0.003 -21"><span class='ocrx_word' id='word_1_136' title='bbox 293 2882 505 2939; x_wconf 81' lang='lat' dir='ltr'><strong>rissime</strong></span> <span class='ocrx_word' id='word_1_137' title='bbox 528 2882 733 2959; x_wconf 84' lang='lat' dir='ltr'><strong>iisque</strong></span> <span class='ocrx_word' id='word_1_138' title='bbox 758 2882 990 2940; x_wconf 86' lang='lat' dir='ltr'><strong>nonnisi</strong></span> <span class='ocrx_word' id='word_1_139' title='bbox 1012 2881 1222 2939; x_wconf 82' lang='lat' dir='ltr'><strong>talibus</strong></span> <span class='ocrx_word' id='word_1_140' title='bbox 1239 2902 1371 2959; x_wconf 82' lang='lat' dir='ltr'><strong>quae</strong></span> <span class='ocrx_word' id='word_1_141' title='bbox 1397 2895 1528 2940; x_wconf 79' lang='lat' dir='ltr'><strong>ante</strong></span> <span class='ocrx_word' id='word_1_142' title='bbox 1553 2886 1829 2942; x_wconf 80' lang='lat' dir='ltr'><strong>Constan-</strong></span> 
     </span>
     <span class='ocr_line' id='line_1_29' title="bbox 292 2969 1829 3046; baseline 0.003 -21"><span class='ocrx_word' id='word_1_143' title='bbox 292 2969 390 3026; x_wconf 88' lang='lat' dir='ltr'>tini</span> <span class='ocrx_word' id='word_1_144' title='bbox 430 2970 625 3046; x_wconf 81' lang='lat' dir='ltr'><strong>magni</strong></span> <span class='ocrx_word' id='word_1_145' title='bbox 680 2981 944 3046; x_wconf 82' lang='lat' dir='ltr'><strong>tempora</strong></span> <span class='ocrx_word' id='word_1_146' title='bbox 978 2970 1042 3030; x_wconf 81' lang='lat' dir='ltr'><strong>in</strong></span> <span class='ocrx_word' id='word_1_147' title='bbox 1082 2970 1333 3045; x_wconf 80' lang='lat' dir='ltr'><strong>linguam</strong></span> <span class='ocrx_word' id='word_1_148' title='bbox 1372 2969 1664 3046; x_wconf 75' lang='lat' dir='ltr'><strong>vulgarem</strong></span> <span class='ocrx_word' id='word_1_149' title='bbox 1706 2990 1829 3030; x_wconf 80' lang='lat' dir='ltr'><strong>esse</strong></span> 
     </span>
     <span class='ocr_line' id='line_1_30' title="bbox 287 3051 1829 3136; baseline 0.003 -23"><span class='ocrx_word' id='word_1_150' title='bbox 287 3055 440 3115; x_wconf 82' lang='lat' dir='ltr'><strong>illata</strong></span> <span class='ocrx_word' id='word_1_151' title='bbox 478 3057 571 3114; x_wconf 81' lang='lat' dir='ltr'><strong>vel</strong></span> <span class='ocrx_word' id='word_1_152' title='bbox 608 3056 964 3136; x_wconf 84' lang='lat' dir='ltr'><strong>scriptorum</strong></span> <span class='ocrx_word' id='word_1_153' title='bbox 1003 3056 1285 3136; x_wconf 84' lang='lat' dir='ltr'><strong>exemplis</strong></span> <span class='ocrx_word' id='word_1_154' title='bbox 1314 3070 1537 3114; x_wconf 84' lang='lat' dir='ltr'><strong>constet</strong></span> <span class='ocrx_word' id='word_1_155' title='bbox 1573 3059 1664 3115; x_wconf 81' lang='lat' dir='ltr'><strong>vel</strong></span> <span class='ocrx_word' id='word_1_156' title='bbox 1690 3051 1829 3118; x_wconf 63' lang='lat' dir='ltr'><strong>anass·</strong></span> 
     </span>
     <span class='ocr_line' id='line_1_31' title="bbox 286 3142 1826 3223; baseline 0.002 -22"><span class='ocrx_word' id='word_1_157' title='bbox 286 3145 435 3222; x_wconf 80' lang='lat' dir='ltr'><strong>logia</strong></span> <span class='ocrx_word' id='word_1_158' title='bbox 460 3146 713 3203; x_wconf 74' lang='lat' dir='ltr'><strong>doceat:</strong></span> <span class='ocrx_word' id='word_1_159' title='bbox 735 3143 1057 3220; x_wconf 79' lang='lat' dir='ltr'><strong>‘cujusmodi</strong></span> <span class='ocrx_word' id='word_1_160' title='bbox 1072 3157 1207 3202; x_wconf 88' lang='lat' dir='ltr'><strong>sunt</strong></span> <span class='ocrx_word' id='word_1_161' title='bbox 1235 3142 1496 3223; x_wconf 69' lang='grc' dir='ltr'><strong>βάκλαειᾱ</strong></span> <span class='ocrx_word' id='word_1_162' title='bbox 1521 3146 1665 3203; x_wconf 90' lang='lat' dir='ltr'><strong>Plut.</strong></span> <span class='ocrx_word' id='word_1_163' title='bbox 1693 3148 1826 3219; x_wconf 79' lang='grc'><strong>476,</strong></span> 
     </span>
     <span class='ocr_line' id='line_1_32' title="bbox 286 3230 1829 3311; baseline 0 -19"><span class='ocrx_word' id='word_1_164' title='bbox 286 3232 483 3311; x_wconf 74' lang='grc' dir='ltr'>ὀγκίνοι</span> <span class='ocrx_word' id='word_1_165' title='bbox 515 3236 662 3303; x_wconf 66' lang='grc'><strong>431,</strong></span> <span class='ocrx_word' id='word_1_166' title='bbox 701 3230 940 3310; x_wconf 81' lang='grc' dir='ltr'>συδάριον</span> <span class='ocrx_word' id='word_1_167' title='bbox 965 3244 1024 3290; x_wconf 86' lang='lat' dir='ltr'><strong>et</strong></span> <span class='ocrx_word' id='word_1_168' title='bbox 1041 3230 1309 3311; x_wconf 68' lang='grc' dir='ltr'>φακιόλιον</span> <span class='ocrx_word' id='word_1_169' title='bbox 1332 3252 1446 3307; x_wconf 85' lang='grc'><strong>729</strong></span> <span class='ocrx_word' id='word_1_170' title='bbox 1463 3275 1480 3302; x_wconf 90' lang='grc'><strong>,</strong></span> <span class='ocrx_word' id='word_1_171' title='bbox 1509 3237 1733 3299; x_wconf 76' lang='grc' dir='ltr'>κοῧσπος</span> <span class='ocrx_word' id='word_1_172' title='bbox 1758 3232 1829 3292; x_wconf 82' lang='lat' dir='ltr'><strong>ad</strong></span> 
     </span>
     <span class='ocr_line' id='line_1_33' title="bbox 285 3317 1826 3398; baseline 0 -20"><span class='ocrx_word' id='word_1_173' title='bbox 285 3326 412 3379; x_wconf 82' lang='lat' dir='ltr'><strong>Pac.</strong></span> <span class='ocrx_word' id='word_1_174' title='bbox 432 3323 570 3393; x_wconf 84' lang='grc'><strong>478,</strong></span> <span class='ocrx_word' id='word_1_175' title='bbox 587 3320 978 3398; x_wconf 78' lang='grc' dir='ltr'>βσυρδωνάριος</span> <span class='ocrx_word' id='word_1_176' title='bbox 998 3331 1059 3377; x_wconf 92' lang='lat' dir='ltr'><strong>et</strong></span> <span class='ocrx_word' id='word_1_177' title='bbox 1081 3317 1368 3390; x_wconf 76' lang='grc' dir='ltr'>σταὸλίτης</span> <span class='ocrx_word' id='word_1_178' title='bbox 1386 3321 1456 3382; x_wconf 79' lang='lat' dir='ltr'><strong>ad</strong></span> <span class='ocrx_word' id='word_1_179' title='bbox 1476 3321 1826 3397; x_wconf 85' lang='lat' dir='ltr'><strong>Thesmoph.</strong></span> 
     </span>
     <span class='ocr_line' id='line_1_34' title="bbox 287 3405 1828 3486; baseline -0.001 -21"><span class='ocrx_word' id='word_1_180' title='bbox 287 3415 421 3486; x_wconf 69' lang='grc'><strong>491,</strong></span> <span class='ocrx_word' id='word_1_181' title='bbox 467 3408 830 3466; x_wconf 83' lang='lat' dir='ltr'><strong>vocabulum</strong></span> <span class='ocrx_word' id='word_1_182' title='bbox 865 3407 1138 3466; x_wconf 88' lang='lat' dir='ltr'><strong>Latinum</strong></span> <span class='ocrx_word' id='word_1_183' title='bbox 1178 3405 1505 3486; x_wconf 73' lang='grc' dir='ltr'>ἐκσκέπτορα</span> <span class='ocrx_word' id='word_1_184' title='bbox 1548 3409 1828 3485; x_wconf 71' lang='lat' dir='ltr'><strong>(ea-cepto-</strong></span> 
     </span>
     <span class='ocr_line' id='line_1_35' title="bbox 285 3495 1827 3574; baseline 0.001 -20"><span class='ocrx_word' id='word_1_185' title='bbox 285 3500 419 3574; x_wconf 71' lang='lat' dir='ltr'><strong>oem)</strong></span> <span class='ocrx_word' id='word_1_186' title='bbox 454 3498 530 3556; x_wconf 87' lang='lat' dir='ltr'><strong>ad</strong></span> <span class='ocrx_word' id='word_1_187' title='bbox 559 3495 730 3556; x_wconf 80' lang='lat' dir='ltr'><strong>Nub.</strong></span> <span class='ocrx_word' id='word_1_188' title='bbox 775 3516 907 3567; x_wconf 83' lang='grc'><strong>770.</strong></span> <span class='ocrx_word' id='word_1_189' title='bbox 956 3496 1210 3554; x_wconf 80' lang='lat' dir='ltr'><strong>Patriam</strong></span> <span class='ocrx_word' id='word_1_190' title='bbox 1247 3516 1445 3568; x_wconf 85' lang='lat' dir='ltr'><strong>suam,</strong></span> <span class='ocrx_word' id='word_1_191' title='bbox 1480 3516 1600 3554; x_wconf 83' lang='lat' dir='ltr'><strong>non</strong></span> <span class='ocrx_word' id='word_1_192' title='bbox 1641 3510 1827 3556; x_wconf 84' lang='lat' dir='ltr'><strong>tamen</strong></span> 
     </span>
     <span class='ocr_line' id='line_1_36' title="bbox 288 3583 1829 3656; baseline -0.001 -11"><span class='ocrx_word' id='word_1_193' title='bbox 288 3584 496 3645; x_wconf 79' lang='lat' dir='ltr'>diserte</span> <span class='ocrx_word' id='word_1_194' title='bbox 531 3586 923 3656; x_wconf 83' lang='lat' dir='ltr'><strong>nominatam,</strong></span> <span class='ocrx_word' id='word_1_195' title='bbox 943 3583 1118 3641; x_wconf 88' lang='lat' dir='ltr'><strong>semel</strong></span> <span class='ocrx_word' id='word_1_196' title='bbox 1153 3596 1431 3642; x_wconf 84' lang='lat' dir='ltr'><strong>memorat</strong></span> <span class='ocrx_word' id='word_1_197' title='bbox 1460 3584 1729 3643; x_wconf 85' lang='lat' dir='ltr'><strong>librarius</strong></span> <span class='ocrx_word' id='word_1_198' title='bbox 1759 3586 1829 3644; x_wconf 84' lang='lat' dir='ltr'><strong>ad</strong></span> 
     </span>
     <span class='ocr_line' id='line_1_37' title="bbox 282 3669 1830 3748; baseline 0.001 -19"><span class='ocrx_word' id='word_1_199' title='bbox 282 3675 490 3734; x_wconf 71' lang='lat' dir='ltr'><strong>Avium</strong></span> <span class='ocrx_word' id='word_1_200' title='bbox 527 3693 592 3729; x_wconf 79' lang='lat' dir='ltr'><strong>v.</strong></span> <span class='ocrx_word' id='word_1_201' title='bbox 617 3674 741 3740; x_wconf 87' lang='grc'><strong>842</strong></span> <span class='ocrx_word' id='word_1_202' title='bbox 762 3713 780 3741; x_wconf 93' lang='grc'><strong>,</strong></span> <span class='ocrx_word' id='word_1_203' title='bbox 813 3669 915 3728; x_wconf 89' lang='lat' dir='ltr'><strong>ubi</strong></span> <span class='ocrx_word' id='word_1_204' title='bbox 942 3691 1071 3748; x_wconf 85' lang='lat' dir='ltr'><strong>quae</strong></span> <span class='ocrx_word' id='word_1_205' title='bbox 1109 3671 1412 3729; x_wconf 79' lang='lat' dir='ltr'><strong>scholiasta</strong></span> <span class='ocrx_word' id='word_1_206' title='bbox 1435 3671 1507 3729; x_wconf 90' lang='lat' dir='ltr'><strong>de</strong></span> <span class='ocrx_word' id='word_1_207' title='bbox 1526 3671 1830 3731; x_wconf 82' lang='lat' dir='ltr'><strong>excubito-</strong></span> 
     </span>
     <span class='ocr_line' id='line_1_38' title="bbox 283 3758 1829 3841; baseline -0.003 -20"><span class='ocrx_word' id='word_1_208' title='bbox 283 3762 442 3821; x_wconf 84' lang='lat' dir='ltr'><strong>ribus</strong></span> <span class='ocrx_word' id='word_1_209' title='bbox 465 3782 581 3841; x_wconf 85' lang='lat' dir='ltr'><strong>per</strong></span> <span class='ocrx_word' id='word_1_210' title='bbox 606 3758 1008 3820; x_wconf 85' lang='lat' dir='ltr'><strong>tintinnabula</strong></span> <span class='ocrx_word' id='word_1_211' title='bbox 1027 3759 1342 3837; x_wconf 82' lang='lat' dir='ltr'><strong>exploratis</strong></span> <span class='ocrx_word' id='word_1_212' title='bbox 1366 3759 1663 3817; x_wconf 82' lang='lat' dir='ltr'><strong>annotavit</strong></span> <span class='ocrx_word' id='word_1_213' title='bbox 1678 3802 1696 3831; x_wconf 90' lang='lat'><strong>,</strong></span> <span class='ocrx_word' id='word_1_214' title='bbox 1724 3779 1829 3817; x_wconf 87' lang='lat' dir='ltr'><strong>suo</strong></span> 
     </span>
    </p>

    <p class='ocr_par' dir='ltr' id='par_1_12' title="bbox 274 3845 1831 5151">
     <span class='ocr_line' id='line_1_39' title="bbox 277 3845 1829 3928; baseline -0.001 -22"><span class='ocrx_word' id='word_1_215' title='bbox 277 3852 460 3928; x_wconf 76' lang='lat' dir='ltr'><strong>ipsius</strong></span> <span class='ocrx_word' id='word_1_216' title='bbox 482 3848 891 3908; x_wconf 84' lang='lat' dir='ltr'><strong>additamento</strong></span> <span class='ocrx_word' id='word_1_217' title='bbox 927 3848 1087 3908; x_wconf 71' lang='lat' dir='ltr'><strong>auxit</strong></span> <span class='ocrx_word' id='word_1_218' title='bbox 1123 3846 1419 3922; x_wconf 85' lang='lat' dir='ltr'><strong>librarius,</strong></span> <span class='ocrx_word' id='word_1_219' title='bbox 1447 3845 1574 3928; x_wconf 82' lang='grc' dir='ltr'>ὅπερ</span> <span class='ocrx_word' id='word_1_220' title='bbox 1607 3846 1829 3908; x_wconf 70' lang='grc' dir='ltr'>ἐθεασά-</span> 
     </span>
     <span class='ocr_line' id='line_1_40' title="bbox 278 3933 1830 4015; baseline -0.003 -19"><span class='ocrx_word' id='word_1_221' title='bbox 278 3961 384 4014; x_wconf 71' lang='grc' dir='ltr'><strong>μην</strong></span> <span class='ocrx_word' id='word_1_222' title='bbox 418 3936 625 4004; x_wconf 72' lang='grc' dir='ltr'>καύτὸς</span> <span class='ocrx_word' id='word_1_223' title='bbox 673 3933 837 4010; x_wconf 81' lang='grc' dir='ltr'><strong>ἔγωγε</strong></span> <span class='ocrx_word' id='word_1_224' title='bbox 876 3936 931 3992; x_wconf 76' lang='grc' dir='ltr'><strong>ἐν</strong></span> <span class='ocrx_word' id='word_1_225' title='bbox 960 3937 1026 4013; x_wconf 83' lang='grc' dir='ltr'><strong>τῇ</strong></span> <span class='ocrx_word' id='word_1_226' title='bbox 1062 3938 1165 4014; x_wconf 79' lang='grc' dir='ltr'><strong>ἐμῇ</strong></span> <span class='ocrx_word' id='word_1_227' title='bbox 1209 3935 1441 4015; x_wconf 84' lang='grc' dir='ltr'><strong>πατρίδι.</strong></span> <span class='ocrx_word' id='word_1_228' title='bbox 1491 3935 1703 3996; x_wconf 82' lang='lat' dir='ltr'><strong>similis</strong></span> <span class='ocrx_word' id='word_1_229' title='bbox 1742 3947 1830 3994; x_wconf 86' lang='lat' dir='ltr'><strong>est</strong></span> 
     </span>
     <span class='ocr_line' id='line_1_41' title="bbox 277 4022 1829 4097; baseline -0.002 -13"><span class='ocrx_word' id='word_1_230' title='bbox 277 4027 531 4088; x_wconf 86' lang='lat' dir='ltr'><strong>recentis</strong></span> <span class='ocrx_word' id='word_1_231' title='bbox 565 4022 895 4083; x_wconf 81' lang='lat' dir='ltr'><strong>scholiastae</strong></span> <span class='ocrx_word' id='word_1_232' title='bbox 928 4023 1228 4082; x_wconf 79' lang='lat' dir='ltr'><strong>annotatio</strong></span> <span class='ocrx_word' id='word_1_233' title='bbox 1255 4022 1326 4088; x_wconf 82' lang='lat' dir='ltr'><strong>ad</strong></span> <span class='ocrx_word' id='word_1_234' title='bbox 1353 4027 1498 4082; x_wconf 73' lang='lat' dir='ltr'><strong>nan.</strong></span> <span class='ocrx_word' id='word_1_235' title='bbox 1528 4023 1662 4097; x_wconf 81' lang='grc'><strong>932.</strong></span> <span class='ocrx_word' id='word_1_236' title='bbox 1708 4024 1829 4082; x_wconf 87' lang='lat' dir='ltr'><strong>Pri-</strong></span> 
     </span>
     <span class='ocr_line' id='line_1_42' title="bbox 279 4110 1829 4190; baseline 0.001 -21"><span class='ocrx_word' id='word_1_237' title='bbox 279 4132 408 4172; x_wconf 85' lang='lat' dir='ltr'><strong>mus</strong></span> <span class='ocrx_word' id='word_1_238' title='bbox 429 4125 575 4190; x_wconf 83' lang='lat' dir='ltr'><strong>post</strong></span> <span class='ocrx_word' id='word_1_239' title='bbox 597 4122 802 4169; x_wconf 85' lang='lat' dir='ltr'><strong>renata</strong></span> <span class='ocrx_word' id='word_1_240' title='bbox 818 4110 1112 4174; x_wconf 82' lang='lat' dir='ltr'><strong>literamm</strong></span> <span class='ocrx_word' id='word_1_241' title='bbox 1133 4111 1322 4172; x_wconf 80' lang='lat' dir='ltr'><strong>studia</strong></span> <span class='ocrx_word' id='word_1_242' title='bbox 1345 4111 1454 4168; x_wconf 86' lang='lat' dir='ltr'><strong>hoc</strong></span> <span class='ocrx_word' id='word_1_243' title='bbox 1471 4110 1674 4170; x_wconf 86' lang='lat' dir='ltr'><strong>codice</strong></span> <span class='ocrx_word' id='word_1_244' title='bbox 1691 4130 1829 4170; x_wconf 77' lang='lat' dir='ltr'><strong>usus</strong></span> 
     </span>
     <span class='ocr_line' id='line_1_43' title="bbox 274 4196 1831 4274; baseline -0.003 -14"><span class='ocrx_word' id='word_1_245' title='bbox 274 4214 362 4260; x_wconf 68' lang='lat' dir='ltr'><strong>est</strong></span> <span class='ocrx_word' id='word_1_246' title='bbox 386 4198 696 4259; x_wconf 75' lang='lat' dir='ltr'><strong>Antonius</strong></span> <span class='ocrx_word' id='word_1_247' title='bbox 721 4198 1070 4266; x_wconf 74' lang='lat' dir='ltr'><strong>Francinus,</strong></span> <span class='ocrx_word' id='word_1_248' title='bbox 1114 4196 1214 4274; x_wconf 90' lang='lat' dir='ltr'><strong>qni</strong></span> <span class='ocrx_word' id='word_1_249' title='bbox 1248 4196 1406 4253; x_wconf 85' lang='lat' dir='ltr'><strong>Pacis</strong></span> <span class='ocrx_word' id='word_1_250' title='bbox 1442 4215 1640 4256; x_wconf 82' lang='lat' dir='ltr'><strong>versus</strong></span> <span class='ocrx_word' id='word_1_251' title='bbox 1681 4200 1831 4272; x_wconf 84' lang='grc'><strong>948-</strong></span> 
     </span>
     <span class='ocr_line' id='line_1_44' title="bbox 283 4283 1830 4364; baseline -0.002 -18"><span class='ocrx_word' id='word_1_252' title='bbox 283 4289 454 4362; x_wconf 75' lang='lat'><strong>¹005,</strong></span> <span class='ocrx_word' id='word_1_253' title='bbox 491 4285 725 4364; x_wconf 85' lang='lat' dir='ltr'><strong>quibus</strong></span> <span class='ocrx_word' id='word_1_254' title='bbox 743 4296 900 4342; x_wconf 82' lang='lat' dir='ltr'><strong>caret</strong></span> <span class='ocrx_word' id='word_1_255' title='bbox 921 4284 1098 4341; x_wconf 87' lang='lat' dir='ltr'><strong>editio</strong></span> <span class='ocrx_word' id='word_1_256' title='bbox 1118 4283 1343 4352; x_wconf 79' lang='lat' dir='ltr'><strong>Aldina,</strong></span> <span class='ocrx_word' id='word_1_257' title='bbox 1372 4303 1485 4346; x_wconf 84' lang='lat' dir='ltr'><strong>una</strong></span> <span class='ocrx_word' id='word_1_258' title='bbox 1505 4304 1635 4342; x_wconf 89' lang='lat' dir='ltr'><strong>cum</strong></span> <span class='ocrx_word' id='word_1_259' title='bbox 1663 4285 1830 4343; x_wconf 87' lang='lat' dir='ltr'><strong>scho-</strong></span> 
     </span>
     <span class='ocr_line' id='line_1_45' title="bbox 276 4370 1830 4450; baseline -0.001 -16"><span class='ocrx_word' id='word_1_260' title='bbox 276 4376 369 4435; x_wconf 82' lang='lat' dir='ltr'><strong>liis</strong></span> <span class='ocrx_word' id='word_1_261' title='bbox 399 4395 478 4434; x_wconf 82' lang='lat' dir='ltr'><strong>ex</strong></span> <span class='ocrx_word' id='word_1_262' title='bbox 515 4394 598 4434; x_wconf 86' lang='lat' dir='ltr'><strong>eo</strong></span> <span class='ocrx_word' id='word_1_263' title='bbox 637 4372 962 4450; x_wconf 75' lang='lat' dir='ltr'><strong>descriptos</strong></span> <span class='ocrx_word' id='word_1_264' title='bbox 990 4371 1174 4429; x_wconf 85' lang='lat' dir='ltr'><strong>edidit</strong></span> <span class='ocrx_word' id='word_1_265' title='bbox 1204 4371 1263 4429; x_wconf 89' lang='lat' dir='ltr'><strong>in</strong></span> <span class='ocrx_word' id='word_1_266' title='bbox 1305 4370 1556 4429; x_wconf 83' lang='lat' dir='ltr'><strong>editione</strong></span> <span class='ocrx_word' id='word_1_267' title='bbox 1591 4375 1830 4436; x_wconf 74' lang='lat' dir='ltr'><strong>Iuntina</strong></span> 
     </span>
     <span class='ocr_line' id='line_1_46' title="bbox 275 4459 1771 4540; baseline -0.005 -17"><span class='ocrx_word' id='word_1_268' title='bbox 275 4486 326 4523; x_wconf 80' lang='lat' dir='ltr'><strong>a.</strong></span> <span class='ocrx_word' id='word_1_269' title='bbox 363 4465 544 4533; x_wconf 73' lang='lat'><strong>1525,</strong></span> <span class='ocrx_word' id='word_1_270' title='bbox 577 4461 746 4518; x_wconf 84' lang='lat' dir='ltr'><strong>nulla</strong></span> <span class='ocrx_word' id='word_1_271' title='bbox 763 4459 1025 4540; x_wconf 82' lang='lat' dir='ltr'><strong>quamvis</strong></span> <span class='ocrx_word' id='word_1_272' title='bbox 1051 4460 1342 4519; x_wconf 87' lang='lat' dir='ltr'><strong>mentione</strong></span> <span class='ocrx_word' id='word_1_273' title='bbox 1366 4459 1578 4518; x_wconf 86' lang='lat' dir='ltr'><strong>codicis</strong></span> <span class='ocrx_word' id='word_1_274' title='bbox 1603 4459 1771 4522; x_wconf 79' lang='lat' dir='ltr'><strong>facta.</strong></span> 
     </span>
     <span class='ocr_line' id='line_1_47' title="bbox 351 4548 1826 4627; baseline -0.001 -18"><span class='ocrx_word' id='word_1_275' title='bbox 351 4550 686 4610; x_wconf 81' lang='lat' dir='ltr'><strong>Proximus</strong></span> <span class='ocrx_word' id='word_1_276' title='bbox 727 4548 1050 4607; x_wconf 82' lang='lat' dir='ltr'><strong>Ravennati</strong></span> <span class='ocrx_word' id='word_1_277' title='bbox 1091 4552 1345 4605; x_wconf 82' lang='lat' dir='ltr'><strong>Venetus</strong></span> <span class='ocrx_word' id='word_1_278' title='bbox 1389 4558 1476 4605; x_wconf 88' lang='lat' dir='ltr'><strong>est</strong></span> <span class='ocrx_word' id='word_1_279' title='bbox 1524 4557 1637 4619; x_wconf 83' lang='grc'><strong>474</strong></span> <span class='ocrx_word' id='word_1_280' title='bbox 1660 4592 1679 4622; x_wconf 89' lang='grc'><strong><em>,</em></strong></span> <span class='ocrx_word' id='word_1_281' title='bbox 1727 4550 1826 4627; x_wconf 87' lang='lat' dir='ltr'><strong>qui</strong></span> 
     </span>
     <span class='ocr_line' id='line_1_48' title="bbox 276 4636 1827 4720; baseline -0.002 -20"><span class='ocrx_word' id='word_1_282' title='bbox 276 4655 505 4720; x_wconf 77' lang='lat' dir='ltr'><strong>septem</strong></span> <span class='ocrx_word' id='word_1_283' title='bbox 523 4652 758 4698; x_wconf 84' lang='lat' dir='ltr'><strong>tantum</strong></span> <span class='ocrx_word' id='word_1_284' title='bbox 775 4638 997 4698; x_wconf 81' lang='lat' dir='ltr'><strong>fabulas</strong></span> <span class='ocrx_word' id='word_1_285' title='bbox 1006 4638 1438 4716; x_wconf 84' lang='lat' dir='ltr'><strong>complectitur:</strong></span> <span class='ocrx_word' id='word_1_286' title='bbox 1459 4636 1664 4697; x_wconf 84' lang='lat' dir='ltr'><strong>desunt</strong></span> <span class='ocrx_word' id='word_1_287' title='bbox 1674 4640 1827 4698; x_wconf 82' lang='lat' dir='ltr'><strong>e‘nim</strong></span> 
     </span>
     <span class='ocr_line' id='line_1_49' title="bbox 274 4721 1828 4803; baseline -0.003 -14"><span class='ocrx_word' id='word_1_288' title='bbox 274 4721 718 4797; x_wconf 67' lang='lat' dir='ltr'><strong>Achai-nenses,</strong></span> <span class='ocrx_word' id='word_1_289' title='bbox 745 4727 1149 4785; x_wconf 80' lang='lat' dir='ltr'><strong>Ecclesiazusae</strong></span> <span class='ocrx_word' id='word_1_290' title='bbox 1164 4771 1181 4798; x_wconf 90' lang='lat'>,</span> <span class='ocrx_word' id='word_1_291' title='bbox 1203 4725 1828 4803; x_wconf 77' lang='lat' dir='ltr'><strong>Thesmophoriazusae,</strong></span> 
     </span>
     <span class='ocr_line' id='line_1_50' title="bbox 275 4813 1826 4893; baseline -0.006 -14"><span class='ocrx_word' id='word_1_292' title='bbox 275 4819 636 4893; x_wconf 68' lang='lat' dir='ltr'><strong>Lysistrata.</strong></span> <span class='ocrx_word' id='word_1_293' title='bbox 676 4815 905 4874; x_wconf 86' lang='lat' dir='ltr'><strong>Scholia</strong></span> <span class='ocrx_word' id='word_1_294' title='bbox 934 4815 1170 4892; x_wconf 85' lang='lat' dir='ltr'><strong>antiqua</strong></span> <span class='ocrx_word' id='word_1_295' title='bbox 1201 4813 1371 4891; x_wconf 83' lang='lat' dir='ltr'><strong>longe</strong></span> <span class='ocrx_word' id='word_1_296' title='bbox 1397 4833 1565 4892; x_wconf 88' lang='lat' dir='ltr'><strong>quam</strong></span> <span class='ocrx_word' id='word_1_297' title='bbox 1597 4815 1826 4873; x_wconf 80' lang='lat' dir='ltr'><strong>Raven-</strong></span> 
     </span>
     <span class='ocr_line' id='line_1_51' title="bbox 282 4903 1828 4982; baseline -0.004 -15"><span class='ocrx_word' id='word_1_298' title='bbox 282 4928 381 4967; x_wconf 80' lang='lat' dir='ltr'><strong>nas</strong></span> <span class='ocrx_word' id='word_1_299' title='bbox 410 4907 612 4970; x_wconf 81' lang='lat' dir='ltr'><strong>habet</strong></span> <span class='ocrx_word' id='word_1_300' title='bbox 635 4905 948 4982; x_wconf 89' lang='lat' dir='ltr'><strong>ampliora,</strong></span> <span class='ocrx_word' id='word_1_301' title='bbox 988 4924 1120 4966; x_wconf 85' lang='lat' dir='ltr'><strong>raro</strong></span> <span class='ocrx_word' id='word_1_302' title='bbox 1149 4903 1416 4960; x_wconf 83' lang='lat' dir='ltr'><strong>admixtis</strong></span> <span class='ocrx_word' id='word_1_303' title='bbox 1444 4903 1828 4968; x_wconf 81' lang='lat' dir='ltr'><strong>recentiorum</strong></span> 
     </span>
     <span class='ocr_line' id='line_1_52' title="bbox 281 4990 1830 5073; baseline -0.005 -17"><span class='ocrx_word' id='word_1_304' title='bbox 281 4993 806 5073; x_wconf 79' lang='lat' dir='ltr'><strong>grammaticorum</strong></span> <span class='ocrx_word' id='word_1_305' title='bbox 836 4990 1309 5051; x_wconf 79' lang='lat' dir='ltr'><strong>annotationibus</strong></span> <span class='ocrx_word' id='word_1_306' title='bbox 1332 5034 1350 5066; x_wconf 90' lang='lat'>,</span> <span class='ocrx_word' id='word_1_307' title='bbox 1377 4990 1574 5068; x_wconf 85' lang='lat' dir='ltr'><strong>quales</strong></span> <span class='ocrx_word' id='word_1_308' title='bbox 1595 5003 1735 5050; x_wconf 87' lang='lat' dir='ltr'><strong>sunt</strong></span> <span class='ocrx_word' id='word_1_309' title='bbox 1758 4991 1830 5049; x_wconf 85' lang='lat' dir='ltr'><strong>de</strong></span> 
     </span>
     <span class='ocr_line' id='line_1_53' title="bbox 284 5076 1831 5151; baseline -0.004 -8"><span class='ocrx_word' id='word_1_310' title='bbox 284 5086 501 5143; x_wconf 74' lang='lat' dir='ltr'><strong>mmsis</strong></span> <span class='ocrx_word' id='word_1_311' title='bbox 531 5080 836 5142; x_wconf 84' lang='lat' dir='ltr'><strong>coronatis</strong></span> <span class='ocrx_word' id='word_1_312' title='bbox 859 5080 1240 5141; x_wconf 66' lang='lat' dir='ltr'><strong>Hebraeorum</strong></span> <span class='ocrx_word' id='word_1_313' title='bbox 1267 5076 1338 5135; x_wconf 84' lang='lat' dir='ltr'><strong>ad</strong></span> <span class='ocrx_word' id='word_1_314' title='bbox 1367 5078 1510 5136; x_wconf 89' lang='lat' dir='ltr'><strong>Plut.</strong></span> <span class='ocrx_word' id='word_1_315' title='bbox 1535 5080 1727 5151; x_wconf 83' lang='lat'><strong>-1056,</strong></span> <span class='ocrx_word' id='word_1_316' title='bbox 1760 5079 1831 5137; x_wconf 88' lang='lat' dir='ltr'><strong>de</strong></span> 
     </span>
    </p>
   </div>
   <div class='ocr_carea' id='block_1_6' title="bbox 1905 862 3437 1117">
    <p class='ocr_par' dir='ltr' id='par_1_13' title="bbox 1905 862 3437 1117">
     <span class='ocr_line' id='line_1_54' title="bbox 1905 862 3434 942; baseline 0.003 -24"><span class='ocrx_word' id='word_1_317' title='bbox 1905 864 2135 921; x_wconf 84' lang='lat' dir='ltr'><strong>Venere</strong></span> <span class='ocrx_word' id='word_1_318' title='bbox 2174 863 2447 940; x_wconf 81' lang='lat' dir='ltr'><strong>genitrice</strong></span> <span class='ocrx_word' id='word_1_319' title='bbox 2487 863 2557 921; x_wconf 83' lang='lat' dir='ltr'><strong>ad</strong></span> <span class='ocrx_word' id='word_1_320' title='bbox 2587 862 2739 925; x_wconf 62' lang='grc' dir='ltr'><strong>Ναὶ).</strong></span> <span class='ocrx_word' id='word_1_321' title='bbox 2793 864 2863 921; x_wconf 83' lang='lat'><strong>52</strong></span> <span class='ocrx_word' id='word_1_322' title='bbox 2889 908 2907 941; x_wconf 91' lang='lat'>,</span> <span class='ocrx_word' id='word_1_323' title='bbox 2958 875 3012 921; x_wconf 88' lang='lat' dir='ltr'><strong>et</strong></span> <span class='ocrx_word' id='word_1_324' title='bbox 3053 876 3322 942; x_wconf 70' lang='lat' dir='ltr'><strong>excerpta</strong></span> <span class='ocrx_word' id='word_1_325' title='bbox 3363 886 3434 923; x_wconf 84' lang='lat' dir='ltr'><strong>ex</strong></span> 
     </span>
     <span class='ocr_line' id='line_1_55' title="bbox 1907 950 3437 1023; baseline 0.001 -14"><span class='ocrx_word' id='word_1_326' title='bbox 1907 952 2184 1010; x_wconf 69' lang='lat' dir='ltr'><strong>Athenaeo</strong></span> <span class='ocrx_word' id='word_1_327' title='bbox 2213 952 2286 1010; x_wconf 81' lang='lat' dir='ltr'><strong>de</strong></span> <span class='ocrx_word' id='word_1_328' title='bbox 2314 950 2451 1009; x_wconf 88' lang='lat' dir='ltr'><strong>ludo</strong></span> <span class='ocrx_word' id='word_1_329' title='bbox 2476 950 2695 1010; x_wconf 85' lang='lat' dir='ltr'><strong>cottabi</strong></span> <span class='ocrx_word' id='word_1_330' title='bbox 2718 952 2788 1009; x_wconf 83' lang='lat' dir='ltr'><strong>ad</strong></span> <span class='ocrx_word' id='word_1_331' title='bbox 2818 958 2944 1014; x_wconf 81' lang='lat' dir='ltr'><strong>Pac.</strong></span> <span class='ocrx_word' id='word_1_332' title='bbox 2980 961 3149 1023; x_wconf 73' lang='lat'><strong>1244.</strong></span> <span class='ocrx_word' id='word_1_333' title='bbox 3176 954 3437 1013; x_wconf 84' lang='lat' dir='ltr'><strong>Vocabu-</strong></span> 
     </span>
     <span class='ocr_line' id='line_1_56' title="bbox 1909 1039 3436 1117; baseline 0.002 -21"><span class='ocrx_word' id='word_1_334' title='bbox 1909 1040 2099 1098; x_wconf 83' lang='lat' dir='ltr'><strong>lorum</strong></span> <span class='ocrx_word' id='word_1_335' title='bbox 2119 1039 2497 1099; x_wconf 77' lang='lat' dir='ltr'><strong>barbarorum</strong></span> <span class='ocrx_word' id='word_1_336' title='bbox 2521 1060 2659 1103; x_wconf 82' lang='lat' dir='ltr'><strong>usus</strong></span> <span class='ocrx_word' id='word_1_337' title='bbox 2684 1040 2889 1097; x_wconf 84' lang='lat' dir='ltr'><strong>iisdem</strong></span> <span class='ocrx_word' id='word_1_338' title='bbox 2911 1040 3122 1117; x_wconf 80' lang='lat' dir='ltr'><strong>quibus</strong></span> <span class='ocrx_word' id='word_1_339' title='bbox 3147 1043 3204 1099; x_wconf 90' lang='lat' dir='ltr'><strong>in</strong></span> <span class='ocrx_word' id='word_1_340' title='bbox 3219 1047 3436 1100; x_wconf 76' lang='lat' dir='ltr'><strong>Raven-</strong></span> 
     </span>
    </p>
   </div>
   <div class='ocr_carea' id='block_1_7' title="bbox 1853 1126 3435 1210">
    <p class='ocr_par' dir='ltr' id='par_1_14' title="bbox 1853 1126 3435 1210">
     <span class='ocr_line' id='line_1_57' title="bbox 1853 1126 3435 1210; baseline 0 -23"><span class='ocrx_word' id='word_1_341' title='bbox 1853 1178 1854 1187; x_wconf 70' lang='grc'>,</span> <span class='ocrx_word' id='word_1_342' title='bbox 1905 1139 2039 1186; x_wconf 84' lang='lat' dir='ltr'><strong>nate</strong></span> <span class='ocrx_word' id='word_1_343' title='bbox 2060 1128 2272 1187; x_wconf 86' lang='lat' dir='ltr'><strong>finibus</strong></span> <span class='ocrx_word' id='word_1_344' title='bbox 2291 1129 2637 1187; x_wconf 69' lang='lat' dir='ltr'><strong>continetur.</strong></span> <span class='ocrx_word' id='word_1_345' title='bbox 2669 1128 2761 1187; x_wconf 86' lang='lat' dir='ltr'><strong>Sic</strong></span> <span class='ocrx_word' id='word_1_346' title='bbox 2788 1126 3061 1209; x_wconf 80' lang='grc' dir='ltr'>σουδάριον</span> <span class='ocrx_word' id='word_1_347' title='bbox 3089 1140 3146 1186; x_wconf 78' lang='lat' dir='ltr'><strong>et</strong></span> <span class='ocrx_word' id='word_1_348' title='bbox 3168 1129 3435 1210; x_wconf 78' lang='grc' dir='ltr'>φακιόλιον</span> 
     </span>
    </p>
   </div>
   <div class='ocr_carea' id='block_1_8' title="bbox 1906 1216 3447 1733">
    <p class='ocr_par' dir='ltr' id='par_1_15' title="bbox 1906 1216 3447 1560">
     <span class='ocr_line' id='line_1_58' title="bbox 1906 1216 3438 1295; baseline 0.001 -23"><span class='ocrx_word' id='word_1_349' title='bbox 1906 1228 1995 1273; x_wconf 83' lang='lat' dir='ltr'><strong>est</strong></span> <span class='ocrx_word' id='word_1_350' title='bbox 2018 1219 2078 1274; x_wconf 87' lang='lat' dir='ltr'><strong>in</strong></span> <span class='ocrx_word' id='word_1_351' title='bbox 2098 1217 2321 1275; x_wconf 81' lang='lat' dir='ltr'><strong>scholio</strong></span> <span class='ocrx_word' id='word_1_352' title='bbox 2344 1218 2497 1275; x_wconf 88' lang='lat' dir='ltr'><strong>Pluti</strong></span> <span class='ocrx_word' id='word_1_353' title='bbox 2520 1238 2656 1294; x_wconf 80' lang='grc'><strong>729,</strong></span> <span class='ocrx_word' id='word_1_354' title='bbox 2688 1216 2884 1295; x_wconf 78' lang='grc' dir='ltr'>ὀγκίνοι</span> <span class='ocrx_word' id='word_1_355' title='bbox 2914 1217 2996 1277; x_wconf 86' lang='lat' dir='ltr'><strong>ib.</strong></span> <span class='ocrx_word' id='word_1_356' title='bbox 3023 1218 3129 1285; x_wconf 71' lang='lat'><strong>431</strong></span> <span class='ocrx_word' id='word_1_357' title='bbox 3149 1262 3165 1290; x_wconf 93' lang='lat'>,</span> <span class='ocrx_word' id='word_1_358' title='bbox 3195 1238 3438 1293; x_wconf 79' lang='grc' dir='ltr'>κοντομε·</span> 
     </span>
     <span class='ocr_line' id='line_1_59' title="bbox 1907 1303 3447 1383; baseline -0.003 -22"><span class='ocrx_word' id='word_1_359' title='bbox 1907 1308 2103 1383; x_wconf 76' lang='grc' dir='ltr'>τροῧσα</span> <span class='ocrx_word' id='word_1_360' title='bbox 2142 1303 2220 1362; x_wconf 92' lang='lat' dir='ltr'><strong>ib.</strong></span> <span class='ocrx_word' id='word_1_361' title='bbox 2247 1304 2360 1371; x_wconf 72' lang='lat'><strong>436</strong></span> <span class='ocrx_word' id='word_1_362' title='bbox 2382 1348 2399 1377; x_wconf 91' lang='lat'>,</span> <span class='ocrx_word' id='word_1_363' title='bbox 2427 1303 2641 1369; x_wconf 78' lang='grc' dir='ltr'>πατελίς</span> <span class='ocrx_word' id='word_1_364' title='bbox 2670 1304 2810 1361; x_wconf 86' lang='lat' dir='ltr'><strong>ibid.</strong></span> <span class='ocrx_word' id='word_1_365' title='bbox 2854 1325 2997 1380; x_wconf 88' lang='lat'><strong>1097</strong></span> <span class='ocrx_word' id='word_1_366' title='bbox 3021 1348 3038 1377; x_wconf 92' lang='lat'>,</span> <span class='ocrx_word' id='word_1_367' title='bbox 3072 1303 3447 1380; x_wconf 81' lang='grc' dir='ltr'>καμηλαύκιον</span> 
     </span>
     <span class='ocr_line' id='line_1_60' title="bbox 1908 1390 3436 1473; baseline 0 -24"><span class='ocrx_word' id='word_1_368' title='bbox 1908 1392 1982 1449; x_wconf 81' lang='lat' dir='ltr'><strong>ad</strong></span> <span class='ocrx_word' id='word_1_369' title='bbox 2007 1391 2156 1450; x_wconf 80' lang='lat' dir='ltr'><strong>Nub.</strong></span> <span class='ocrx_word' id='word_1_370' title='bbox 2190 1395 2300 1450; x_wconf 86' lang='grc'><strong>268</strong></span> <span class='ocrx_word' id='word_1_371' title='bbox 2322 1435 2339 1461; x_wconf 89' lang='grc'>,</span> <span class='ocrx_word' id='word_1_372' title='bbox 2372 1390 2670 1473; x_wconf 55' lang='lat' dir='ltr'><strong>&amp;adp-toulon</strong></span> <span class='ocrx_word' id='word_1_373' title='bbox 2701 1391 2782 1450; x_wconf 89' lang='lat' dir='ltr'><strong>ib.</strong></span> <span class='ocrx_word' id='word_1_374' title='bbox 2815 1415 2835 1449; x_wconf 83' lang='lat'>1</span> <span class='ocrx_word' id='word_1_375' title='bbox 2855 1394 2983 1451; x_wconf 79' lang='lat'><strong>136.</strong></span> <span class='ocrx_word' id='word_1_376' title='bbox 3028 1395 3230 1451; x_wconf 87' lang='lat' dir='ltr'><strong>Latina</strong></span> <span class='ocrx_word' id='word_1_377' title='bbox 3252 1391 3436 1450; x_wconf 81' lang='grc' dir='ltr'><strong>ἐκσκέ-</strong></span> 
     </span>
     <span class='ocr_line' id='line_1_61' title="bbox 1907 1479 3429 1560; baseline -0.002 -21"><span class='ocrx_word' id='word_1_378' title='bbox 1907 1502 2078 1559; x_wconf 78' lang='grc' dir='ltr'><strong>πτορα</strong></span> <span class='ocrx_word' id='word_1_379' title='bbox 2106 1481 2184 1539; x_wconf 92' lang='lat' dir='ltr'><strong>ib.</strong></span> <span class='ocrx_word' id='word_1_380' title='bbox 2209 1501 2344 1553; x_wconf 88' lang='lat'><strong>770,</strong></span> <span class='ocrx_word' id='word_1_381' title='bbox 2370 1479 2664 1560; x_wconf 78' lang='grc' dir='ltr'>δηλάτοροις</span> <span class='ocrx_word' id='word_1_382' title='bbox 2691 1481 2761 1538; x_wconf 87' lang='lat' dir='ltr'><strong>ad</strong></span> <span class='ocrx_word' id='word_1_383' title='bbox 2788 1481 2936 1541; x_wconf 82' lang='lat' dir='ltr'><strong>Plut.</strong></span> <span class='ocrx_word' id='word_1_384' title='bbox 2974 1482 3108 1550; x_wconf 84' lang='grc'><strong>287.</strong></span> <span class='ocrx_word' id='word_1_385' title='bbox 3425 1487 3429 1492; x_wconf 87' lang='grc'><em>’</em></span> 
     </span>
    </p>

    <p class='ocr_par' dir='ltr' id='par_1_16' title="bbox 1911 1566 3438 1733">
     <span class='ocr_line' id='line_1_62' title="bbox 1989 1566 3436 1647; baseline 0.001 -23"><span class='ocrx_word' id='word_1_386' title='bbox 1989 1573 2209 1626; x_wconf 89' lang='lat' dir='ltr'><strong>Veneto</strong></span> <span class='ocrx_word' id='word_1_387' title='bbox 2236 1577 2348 1639; x_wconf 90' lang='grc'><strong>474</strong></span> <span class='ocrx_word' id='word_1_388' title='bbox 2375 1566 2486 1647; x_wconf 87' lang='lat' dir='ltr'><strong>(V.)</strong></span> <span class='ocrx_word' id='word_1_389' title='bbox 2520 1579 2630 1624; x_wconf 82' lang='lat' dir='ltr'><strong>tam</strong></span> <span class='ocrx_word' id='word_1_390' title='bbox 2673 1568 2874 1626; x_wconf 81' lang='lat' dir='ltr'><strong>similis</strong></span> <span class='ocrx_word' id='word_1_391' title='bbox 2894 1579 2982 1626; x_wconf 88' lang='lat' dir='ltr'><strong>est</strong></span> <span class='ocrx_word' id='word_1_392' title='bbox 3012 1566 3158 1624; x_wconf 83' lang='lat' dir='ltr'><strong>alter</strong></span> <span class='ocrx_word' id='word_1_393' title='bbox 3183 1566 3436 1643; x_wconf 84' lang='lat' dir='ltr'><strong>ejusdem</strong></span> 
     </span>
     <span class='ocr_line' id='line_1_63' title="bbox 1911 1654 3438 1733; baseline 0.001 -21"><span class='ocrx_word' id='word_1_394' title='bbox 1911 1654 2274 1714; x_wconf 71' lang='lat' dir='ltr'><strong>bibliothecae</strong></span> <span class='ocrx_word' id='word_1_395' title='bbox 2300 1655 2484 1713; x_wconf 80' lang='lat' dir='ltr'><strong>codex</strong></span> <span class='ocrx_word' id='word_1_396' title='bbox 2518 1655 2638 1732; x_wconf 83' lang='lat' dir='ltr'><strong>(G.)</strong></span> <span class='ocrx_word' id='word_1_397' title='bbox 2659 1699 2676 1728; x_wconf 93' lang='lat'>,</span> <span class='ocrx_word' id='word_1_398' title='bbox 2727 1669 2792 1714; x_wconf 82' lang='lat' dir='ltr'><strong>ut</strong></span> <span class='ocrx_word' id='word_1_399' title='bbox 2834 1656 3155 1733; x_wconf 84' lang='lat' dir='ltr'><strong>descriptus</strong></span> <span class='ocrx_word' id='word_1_400' title='bbox 3202 1675 3274 1713; x_wconf 83' lang='lat' dir='ltr'><strong>ex</strong></span> <span class='ocrx_word' id='word_1_401' title='bbox 3308 1657 3438 1733; x_wconf 86' lang='lat' dir='ltr'><strong>ipso</strong></span> 
     </span>
    </p>
   </div>
   <div class='ocr_carea' id='block_1_9' title="bbox 1897 1739 3436 1821">
    <p class='ocr_par' dir='ltr' id='par_1_17' title="bbox 1897 1739 3436 1821">
     <span class='ocr_line' id='line_1_64' title="bbox 1897 1739 3436 1821; baseline -0.001 -20"><span class='ocrx_word' id='word_1_402' title='bbox 1897 1739 2214 1815; x_wconf 51' lang='lat' dir='ltr'><strong>&#39;videntum</strong></span> <span class='ocrx_word' id='word_1_403' title='bbox 2252 1743 2478 1801; x_wconf 83' lang='lat' dir='ltr'><strong>omissis</strong></span> <span class='ocrx_word' id='word_1_404' title='bbox 2506 1743 2852 1821; x_wconf 85' lang='lat' dir='ltr'><strong>plerumque</strong></span> <span class='ocrx_word' id='word_1_405' title='bbox 2877 1743 3230 1821; x_wconf 83' lang='lat' dir='ltr'><strong>glossematis</strong></span> <span class='ocrx_word' id='word_1_406' title='bbox 3254 1742 3436 1800; x_wconf 84' lang='lat' dir='ltr'><strong>inter-</strong></span> 
     </span>
    </p>
   </div>
   <div class='ocr_carea' id='block_1_10' title="bbox 1910 1828 3499 3032">
    <p class='ocr_par' dir='ltr' id='par_1_18' title="bbox 1910 1828 3499 3032">
     <span class='ocr_line' id='line_1_65' title="bbox 1911 1828 3439 1908; baseline -0.001 -20"><span class='ocrx_word' id='word_1_407' title='bbox 1911 1831 2225 1889; x_wconf 81' lang='lat' dir='ltr'><strong>linearibus</strong></span> <span class='ocrx_word' id='word_1_408' title='bbox 2244 1876 2259 1902; x_wconf 92' lang='lat'>,</span> <span class='ocrx_word' id='word_1_409' title='bbox 2300 1851 2428 1907; x_wconf 81' lang='lat' dir='ltr'><strong>quae</strong></span> <span class='ocrx_word' id='word_1_410' title='bbox 2456 1830 2621 1907; x_wconf 84' lang='lat' dir='ltr'><strong>prior</strong></span> <span class='ocrx_word' id='word_1_411' title='bbox 2646 1831 2744 1890; x_wconf 89' lang='lat' dir='ltr'><strong>ille</strong></span> <span class='ocrx_word' id='word_1_412' title='bbox 2767 1851 2884 1888; x_wconf 91' lang='lat' dir='ltr'><strong>non</strong></span> <span class='ocrx_word' id='word_1_413' title='bbox 2914 1850 3095 1908; x_wconf 86' lang='lat' dir='ltr'><strong>pauca</strong></span> <span class='ocrx_word' id='word_1_414' title='bbox 3122 1828 3315 1900; x_wconf 79' lang='lat' dir='ltr'><strong>habet,</strong></span> <span class='ocrx_word' id='word_1_415' title='bbox 3340 1830 3439 1886; x_wconf 82' lang='lat' dir='ltr'><strong>ad·</strong></span> 
     </span>
     <span class='ocr_line' id='line_1_66' title="bbox 1910 1908 3499 1996; baseline 0 -19"><span class='ocrx_word' id='word_1_416' title='bbox 1910 1918 2046 1977; x_wconf 85' lang='lat' dir='ltr'><strong>ditis</strong></span> <span class='ocrx_word' id='word_1_417' title='bbox 2086 1932 2279 1977; x_wconf 85' lang='lat' dir='ltr'><strong>autem</strong></span> <span class='ocrx_word' id='word_1_418' title='bbox 2320 1908 2553 1977; x_wconf 71' lang='lat' dir='ltr'><strong>aliunde</strong></span> <span class='ocrx_word' id='word_1_419' title='bbox 2595 1932 3002 1996; x_wconf 84' lang='lat' dir='ltr'><strong>excerptorum</strong></span> <span class='ocrx_word' id='word_1_420' title='bbox 3052 1917 3123 1975; x_wconf 88' lang='lat' dir='ltr'><strong>de</strong></span> <span class='ocrx_word' id='word_1_421' title='bbox 3163 1916 3440 1975; x_wconf 66' lang='lat' dir='ltr'><strong>comoedia</strong></span> <span class='ocrx_word' id='word_1_422' title='bbox 3488 1967 3499 1977; x_wconf 92' lang='lat'><strong>.</strong></span> 
     </span>
     <span class='ocr_line' id='line_1_67' title="bbox 1911 2006 3438 2085; baseline -0.002 -21"><span class='ocrx_word' id='word_1_423' title='bbox 1911 2007 2200 2084; x_wconf 83' lang='lat' dir='ltr'><strong>capitibus</strong></span> <span class='ocrx_word' id='word_1_424' title='bbox 2221 2007 2448 2066; x_wconf 83' lang='lat' dir='ltr'><strong>duobus</strong></span> <span class='ocrx_word' id='word_1_425' title='bbox 2479 2007 2527 2085; x_wconf 84' lang='lat'><strong>(1</strong></span> <span class='ocrx_word' id='word_1_426' title='bbox 2559 2021 2615 2063; x_wconf 85' lang='lat' dir='ltr'><strong>et</strong></span> <span class='ocrx_word' id='word_1_427' title='bbox 2634 2013 2690 2066; x_wconf 92' lang='lat'><strong>11</strong></span> <span class='ocrx_word' id='word_1_428' title='bbox 2722 2007 2808 2067; x_wconf 91' lang='lat' dir='ltr'><strong>ed.</strong></span> <span class='ocrx_word' id='word_1_429' title='bbox 2841 2006 3094 2081; x_wconf 76' lang='lat' dir='ltr'><strong>nostrae),</strong></span> <span class='ocrx_word' id='word_1_430' title='bbox 3115 2006 3438 2062; x_wconf 85' lang='lat' dir='ltr'><strong>annotatio·</strong></span> 
     </span>
     <span class='ocr_line' id='line_1_68' title="bbox 1911 2090 3438 2171; baseline -0.001 -20"><span class='ocrx_word' id='word_1_431' title='bbox 1911 2094 2086 2153; x_wconf 79' lang='lat' dir='ltr'><strong>nibus</strong></span> <span class='ocrx_word' id='word_1_432' title='bbox 2117 2094 2336 2171; x_wconf 85' lang='lat' dir='ltr'><strong>aliquot</strong></span> <span class='ocrx_word' id='word_1_433' title='bbox 2378 2093 2451 2150; x_wconf 85' lang='lat' dir='ltr'><strong>ad</strong></span> <span class='ocrx_word' id='word_1_434' title='bbox 2496 2094 2714 2169; x_wconf 85' lang='lat' dir='ltr'><strong>primos</strong></span> <span class='ocrx_word' id='word_1_435' title='bbox 2756 2094 2905 2151; x_wconf 86' lang='lat' dir='ltr'><strong>Pluti</strong></span> <span class='ocrx_word' id='word_1_436' title='bbox 2943 2112 3173 2161; x_wconf 79' lang='lat' dir='ltr'><strong>versus,</strong></span> <span class='ocrx_word' id='word_1_437' title='bbox 3220 2090 3290 2148; x_wconf 87' lang='lat' dir='ltr'><strong>ad</strong></span> <span class='ocrx_word' id='word_1_438' title='bbox 3331 2096 3438 2149; x_wconf 79' lang='lat' dir='ltr'><strong>Av.</strong></span> 
     </span>
     <span class='ocr_line' id='line_1_69' title="bbox 1915 2180 3438 2259; baseline -0.005 -18"><span class='ocrx_word' id='word_1_439' title='bbox 1915 2184 2052 2257; x_wconf 83' lang='lat'>559,</span> <span class='ocrx_word' id='word_1_440' title='bbox 2081 2184 2212 2253; x_wconf 81' lang='lat'><strong>560,</strong></span> <span class='ocrx_word' id='word_1_441' title='bbox 2245 2184 2378 2248; x_wconf 82' lang='lat'>801,</span> <span class='ocrx_word' id='word_1_442' title='bbox 2403 2194 2463 2238; x_wconf 90' lang='lat' dir='ltr'><strong>et</strong></span> <span class='ocrx_word' id='word_1_443' title='bbox 2490 2183 2620 2239; x_wconf 85' lang='lat' dir='ltr'><strong>loco</strong></span> <span class='ocrx_word' id='word_1_444' title='bbox 2643 2181 3009 2259; x_wconf 82' lang='lat' dir='ltr'><strong>Theopompi</strong></span> <span class='ocrx_word' id='word_1_445' title='bbox 3029 2180 3102 2236; x_wconf 81' lang='lat' dir='ltr'><strong>ad</strong></span> <span class='ocrx_word' id='word_1_446' title='bbox 3129 2184 3274 2237; x_wconf 81' lang='lat' dir='ltr'><strong>Rau.</strong></span> <span class='ocrx_word' id='word_1_447' title='bbox 3301 2180 3438 2250; x_wconf 77' lang='lat'>218,</span> 
     </span>
     <span class='ocr_line' id='line_1_70' title="bbox 1915 2267 3441 2348; baseline -0.003 -21"><span class='ocrx_word' id='word_1_448' title='bbox 1915 2289 2088 2348; x_wconf 86' lang='lat' dir='ltr'><strong>quem</strong></span> <span class='ocrx_word' id='word_1_449' title='bbox 2129 2269 2452 2328; x_wconf 80' lang='lat' dir='ltr'><strong>breviorem</strong></span> <span class='ocrx_word' id='word_1_450' title='bbox 2483 2269 2716 2327; x_wconf 81' lang='lat' dir='ltr'><strong>exhibet</strong></span> <span class='ocrx_word' id='word_1_451' title='bbox 2744 2274 2816 2327; x_wconf 73' lang='lat' dir='ltr'><strong>V.</strong></span> <span class='ocrx_word' id='word_1_452' title='bbox 2864 2269 3107 2343; x_wconf 85' lang='lat' dir='ltr'><strong>Reliqua</strong></span> <span class='ocrx_word' id='word_1_453' title='bbox 3139 2267 3441 2343; x_wconf 66' lang='lat' dir='ltr'><strong>scripturas</strong></span> 
     </span>
     <span class='ocr_line' id='line_1_71' title="bbox 1915 2352 3437 2434; baseline -0.005 -19"><span class='ocrx_word' id='word_1_454' title='bbox 1915 2358 2215 2415; x_wconf 85' lang='lat' dir='ltr'><strong>diversitas</strong></span> <span class='ocrx_word' id='word_1_455' title='bbox 2237 2358 2500 2434; x_wconf 85' lang='lat' dir='ltr'><strong>quamvis</strong></span> <span class='ocrx_word' id='word_1_456' title='bbox 2530 2377 2645 2414; x_wconf 88' lang='lat' dir='ltr'><strong>non</strong></span> <span class='ocrx_word' id='word_1_457' title='bbox 2674 2356 3006 2431; x_wconf 83' lang='lat' dir='ltr'><strong>infrequens</strong></span> <span class='ocrx_word' id='word_1_458' title='bbox 3026 2396 3041 2424; x_wconf 92' lang='lat'>,</span> <span class='ocrx_word' id='word_1_459' title='bbox 3078 2366 3265 2410; x_wconf 88' lang='lat' dir='ltr'><strong>tamen</strong></span> <span class='ocrx_word' id='word_1_460' title='bbox 3299 2352 3437 2410; x_wconf 87' lang='lat' dir='ltr'><strong>ubi-</strong></span> 
     </span>
     <span class='ocr_line' id='line_1_72' title="bbox 1915 2440 3440 2521; baseline -0.003 -19"><span class='ocrx_word' id='word_1_461' title='bbox 1915 2466 2028 2521; x_wconf 86' lang='lat' dir='ltr'><strong>que</strong></span> <span class='ocrx_word' id='word_1_462' title='bbox 2053 2457 2140 2501; x_wconf 91' lang='lat' dir='ltr'><strong>est</strong></span> <span class='ocrx_word' id='word_1_463' title='bbox 2167 2443 2449 2521; x_wconf 86' lang='lat' dir='ltr'><strong>ejusmodi</strong></span> <span class='ocrx_word' id='word_1_464' title='bbox 2483 2457 2544 2501; x_wconf 89' lang='lat' dir='ltr'><strong>ut</strong></span> <span class='ocrx_word' id='word_1_465' title='bbox 2564 2443 2798 2501; x_wconf 88' lang='lat' dir='ltr'><strong>librario</strong></span> <span class='ocrx_word' id='word_1_466' title='bbox 2828 2440 3000 2513; x_wconf 82' lang='lat' dir='ltr'><strong>tribui</strong></span> <span class='ocrx_word' id='word_1_467' title='bbox 3028 2442 3205 2518; x_wconf 86' lang='lat' dir='ltr'><strong>possit</strong></span> <span class='ocrx_word' id='word_1_468' title='bbox 3231 2441 3440 2517; x_wconf 87' lang='lat' dir='ltr'><strong>prioris</strong></span> 
     </span>
     <span class='ocr_line' id='line_1_73' title="bbox 1915 2528 3440 2609; baseline -0.003 -19"><span class='ocrx_word' id='word_1_469' title='bbox 1915 2532 2131 2590; x_wconf 86' lang='lat' dir='ltr'><strong>codicis</strong></span> <span class='ocrx_word' id='word_1_470' title='bbox 2172 2532 2532 2609; x_wconf 79' lang='lat' dir='ltr'><strong>corruptelas</strong></span> <span class='ocrx_word' id='word_1_471' title='bbox 2576 2533 2928 2607; x_wconf 81' lang='lat' dir='ltr'><strong>corrigenti:</strong></span> <span class='ocrx_word' id='word_1_472' title='bbox 2960 2529 3017 2585; x_wconf 89' lang='lat' dir='ltr'><strong>in</strong></span> <span class='ocrx_word' id='word_1_473' title='bbox 3066 2548 3183 2605; x_wconf 89' lang='lat' dir='ltr'><strong>quo</strong></span> <span class='ocrx_word' id='word_1_474' title='bbox 3226 2528 3322 2586; x_wconf 89' lang='lat' dir='ltr'><strong>ille</strong></span> <span class='ocrx_word' id='word_1_475' title='bbox 3360 2530 3440 2585; x_wconf 87' lang='lat' dir='ltr'><strong>ita</strong></span> 
     </span>
     <span class='ocr_line' id='line_1_74' title="bbox 1915 2616 3437 2694; baseline -0.003 -16"><span class='ocrx_word' id='word_1_476' title='bbox 1915 2634 2002 2679; x_wconf 88' lang='lat' dir='ltr'><strong>est</strong></span> <span class='ocrx_word' id='word_1_477' title='bbox 2028 2633 2287 2678; x_wconf 82' lang='lat' dir='ltr'><strong>versatus</strong></span> <span class='ocrx_word' id='word_1_478' title='bbox 2306 2632 2370 2677; x_wconf 87' lang='lat' dir='ltr'><strong>ut</strong></span> <span class='ocrx_word' id='word_1_479' title='bbox 2392 2619 2516 2677; x_wconf 85' lang='lat' dir='ltr'><strong>aliis</strong></span> <span class='ocrx_word' id='word_1_480' title='bbox 2541 2620 2601 2677; x_wconf 84' lang='lat' dir='ltr'><strong>in</strong></span> <span class='ocrx_word' id='word_1_481' title='bbox 2625 2620 2766 2677; x_wconf 85' lang='lat' dir='ltr'><strong>locis</strong></span> <span class='ocrx_word' id='word_1_482' title='bbox 2785 2637 2984 2676; x_wconf 82' lang='lat' dir='ltr'><strong>verum</strong></span> <span class='ocrx_word' id='word_1_483' title='bbox 3010 2616 3252 2688; x_wconf 85' lang='lat' dir='ltr'><strong>videret,</strong></span> <span class='ocrx_word' id='word_1_484' title='bbox 3280 2617 3437 2694; x_wconf 89' lang='lat' dir='ltr'><strong>quod</strong></span> 
     </span>
     <span class='ocr_line' id='line_1_75' title="bbox 1916 2707 3438 2767; baseline -0.003 -1"><span class='ocrx_word' id='word_1_485' title='bbox 1916 2729 2034 2767; x_wconf 89' lang='lat' dir='ltr'><strong>non</strong></span> <span class='ocrx_word' id='word_1_486' title='bbox 2080 2707 2317 2766; x_wconf 84' lang='lat' dir='ltr'><strong>difficile</strong></span> <span class='ocrx_word' id='word_1_487' title='bbox 2363 2708 2472 2764; x_wconf 85' lang='lat' dir='ltr'><strong>suit</strong></span> <span class='ocrx_word' id='word_1_488' title='bbox 2512 2708 2576 2764; x_wconf 81' lang='lat' dir='ltr'><strong>in</strong></span> <span class='ocrx_word' id='word_1_489' title='bbox 2625 2720 2711 2765; x_wconf 89' lang='lat' dir='ltr'><strong>tot</strong></span> <span class='ocrx_word' id='word_1_490' title='bbox 2759 2707 3114 2763; x_wconf 87' lang='lat' dir='ltr'><strong>minutorum</strong></span> <span class='ocrx_word' id='word_1_491' title='bbox 3161 2707 3438 2762; x_wconf 80' lang='lat' dir='ltr'><strong>vitiorum</strong></span> 
     </span>
     <span class='ocr_line' id='line_1_76' title="bbox 1915 2792 3441 2870; baseline -0.002 -19"><span class='ocrx_word' id='word_1_492' title='bbox 1915 2796 2289 2863; x_wconf 88' lang='lat' dir='ltr'><strong>correctione,</strong></span> <span class='ocrx_word' id='word_1_493' title='bbox 2326 2795 2385 2851; x_wconf 87' lang='lat' dir='ltr'><strong>in</strong></span> <span class='ocrx_word' id='word_1_494' title='bbox 2411 2793 2534 2851; x_wconf 84' lang='lat' dir='ltr'><strong>aliis</strong></span> <span class='ocrx_word' id='word_1_495' title='bbox 2565 2796 2766 2851; x_wconf 83' lang='lat' dir='ltr'><strong>miram</strong></span> <span class='ocrx_word' id='word_1_496' title='bbox 2796 2793 3069 2870; x_wconf 80' lang='lat' dir='ltr'><strong>proderet</strong></span> <span class='ocrx_word' id='word_1_497' title='bbox 3099 2792 3315 2869; x_wconf 85' lang='lat' dir='ltr'><strong>ingenii</strong></span> <span class='ocrx_word' id='word_1_498' title='bbox 3340 2792 3441 2848; x_wconf 85' lang='lat' dir='ltr'><strong>he-</strong></span> 
     </span>
     <span class='ocr_line' id='line_1_77' title="bbox 1915 2880 3439 2958; baseline -0.002 -19"><span class='ocrx_word' id='word_1_499' title='bbox 1915 2880 2267 2950; x_wconf 85' lang='lat' dir='ltr'><strong>betudinem,</strong></span> <span class='ocrx_word' id='word_1_500' title='bbox 2296 2881 2458 2958; x_wconf 87' lang='lat' dir='ltr'><strong>cujus</strong></span> <span class='ocrx_word' id='word_1_501' title='bbox 2480 2883 2617 2940; x_wconf 84' lang='lat' dir='ltr'><strong>satis</strong></span> <span class='ocrx_word' id='word_1_502' title='bbox 2635 2882 2746 2940; x_wconf 79' lang='lat' dir='ltr'><strong>erit</strong></span> <span class='ocrx_word' id='word_1_503' title='bbox 2767 2881 2986 2957; x_wconf 75' lang='lat' dir='ltr'><strong>aliquot</strong></span> <span class='ocrx_word' id='word_1_504' title='bbox 3010 2880 3121 2936; x_wconf 87' lang='lat' dir='ltr'><strong>hoc</strong></span> <span class='ocrx_word' id='word_1_505' title='bbox 3144 2880 3273 2936; x_wconf 92' lang='lat' dir='ltr'><strong>loco</strong></span> <span class='ocrx_word' id='word_1_506' title='bbox 3300 2899 3439 2956; x_wconf 84' lang='lat' dir='ltr'><strong>pro-</strong></span> 
     </span>
     <span class='ocr_line' id='line_1_78' title="bbox 1917 2970 2555 3032; baseline -0.016 1"><span class='ocrx_word' id='word_1_507' title='bbox 1917 2970 2147 3032; x_wconf 69' lang='lat' dir='ltr'><strong>duxisse</strong></span> <span class='ocrx_word' id='word_1_508' title='bbox 2170 2970 2555 3032; x_wconf 80' lang='lat' dir='ltr'><strong>documenta:</strong></span> 
     </span>
    </p>
   </div>
   <div class='ocr_carea' id='block_1_11' title="bbox 1915 3066 3364 3483">
    <p class='ocr_par' dir='ltr' id='par_1_19' title="bbox 1915 3066 3364 3483">
     <span class='ocr_line' id='line_1_79' title="bbox 2153 3066 3364 3122; baseline -0.003 0"><span class='ocrx_word' id='word_1_509' title='bbox 2153 3079 2196 3122; x_wconf 76' lang='lat' dir='ltr'><strong>v</strong></span> <span class='ocrx_word' id='word_1_510' title='bbox 2691 3078 2731 3122; x_wconf 83' lang='lat' dir='ltr'><strong>G</strong></span> <span class='ocrx_word' id='word_1_511' title='bbox 2961 3066 2971 3080; x_wconf 92' lang='lat'>&#39;</span> <span class='ocrx_word' id='word_1_512' title='bbox 3057 3069 3364 3119; x_wconf 83' lang='lat' dir='ltr'><strong>scribendum</strong></span> 
     </span>
     <span class='ocr_line' id='line_1_80' title="bbox 1915 3144 3156 3211; baseline -0.006 1"><span class='ocrx_word' id='word_1_513' title='bbox 1915 3156 2004 3198; x_wconf 71' lang='lat' dir='ltr'><strong>u.</strong></span> <span class='ocrx_word' id='word_1_514' title='bbox 2039 3147 2130 3196; x_wconf 70' lang='lat'><strong>4⁶⁵</strong></span> <span class='ocrx_word' id='word_1_515' title='bbox 2144 3145 2339 3211; x_wconf 66' lang='grc' dir='ltr'><strong>ῥωμέως</strong></span> <span class='ocrx_word' id='word_1_516' title='bbox 2478 3144 2722 3209; x_wconf 71' lang='grc' dir='ltr'><strong>ῥωμαλέον</strong></span> <span class='ocrx_word' id='word_1_517' title='bbox 2980 3144 3156 3204; x_wconf 71' lang='grc' dir='ltr'>νομέως</span> 
     </span>
     <span class='ocr_line' id='line_1_81' title="bbox 2015 3214 3158 3278; baseline -0.004 -13"><span class='ocrx_word' id='word_1_518' title='bbox 2015 3221 2132 3266; x_wconf 82' lang='grc'><strong>1395</strong></span> <span class='ocrx_word' id='word_1_519' title='bbox 2153 3217 2337 3278; x_wconf 73' lang='grc' dir='ltr'>ἑνιαυτῇ</span> <span class='ocrx_word' id='word_1_520' title='bbox 2479 3215 2527 3263; x_wconf 82' lang='grc' dir='ltr'><strong>ἐν</strong></span> <span class='ocrx_word' id='word_1_521' title='bbox 2547 3214 2738 3276; x_wconf 81' lang='grc' dir='ltr'>τοιαύτῃ</span> <span class='ocrx_word' id='word_1_522' title='bbox 2981 3214 3081 3261; x_wconf 74' lang='grc' dir='ltr'><strong>ἔνια</strong></span> <span class='ocrx_word' id='word_1_523' title='bbox 3100 3219 3158 3277; x_wconf 80' lang='grc' dir='ltr'><strong>τῇ</strong></span> 
     </span>
     <span class='ocr_line' id='line_1_82' title="bbox 2015 3282 3268 3347; baseline -0.003 -9"><span class='ocrx_word' id='word_1_524' title='bbox 2015 3292 2133 3338; x_wconf 79' lang='grc'><strong>1490</strong></span> <span class='ocrx_word' id='word_1_525' title='bbox 2150 3285 2438 3336; x_wconf 78' lang='grc' dir='ltr'>τιτανωπάσι</span> <span class='ocrx_word' id='word_1_526' title='bbox 2477 3284 2646 3347; x_wconf 82' lang='grc' dir='ltr'>τιτάνῳ</span> <span class='ocrx_word' id='word_1_527' title='bbox 2667 3282 2903 3346; x_wconf 60' lang='lat' dir='ltr'><strong>macchi(</strong></span> <span class='ocrx_word' id='word_1_528' title='bbox 2981 3286 3268 3334; x_wconf 81' lang='grc' dir='ltr'>Τιτανόπασι</span> 
     </span>
     <span class='ocr_line' id='line_1_83' title="bbox 1990 3359 3306 3483; baseline -0.004 -14"><span class='ocrx_word' id='word_1_529' title='bbox 1990 3457 1995 3462; x_wconf 77' lang='lat'>-</span> <span class='ocrx_word' id='word_1_530' title='bbox 2014 3420 2132 3469; x_wconf 79' lang='lat'>15⁵6</span> <span class='ocrx_word' id='word_1_531' title='bbox 2152 3359 2301 3483; x_wconf 67' lang='grc' dir='ltr'>βωδνλλ</span> <span class='ocrx_word' id='word_1_532' title='bbox 2476 3414 2706 3465; x_wconf 73' lang='grc' dir='ltr'>ἃιαὸἆ-λλιι</span> <span class='ocrx_word' id='word_1_533' title='bbox 2980 3416 3306 3472; x_wconf 64' lang='grc' dir='ltr'><strong>Βαβυλωνίοις.</strong></span> 
     </span>
    </p>
   </div>
   <div class='ocr_carea' id='block_1_12' title="bbox 2452 3079 2472 3486">
    <p class='ocr_par' dir='ltr' id='par_1_20' title="bbox 2452 3079 2472 3486">
     <span class='ocr_line' id='line_1_84' title="bbox 2452 3079 2472 3486; baseline 0 2239"><span class='ocrx_word' id='word_1_534' title='bbox 2452 3079 2472 3486; x_wconf 95' lang='lat' dir='ltr'><strong> </strong></span> 
     </span>
    </p>
   </div>
   <div class='ocr_carea' id='block_1_13' title="bbox 2958 3085 2971 3485">
    <p class='ocr_par' dir='ltr' id='par_1_21' title="bbox 2958 3085 2971 3485">
     <span class='ocr_line' id='line_1_85' title="bbox 2958 3085 2971 3485; baseline 0 2240"><span class='ocrx_word' id='word_1_535' title='bbox 2958 3085 2971 3485; x_wconf 95' lang='lat' dir='ltr'><strong> </strong></span> 
     </span>
    </p>
   </div>
   <div class='ocr_carea' id='block_1_14' title="bbox 1915 3494 3525 5197">
    <p class='ocr_par' dir='ltr' id='par_1_22' title="bbox 1916 3494 3444 3997">
     <span class='ocr_line' id='line_1_86' title="bbox 1917 3494 3438 3573; baseline -0.002 -17"><span class='ocrx_word' id='word_1_536' title='bbox 1917 3498 2216 3558; x_wconf 72' lang='lat' dir='ltr'><strong>Interdum</strong></span> <span class='ocrx_word' id='word_1_537' title='bbox 2258 3496 2492 3556; x_wconf 78' lang='lat' dir='ltr'><strong>lacunas</strong></span> <span class='ocrx_word' id='word_1_538' title='bbox 2528 3494 2775 3554; x_wconf 79' lang='lat' dir='ltr'><strong>absurde</strong></span> <span class='ocrx_word' id='word_1_539' title='bbox 2810 3497 3095 3573; x_wconf 82' lang='lat' dir='ltr'><strong>explevit,</strong></span> <span class='ocrx_word' id='word_1_540' title='bbox 3140 3495 3295 3552; x_wconf 81' lang='lat' dir='ltr'><strong>velut</strong></span> <span class='ocrx_word' id='word_1_541' title='bbox 3334 3501 3438 3554; x_wconf 79' lang='lat' dir='ltr'><strong>Av.</strong></span> 
     </span>
     <span class='ocr_line' id='line_1_87' title="bbox 1918 3584 3442 3660; baseline -0.001 -17"><span class='ocrx_word' id='word_1_542' title='bbox 1918 3589 2054 3658; x_wconf 76' lang='grc'><strong>874,</strong></span> <span class='ocrx_word' id='word_1_543' title='bbox 2092 3605 2261 3660; x_wconf 80' lang='grc' dir='ltr'><strong>ι297,</strong></span> <span class='ocrx_word' id='word_1_544' title='bbox 2288 3586 2379 3642; x_wconf 81' lang='lat' dir='ltr'><strong>vel</strong></span> <span class='ocrx_word' id='word_1_545' title='bbox 2406 3604 2521 3644; x_wconf 84' lang='lat' dir='ltr'><strong>non</strong></span> <span class='ocrx_word' id='word_1_546' title='bbox 2552 3584 2838 3641; x_wconf 80' lang='lat' dir='ltr'><strong>intellecta</strong></span> <span class='ocrx_word' id='word_1_547' title='bbox 2870 3585 2944 3642; x_wconf 78' lang='lat' dir='ltr'><strong>ab</strong></span> <span class='ocrx_word' id='word_1_548' title='bbox 2972 3606 3035 3643; x_wconf 86' lang='lat' dir='ltr'><strong>se</strong></span> <span class='ocrx_word' id='word_1_549' title='bbox 3062 3585 3315 3643; x_wconf 86' lang='lat' dir='ltr'><strong>correxit</strong></span> <span class='ocrx_word' id='word_1_550' title='bbox 3333 3627 3350 3656; x_wconf 90' lang='lat'>‚</span> <span class='ocrx_word' id='word_1_551' title='bbox 3378 3598 3442 3641; x_wconf 84' lang='lat' dir='ltr'><strong>ut</strong></span> 
     </span>
     <span class='ocr_line' id='line_1_88' title="bbox 1917 3671 3441 3752; baseline -0.001 -20"><span class='ocrx_word' id='word_1_552' title='bbox 1917 3680 2045 3732; x_wconf 89' lang='lat' dir='ltr'><strong>Pac.</strong></span> <span class='ocrx_word' id='word_1_553' title='bbox 2073 3675 2189 3750; x_wconf 83' lang='lat'><strong>959</strong></span> <span class='ocrx_word' id='word_1_554' title='bbox 2212 3715 2227 3744; x_wconf 91' lang='lat'>,</span> <span class='ocrx_word' id='word_1_555' title='bbox 2252 3671 2350 3743; x_wconf 79' lang='grc' dir='ltr'><strong>τὴν</strong></span> <span class='ocrx_word' id='word_1_556' title='bbox 2392 3671 2632 3750; x_wconf 81' lang='grc' dir='ltr'>κωμικὴν</span> <span class='ocrx_word' id='word_1_557' title='bbox 2668 3671 2874 3752; x_wconf 77' lang='grc' dir='ltr'>γράψας</span> <span class='ocrx_word' id='word_1_558' title='bbox 2914 3672 3051 3740; x_wconf 82' lang='grc' dir='ltr'>λέξιν</span> <span class='ocrx_word' id='word_1_559' title='bbox 3098 3673 3341 3731; x_wconf 78' lang='lat' dir='ltr'><strong>mutavit</strong></span> <span class='ocrx_word' id='word_1_560' title='bbox 3384 3674 3441 3730; x_wconf 91' lang='lat' dir='ltr'><strong>in</strong></span> 
     </span>
     <span class='ocr_line' id='line_1_89' title="bbox 1916 3759 3444 3843; baseline -0.001 -24"><span class='ocrx_word' id='word_1_561' title='bbox 1916 3762 2199 3843; x_wconf 73' lang='grc' dir='ltr'>κωμῳδίαν</span> <span class='ocrx_word' id='word_1_562' title='bbox 2226 3759 2446 3841; x_wconf 80' lang='grc' dir='ltr'><strong>γράψας.</strong></span> <span class='ocrx_word' id='word_1_563' title='bbox 2476 3766 2602 3820; x_wconf 85' lang='lat' dir='ltr'><strong>Hoc</strong></span> <span class='ocrx_word' id='word_1_564' title='bbox 2627 3761 2776 3818; x_wconf 88' lang='lat' dir='ltr'><strong>libro</strong></span> <span class='ocrx_word' id='word_1_565' title='bbox 2803 3761 2883 3819; x_wconf 87' lang='lat' dir='ltr'><strong>ita</strong></span> <span class='ocrx_word' id='word_1_566' title='bbox 2904 3782 3029 3819; x_wconf 84' lang='lat' dir='ltr'><strong>sum</strong></span> <span class='ocrx_word' id='word_1_567' title='bbox 3066 3781 3202 3818; x_wconf 87' lang='lat' dir='ltr'><strong>usus</strong></span> <span class='ocrx_word' id='word_1_568' title='bbox 3234 3774 3300 3820; x_wconf 88' lang='lat' dir='ltr'><strong>ut</strong></span> <span class='ocrx_word' id='word_1_569' title='bbox 3320 3761 3444 3819; x_wconf 89' lang='lat' dir='ltr'><strong>dis--</strong></span> 
     </span>
     <span class='ocr_line' id='line_1_90' title="bbox 1917 3849 3441 3926; baseline -0.001 -18"><span class='ocrx_word' id='word_1_570' title='bbox 1917 3871 2145 3912; x_wconf 86' lang='lat' dir='ltr'><strong>sensum</strong></span> <span class='ocrx_word' id='word_1_571' title='bbox 2181 3849 2304 3926; x_wconf 86' lang='lat' dir='ltr'><strong>ejus</strong></span> <span class='ocrx_word' id='word_1_572' title='bbox 2329 3871 2363 3910; x_wconf 88' lang='lat' dir='ltr'><strong>a</strong></span> <span class='ocrx_word' id='word_1_573' title='bbox 2386 3856 2608 3908; x_wconf 76' lang='lat' dir='ltr'><strong>Veneto</strong></span> <span class='ocrx_word' id='word_1_574' title='bbox 2639 3851 2831 3926; x_wconf 85' lang='lat' dir='ltr'><strong>priore</strong></span> <span class='ocrx_word' id='word_1_575' title='bbox 2858 3865 3220 3924; x_wconf 83' lang='lat' dir='ltr'><strong>annotarem,</strong></span> <span class='ocrx_word' id='word_1_576' title='bbox 3264 3851 3441 3908; x_wconf 89' lang='lat' dir='ltr'><strong>omit-</strong></span> 
     </span>
     <span class='ocr_line' id='line_1_91' title="bbox 1917 3951 2484 3997; baseline -0.004 0"><span class='ocrx_word' id='word_1_577' title='bbox 1917 3951 2098 3997; x_wconf 80' lang='lat' dir='ltr'><strong>terem</strong></span> <span class='ocrx_word' id='word_1_578' title='bbox 2125 3957 2484 3995; x_wconf 86' lang='lat' dir='ltr'><strong>consensum.</strong></span> 
     </span>
    </p>

    <p class='ocr_par' dir='ltr' id='par_1_23' title="bbox 1915 4025 3525 5157">
     <span class='ocr_line' id='line_1_92' title="bbox 1995 4025 3439 4103; baseline -0.001 -17"><span class='ocrx_word' id='word_1_579' title='bbox 1995 4027 2410 4088; x_wconf 73' lang='lat' dir='ltr'><strong>Laurentianus</strong></span> <span class='ocrx_word' id='word_1_580' title='bbox 2438 4027 2510 4084; x_wconf 83' lang='grc' dir='ltr'><strong>Θ.</strong></span> <span class='ocrx_word' id='word_1_581' title='bbox 2535 4037 2810 4103; x_wconf 81' lang='lat' dir='ltr'><strong>quattuor</strong></span> <span class='ocrx_word' id='word_1_582' title='bbox 2838 4025 3185 4094; x_wconf 82' lang='lat' dir='ltr'><strong>fabularum,</strong></span> <span class='ocrx_word' id='word_1_583' title='bbox 3207 4026 3439 4084; x_wconf 74' lang='lat' dir='ltr'><strong>charta—</strong></span> 
     </span>
     <span class='ocr_line' id='line_1_93' title="bbox 1917 4113 3440 4193; baseline -0.002 -19"><span class='ocrx_word' id='word_1_584' title='bbox 1917 4135 2053 4176; x_wconf 79' lang='lat' dir='ltr'><strong>ceus</strong></span> <span class='ocrx_word' id='word_1_585' title='bbox 2078 4113 2255 4172; x_wconf 88' lang='lat' dir='ltr'><strong>seculi</strong></span> <span class='ocrx_word' id='word_1_586' title='bbox 2276 4114 2462 4190; x_wconf 85' lang='lat' dir='ltr'><strong>quarti</strong></span> <span class='ocrx_word' id='word_1_587' title='bbox 2496 4113 2702 4170; x_wconf 85' lang='lat' dir='ltr'><strong>decimi</strong></span> <span class='ocrx_word' id='word_1_588' title='bbox 2726 4157 2744 4182; x_wconf 87' lang='lat'>‚</span> <span class='ocrx_word' id='word_1_589' title='bbox 2775 4115 3063 4193; x_wconf 69' lang='lat' dir='ltr'><strong>praecipuo</strong></span> <span class='ocrx_word' id='word_1_590' title='bbox 3089 4116 3218 4172; x_wconf 90' lang='lat' dir='ltr'><strong>usui</strong></span> <span class='ocrx_word' id='word_1_591' title='bbox 3247 4114 3356 4172; x_wconf 88' lang='lat' dir='ltr'><strong>suit</strong></span> <span class='ocrx_word' id='word_1_592' title='bbox 3382 4116 3440 4171; x_wconf 83' lang='lat' dir='ltr'><strong>in</strong></span> 
     </span>
     <span class='ocr_line' id='line_1_94' title="bbox 1917 4201 3442 4281; baseline -0.002 -18"><span class='ocrx_word' id='word_1_593' title='bbox 1917 4204 2151 4263; x_wconf 83' lang='lat' dir='ltr'><strong>scholiis</strong></span> <span class='ocrx_word' id='word_1_594' title='bbox 2174 4203 2472 4280; x_wconf 84' lang='lat' dir='ltr'><strong>Equitum,</strong></span> <span class='ocrx_word' id='word_1_595' title='bbox 2492 4202 2589 4259; x_wconf 84' lang='lat' dir='ltr'><strong>uhi</strong></span> <span class='ocrx_word' id='word_1_596' title='bbox 2615 4201 2765 4261; x_wconf 87' lang='lat' dir='ltr'><strong>bona</strong></span> <span class='ocrx_word' id='word_1_597' title='bbox 2792 4203 3039 4281; x_wconf 84' lang='lat' dir='ltr'><strong>plurima</strong></span> <span class='ocrx_word' id='word_1_598' title='bbox 3064 4224 3194 4261; x_wconf 87' lang='lat' dir='ltr'><strong>cum</strong></span> <span class='ocrx_word' id='word_1_599' title='bbox 3219 4210 3442 4262; x_wconf 85' lang='lat' dir='ltr'><strong>Veneto</strong></span> 
     </span>
     <span class='ocr_line' id='line_1_95' title="bbox 1915 4290 3525 4370; baseline -0.002 -19"><span class='ocrx_word' id='word_1_600' title='bbox 1915 4292 2091 4351; x_wconf 82' lang='lat' dir='ltr'><strong>habet</strong></span> <span class='ocrx_word' id='word_1_601' title='bbox 2116 4290 2485 4360; x_wconf 65' lang='lat' dir='ltr'><strong>communiit,</strong></span> <span class='ocrx_word' id='word_1_602' title='bbox 2526 4291 2800 4349; x_wconf 85' lang='lat' dir='ltr'><strong>nonnulla</strong></span> <span class='ocrx_word' id='word_1_603' title='bbox 2829 4292 2998 4349; x_wconf 84' lang='lat' dir='ltr'><strong>etiam</strong></span> <span class='ocrx_word' id='word_1_604' title='bbox 3037 4291 3142 4349; x_wconf 88' lang='lat' dir='ltr'><strong>sibi</strong></span> <span class='ocrx_word' id='word_1_605' title='bbox 3183 4293 3441 4370; x_wconf 78' lang='lat' dir='ltr'><strong>propria,</strong></span> <span class='ocrx_word' id='word_1_606' title='bbox 3514 4353 3525 4364; x_wconf 54' lang='lat'><em>,</em></span> 
     </span>
     <span class='ocr_line' id='line_1_96' title="bbox 1916 4378 3437 4458; baseline -0.004 -18"><span class='ocrx_word' id='word_1_607' title='bbox 1916 4400 2103 4458; x_wconf 86' lang='lat' dir='ltr'><strong>neque</strong></span> <span class='ocrx_word' id='word_1_608' title='bbox 2129 4382 2191 4438; x_wconf 89' lang='lat' dir='ltr'><strong>in</strong></span> <span class='ocrx_word' id='word_1_609' title='bbox 2213 4379 2380 4438; x_wconf 85' lang='lat' dir='ltr'><strong>Pluto</strong></span> <span class='ocrx_word' id='word_1_610' title='bbox 2408 4389 2465 4436; x_wconf 89' lang='lat' dir='ltr'><strong>et</strong></span> <span class='ocrx_word' id='word_1_611' title='bbox 2500 4378 2677 4435; x_wconf 80' lang='lat' dir='ltr'><strong>Ranis</strong></span> <span class='ocrx_word' id='word_1_612' title='bbox 2700 4378 2947 4436; x_wconf 84' lang='lat' dir='ltr'><strong>utilitate</strong></span> <span class='ocrx_word' id='word_1_613' title='bbox 2980 4391 3085 4436; x_wconf 85' lang='lat' dir='ltr'><strong>sua</strong></span> <span class='ocrx_word' id='word_1_614' title='bbox 3112 4379 3315 4437; x_wconf 83' lang='lat' dir='ltr'><strong>caruit.</strong></span> <span class='ocrx_word' id='word_1_615' title='bbox 3350 4378 3437 4437; x_wconf 79' lang='lat' dir='ltr'><strong>Ad</strong></span> 
     </span>
     <span class='ocr_line' id='line_1_97' title="bbox 1916 4464 3439 4544; baseline -0.002 -16"><span class='ocrx_word' id='word_1_616' title='bbox 1916 4468 2115 4528; x_wconf 79' lang='lat' dir='ltr'><strong>Nubes</strong></span> <span class='ocrx_word' id='word_1_617' title='bbox 2131 4469 2394 4526; x_wconf 79' lang='lat' dir='ltr'><strong>tenuiora</strong></span> <span class='ocrx_word' id='word_1_618' title='bbox 2416 4464 2593 4526; x_wconf 77' lang='lat' dir='ltr'><strong>habet</strong></span> <span class='ocrx_word' id='word_1_619' title='bbox 2620 4467 2970 4524; x_wconf 85' lang='lat' dir='ltr'><strong>scholiorum</strong></span> <span class='ocrx_word' id='word_1_620' title='bbox 2984 4478 3252 4543; x_wconf 79' lang='lat' dir='ltr'><strong>excerpta</strong></span> <span class='ocrx_word' id='word_1_621' title='bbox 3271 4487 3439 4544; x_wconf 83' lang='lat' dir='ltr'><strong>quam</strong></span> 
     </span>
     <span class='ocr_line' id='line_1_98' title="bbox 1916 4554 3440 4634; baseline -0.001 -20"><span class='ocrx_word' id='word_1_622' title='bbox 1916 4577 2045 4634; x_wconf 82' lang='lat' dir='ltr'><strong>quae</strong></span> <span class='ocrx_word' id='word_1_623' title='bbox 2062 4554 2498 4616; x_wconf 83' lang='lat' dir='ltr'><strong>commemorari</strong></span> <span class='ocrx_word' id='word_1_624' title='bbox 2518 4555 2741 4631; x_wconf 82' lang='lat' dir='ltr'><strong>singula</strong></span> <span class='ocrx_word' id='word_1_625' title='bbox 2765 4575 2961 4633; x_wconf 66' lang='lat' dir='ltr'><strong>operae</strong></span> <span class='ocrx_word' id='word_1_626' title='bbox 2981 4555 3227 4631; x_wconf 78' lang='lat' dir='ltr'><strong>pretium</strong></span> <span class='ocrx_word' id='word_1_627' title='bbox 3251 4555 3440 4625; x_wconf 80' lang='lat' dir='ltr'><strong>fuerit,</strong></span> 
     </span>
     <span class='ocr_line' id='line_1_99' title="bbox 1917 4640 3458 4718; baseline -0.001 -18"><span class='ocrx_word' id='word_1_628' title='bbox 1917 4643 2267 4718; x_wconf 87' lang='lat' dir='ltr'><strong>omninoque</strong></span> <span class='ocrx_word' id='word_1_629' title='bbox 2288 4642 2431 4714; x_wconf 41' lang='lat' dir='ltr'><strong>‚libri</strong></span> <span class='ocrx_word' id='word_1_630' title='bbox 2461 4640 2634 4717; x_wconf 82' lang='lat' dir='ltr'><strong>hujus</strong></span> <span class='ocrx_word' id='word_1_631' title='bbox 2671 4640 3016 4699; x_wconf 88' lang='lat' dir='ltr'><strong>lectionibus</strong></span> <span class='ocrx_word' id='word_1_632' title='bbox 3043 4660 3175 4698; x_wconf 89' lang='lat' dir='ltr'><strong>cum</strong></span> <span class='ocrx_word' id='word_1_633' title='bbox 3211 4640 3458 4699; x_wconf 63' lang='lat' dir='ltr'><strong>delectu⁴</strong></span> 
     </span>
     <span class='ocr_line' id='line_1_100' title="bbox 1917 4730 3439 4806; baseline -0.001 -20"><span class='ocrx_word' id='word_1_634' title='bbox 1917 4730 2333 4806; x_wconf 54' lang='lat' dir='ltr'><strong>quodamausus</strong></span> <span class='ocrx_word' id='word_1_635' title='bbox 2352 4748 2475 4788; x_wconf 85' lang='lat' dir='ltr'><strong>sum</strong></span> <span class='ocrx_word' id='word_1_636' title='bbox 2498 4772 2515 4801; x_wconf 86' lang='lat'>‚</span> <span class='ocrx_word' id='word_1_637' title='bbox 2543 4749 2616 4786; x_wconf 91' lang='lat' dir='ltr'><strong>ne</strong></span> <span class='ocrx_word' id='word_1_638' title='bbox 2644 4730 3067 4788; x_wconf 81' lang='lat' dir='ltr'><strong>annotationem</strong></span> <span class='ocrx_word' id='word_1_639' title='bbox 3093 4749 3274 4786; x_wconf 87' lang='lat' dir='ltr'><strong>meam</strong></span> <span class='ocrx_word' id='word_1_640' title='bbox 3305 4730 3439 4786; x_wconf 86' lang='lat' dir='ltr'><strong>inu-</strong></span> 
     </span>
     <span class='ocr_line' id='line_1_101' title="bbox 1920 4816 3438 4894; baseline -0.002 -17"><span class='ocrx_word' id='word_1_641' title='bbox 1920 4819 2003 4878; x_wconf 88' lang='lat' dir='ltr'><strong>tili</strong></span> <span class='ocrx_word' id='word_1_642' title='bbox 2030 4819 2179 4876; x_wconf 91' lang='lat' dir='ltr'><strong>mole</strong></span> <span class='ocrx_word' id='word_1_643' title='bbox 2204 4836 2493 4893; x_wconf 82' lang='lat' dir='ltr'><strong>augerem.</strong></span> <span class='ocrx_word' id='word_1_644' title='bbox 2540 4817 2728 4875; x_wconf 80' lang='lat' dir='ltr'><strong>Infimi</strong></span> <span class='ocrx_word' id='word_1_645' title='bbox 2754 4818 2862 4874; x_wconf 78' lang='lat' dir='ltr'><strong>aevi</strong></span> <span class='ocrx_word' id='word_1_646' title='bbox 2900 4817 3133 4875; x_wconf 86' lang='lat' dir='ltr'><strong>scholiis</strong></span> <span class='ocrx_word' id='word_1_647' title='bbox 3162 4816 3257 4874; x_wconf 86' lang='lat' dir='ltr'><strong>hic</strong></span> <span class='ocrx_word' id='word_1_648' title='bbox 3287 4836 3438 4894; x_wconf 87' lang='lat' dir='ltr'><strong>quo·</strong></span> 
     </span>
     <span class='ocr_line' id='line_1_102' title="bbox 1919 4902 3442 4982; baseline 0.001 -21"><span class='ocrx_word' id='word_1_649' title='bbox 1919 4926 2031 4982; x_wconf 85' lang='lat' dir='ltr'><strong>que</strong></span> <span class='ocrx_word' id='word_1_650' title='bbox 2058 4904 2242 4961; x_wconf 88' lang='lat' dir='ltr'><strong>codex</strong></span> <span class='ocrx_word' id='word_1_651' title='bbox 2268 4915 2454 4975; x_wconf 87' lang='lat' dir='ltr'><strong>caret,</strong></span> <span class='ocrx_word' id='word_1_652' title='bbox 2492 4902 2603 4962; x_wconf 90' lang='lat' dir='ltr'><strong>nisi</strong></span> <span class='ocrx_word' id='word_1_653' title='bbox 2644 4904 2797 4980; x_wconf 89' lang='lat' dir='ltr'><strong>quod</strong></span> <span class='ocrx_word' id='word_1_654' title='bbox 2838 4925 2954 4961; x_wconf 87' lang='lat' dir='ltr'><strong>uno</strong></span> <span class='ocrx_word' id='word_1_655' title='bbox 2981 4905 3282 4981; x_wconf 81' lang='lat' dir='ltr'><strong>alteroque</strong></span> <span class='ocrx_word' id='word_1_656' title='bbox 3310 4905 3442 4962; x_wconf 84' lang='lat' dir='ltr'><strong>loco</strong></span> 
     </span>
     <span class='ocr_line' id='line_1_103' title="bbox 1918 4990 3440 5069; baseline -0.001 -19"><span class='ocrx_word' id='word_1_657' title='bbox 1918 4991 2318 5052; x_wconf 76' lang='lat' dir='ltr'><strong>annotationes</strong></span> <span class='ocrx_word' id='word_1_658' title='bbox 2341 4990 2618 5067; x_wconf 82' lang='lat' dir='ltr'><strong>quasdam</strong></span> <span class='ocrx_word' id='word_1_659' title='bbox 2641 4992 2882 5050; x_wconf 84' lang='lat' dir='ltr'><strong>insertas</strong></span> <span class='ocrx_word' id='word_1_660' title='bbox 2900 4992 3075 5049; x_wconf 85' lang='lat' dir='ltr'><strong>habet</strong></span> <span class='ocrx_word' id='word_1_661' title='bbox 3096 4993 3291 5069; x_wconf 80' lang='lat' dir='ltr'><strong>quales</strong></span> <span class='ocrx_word' id='word_1_662' title='bbox 3307 4997 3440 5048; x_wconf 81' lang='grc' dir='ltr'><strong>Μο-</strong></span> 
     </span>
     <span class='ocr_line' id='line_1_104' title="bbox 1919 5077 3438 5157; baseline 0.001 -20"><span class='ocrx_word' id='word_1_663' title='bbox 1919 5080 2232 5157; x_wconf 85' lang='lat' dir='ltr'><strong>schopnlus</strong></span> <span class='ocrx_word' id='word_1_664' title='bbox 2263 5078 2473 5154; x_wconf 87' lang='lat' dir='ltr'><strong>aliique</strong></span> <span class='ocrx_word' id='word_1_665' title='bbox 2498 5077 2754 5154; x_wconf 88' lang='lat' dir='ltr'><strong>ejusdem</strong></span> <span class='ocrx_word' id='word_1_666' title='bbox 2782 5080 3054 5155; x_wconf 85' lang='lat' dir='ltr'><strong>temporis</strong></span> <span class='ocrx_word' id='word_1_667' title='bbox 3087 5078 3438 5156; x_wconf 82' lang='lat' dir='ltr'><strong>grammatici</strong></span> 
     </span>
    </p>

    <p class='ocr_par' dir='ltr' id='par_1_24' title="bbox 2855 5173 2875 5197">
     <span class='ocr_line' id='line_1_105' title="bbox 2855 5173 2875 5197; baseline 0 0"><span class='ocrx_word' id='word_1_668' title='bbox 2855 5173 2875 5197; x_wconf 66' lang='lat' dir='ltr'><strong>b</strong></span> 
     </span>
    </p>
   </div>
   <div class='ocr_carea' id='block_1_15' title="bbox 3112 5242 3168 5277">
    <p class='ocr_par' dir='ltr' id='par_1_25' title="bbox 3112 5242 3168 5277">
     <span class='ocr_line' id='line_1_106' title="bbox 3112 5242 3168 5277; baseline -0.036 0"><span class='ocrx_word' id='word_1_669' title='bbox 3112 5242 3168 5277; x_wconf 79' lang='lat' dir='ltr'><strong>(l.</strong></span> 
     </span>
    </p>
   </div>
  </div>
 </body>
</html>
