3859 5725
874 322 884 331 .
934 281 952 301 ·
2985 279 2986 286 ι

1251 478 2092 635 BA'I'PAX
2121 472 2394 629 Ol.

673 990 1394 1078 ΥΠΟΘΕΣΕΙΣ.

1011 1172 1064 1231 1.

336 1322 584 1392 Διόνυσός
609 1324 723 1382 ἐστι
749 1318 884 1399 μετὰ
908 1316 1220 1400 θεράποντος
1243 1310 1472 1374 Ξανθίου
1493 1308 1632 1371 κατὰ
1660 1312 1823 1392 Εὐρι-

255 1422 418 1482 πίδου
454 1417 614 1479 πόθον
645 1420 718 1483 εἷς
732 1413 892 1498 ᾍδου
920 1410 1133 1472 κατιών·
1158 1409 1269 1490 ἔχει
1297 1406 1353 1468 δὲ
1377 1410 1589 1479 λεοντῆν
1616 1404 1709 1465 καὶ
1740 1404 1825 1487 ῥό-

253 1519 447 1587 παλον,
459 1513 591 1594 πρὸς
610 1511 672 1571 τὸ
693 1519 799 1578 τοῖς
817 1505 1218 1587 ἐντυγχάνουσιν
1242 1501 1490 1574 ἔκπληξιν
1505 1508 1824 1582 παρασχεῖν.

256 1609 423 1671 ἐλθὼν
451 1608 506 1668 δὲ
535 1611 606 1675 ὣς
643 1605 732 1666 τὸν
776 1600 1053 1686 Ἡρακλέα
1087 1599 1359 1682 πρότερον,
1383 1596 1472 1656 ἵνα
1511 1595 1728 1674 ἐξετάσῃ
1760 1593 1828 1655 τὰ

206 1735 235 1774 5
260 1703 403 1765 κατὰ
423 1702 516 1771 τὰς
541 1700 687 1768 ὁδοὺς
702 1747 718 1774 ,
747 1686 785 1776 ᾗ
810 1698 903 1759 καὶ
932 1698 1086 1765 αὐτὸς
1112 1697 1200 1755 ἐπὶ
1226 1694 1316 1756 τὸν
1338 1691 1603 1774 Κέρὸερον
1631 1691 1829 1770 ᾤχετο,

260 1799 356 1859 καὶ
388 1797 540 1878 ὀλίγα
569 1794 703 1855 ἄττα
723 1792 848 1877 περὶ
897 1796 1003 1851 τῶν
1036 1793 1302 1872 τραγικῶν
1337 1786 1507 1866 τούτῳ
1544 1784 1834 1864 διαλεχθεὶς
1928 1786 1940 1795 ”

263 1899 406 1976 ὁρμᾷ
427 1893 559 1975 πρὸς
582 1890 644 1951 τὸ
666 1888 1028 1973 προκείμενον.
1059 1885 1175 1945 ἐπεὶ
1196 1882 1253 1944 δὲ
1282 1881 1410 1965 πρὸς
1433 1885 1498 1961 τῇ
1525 1877 1834 1961 Ἀχερουσία

262 1987 427 2069 λίμνῃ
455 1986 684 2066 γίνεται,
719 1990 749 2044 ὁ
772 1982 867 2062 μὲν
890 1980 1150 2054 Ξανθίας,
1177 1976 1264 2038 διὰ
1290 1977 1352 2038 τὸ
1378 1975 1452 2055 μὴ
1478 1997 1834 2053 συννεναυμα·

265 2082 491 2165 χηκὲναι
512 2078 610 2153 τὴν
633 2079 755 2162 περὶ
774 2076 1105 2162 Ἀργινούσας
1131 2073 1454 2155 ναυμαχίαν,
1483 2070 1586 2130 ὑπὸ
1609 2076 1700 2129 τοῦ
1728 2068 1839 2131 Χά·

184 2208 242 2249 10
273 2201 431 2260 ρωνος
451 2179 549 2235 οὐκ
576 2173 888 2255 ἀναληφθεὶς
914 2175 1047 2251 πεζῇ
1070 2169 1168 2240 τὴν
1193 2168 1371 2250 κύκλῳ
1397 2164 1698 2250 πορεύεται.
1729 2168 1758 2223 ὃ
1783 2162 1840 2224 δὲ

268 2271 517 2339 Διόνυσος
565 2268 657 2330 δύο
699 2268 901 2329 ὄὸολῶν
945 2272 1283 2350 περαιοῦται,
1331 2261 1674 2347 προσπαίζων
1726 2260 1842 2339 ἅμα

270 2374 381 2436 τοῖς
394 2365 532 2428 κατὰ
545 2366 635 2426 τὸν
654 2364 816 2447 πόρον
839 2365 1022 2447 ᾄδουσι
1044 2361 1329 2445 βατράχοις
1340 2361 1434 2421 καὶ
1454 2363 1840 2441 γελωτοποιῶν.

274 2462 413 2540 μετὰ
439 2466 609 2521 ταῦτα
642 2461 697 2519 έν
730 2458 889 2542 ᾍδου
915 2463 1020 2518 τῶν
1043 2456 1374 2538 πραγμάτων
1403 2456 1507 2529 ἤδη
1543 2452 1845 2537 χειριζομέ-

274 2581 380 2617 νων
413 2555 467 2616 οἵ
492 2579 552 2615 τε
574 2553 771 2633 μύσται
796 2555 1098 2635 χορεύοντες
1134 2554 1188 2610 ἐν
1221 2555 1298 2633 τῷ
1337 2554 1598 2632 προφανεῖ
1632 2549 1724 2609 καὶ
1755 2547 1844 2607 τὸν

191 2680 249 2721 15
273 2648 496 2732 Ἴακχον
534 2649 742 2732 ᾄδοντες
773 2649 828 2707 ἐν
862 2652 1021 2730 χοροῦ
1059 2644 1300 2726 σχήματι
1335 2648 1689 2724 καθορῶνται,
1717 2644 1750 2701 ὅ
1786 2665 1847 2701 τε

280 2745 528 2813 Διόνυσος
564 2742 699 2823 μετὰ
725 2748 817 2802 τοῦ
846 2743 1155 2825 θεράποντος
1179 2744 1251 2810 εἷς
1276 2741 1467 2801 ταύτὸν
1493 2740 1706 2821 ἔρχεται
1726 2736 1842 2798 τού-

283 2865 411 2911 τοις.
433 2843 540 2900 τῶν
566 2837 624 2899 δέ
647 2837 1082 2922 προηδικημένων
1110 2835 1213 2897 ὑπὸ
1235 2835 1556 2919 Ἡρακλέους
1576 2836 1849 2915 προσπλε-

281 2929 520 3011 κομένων
541 2938 618 3015 τῷ
641 2931 906 3015 Διονύσῳ,
940 2931 1029 2991 διὰ
1054 2930 1153 3005 τὴν
1187 2934 1246 2992 ἐκ
1271 2936 1368 3003 τῆς
1401 2935 1590 3003 σκευῆς
1617 2929 1850 3007 ἄγνοιαν,

290 3029 449 3112 μέχρι
475 3028 569 3106 μέν
592 3051 729 3095 τινος
750 3029 845 3086 οὐκ
868 3025 1117 3107 ἇγελοίως
1141 3025 1512 3107 χειμάζονται,
1537 3015 1650 3084 εἶτα
1676 3022 1853 3100 μέντοι

196 3152 261 3194 2⁰
287 3147 351 3203 γε
375 3128 446 3191 ὣς
465 3123 554 3184 τὸν
584 3121 878 3184 Πλούτωνα
907 3120 999 3180 καὶ
1021 3118 1119 3193 τὴν
1144 3120 1525 3202 Περσέφατταν
1552 3116 1855 3201 παραχθέν-

287 3243 374 3287 τες
396 3217 632 3299 ἀλεώρας
656 3220 1027 3297 τυχχάνουσιν.
1059 3218 1113 3275 έν
1139 3214 1195 3275 δὶ
1229 3216 1399 3296 τούτῳ
1421 3219 1451 3273 ὁ
1485 3212 1579 3293 μὲν
1611 3217 1714 3272 τῶν
1748 3236 1856 3292 μυ·-

291 3317 431 3373 στῶν
457 3312 614 3394 χορὸς
644 3312 768 3392 περὶ
795 3316 884 3370 τοῦ
911 3309 1008 3382 τὴν
1045 3309 1314 3369 πολιτείαν
1342 3307 1590 3377 ἐξισῶσαι
1618 3308 1710 3368 καὶ
1740 3305 1859 3375 τοὺς

293 3406 511 3483 ἀτίμους
552 3406 789 3482 ἐντίμους
841 3408 1062 3476 ποιῆσαι
1104 3402 1345 3485 χάτέρων
1394 3406 1547 3461 τινῶν
1589 3402 1720 3484 πρὸς
1762 3400 1858 3473 τὴν

293 3498 580 3570 Ἀθηναίων
603 3498 755 3557 πόλιν
786 3497 1103 3576 διαλέγεται.
1131 3497 1200 3557 τὰ
1224 3496 1279 3558 δὲ
1297 3496 1459 3556 λοιπὰ
1479 3502 1570 3557 τοῦ
1597 3497 1862 3576 δράματος

200 3622 267 3663 25
301 3593 605 3676 μονόκωλα,
636 3594 808 3662 ἄλλως
834 3591 890 3653 δὲ
916 3596 1146 3677 τερπνὴν
1178 3593 1270 3654 καὶ
1298 3593 1571 3675 φιλόλογον
1596 3590 1862 3669 λαμὸάνει

297 3698 568 3761 σύστασιν.
598 3698 977 3781 παρεισάγεται
1003 3696 1105 3780 γὰρ
1134 3697 1425 3780 Εὐριπίδης
1462 3694 1716 3778 Αἰσχύλῳ
1742 3696 1867 3778 περὶ

298 3799 395 3867 τῆς
420 3798 671 3875 τραγικῆς
710 3792 1193 3875 διαφερόμενος,”’τὸ
1216 3792 1313 3870 μὲν
1340 3791 1636 3873 ἔμπροσθεν
1662 3791 1865 3873 Αἰσχύ-

300 3895 397 3952 λου
425 3889 572 3972 παρὰ
602 3894 679 3972 τῷ
708 3890 840 3976 ᾍδῃ
870 3889 1113 3972 βραδεῖον
1133 3889 1374 3970 ἔχοντος,
1407 3888 1527 3949 τότε
1546 3887 1605 3948 δὲ
1632 3889 1865 3970 Εὐριπί-

304 3987 397 4044 δου
426 3989 519 4057 τῆς
556 3990 712 4064 τιμῆς
758 3982 1234 4061 ἀντιποιησαμένου
1275 3983 1367 4043 καὶ
1407 3989 1503 4042 τοῦ
1540 3985 1866 4064 τραγῳδικοῦ

209 4101 280 4142 ao
307 4078 510 4160 θρόνου.
538 4078 890 4150 συστήσαντος
912 4076 968 4137 δὲ
988 4083 1081 4138 τοῦ
1110 4076 1420 4146 Πλούτωνος
1447 4079 1621 4145 αὐτοῖς
1638 4077 1725 4137 τὸν
1748 4077 1873 4138 Διό-

307 4199 462 4237 νυσον
499 4176 779 4249 διακούειν,
817 4173 1060 4256 ἑκάτερος
1097 4176 1273 4233 αὐτοῖν
1307 4173 1492 4252 λόγους
1525 4173 1749 4241 πολλοὺς
1779 4175 1872 4233 καὶ

309 4271 574 4340 ποικίλους
595 4274 850 4344 ποιεῖται,
874 4271 964 4331 καὶ
996 4270 1142 4339 τέλος
1155 4270 1331 4330 πάντα
1347 4269 1562 4349 ἔλεγχον
1582 4270 1672 4329 καὶ
1697 4280 1872 4330 πᾶσαν

313 4365 545 4448 βάσανον
563 4368 655 4425 οὐκ
674 4364 936 4432 ἀπιθάνως
954 4365 1201 4446 ἑκατέρου
1221 4362 1359 4425 κατὰ
1376 4370 1470 4438 τῆς
1484 4365 1701 4447 θατέρου
1720 4365 1877 4437 ποιή-

311 4483 448 4528 σεως
476 4459 928 4541 προσαγαγόντος,
955 4459 1135 4542 κρίνας
1166 4459 1314 4544 παρὰ
1342 4459 1660 4543 προσδοκίαν
1691 4465 1720 4519 ὁ
1748 4460 1876 4521 Διό-

86 4605 89 4608 ,
214 4575 286 4616 35
314 4576 468 4623 νυσος
490 4553 580 4613 τὸν
607 4555 874 4633 Αἰσχύλον
896 4564 1064 4627 νικᾶν,
1095 4554 1232 4634 ἔχων
1260 4554 1417 4614 αὐτὸν
1440 4559 1511 4622 ὡς
1535 4553 1655 4622 τοὺς
1684 4557 1880 4624 ζῶντας

317 4646 615 4731 ἀνέρχεται.
642 4650 700 4706 οὐ
723 4648 1012 4720 δεδήλωται
1036 4648 1141 4726 μὴν
1165 4649 1294 4709 ὅπου
1318 4649 1456 4709 ἐστὶν
1475 4653 1511 4722 ἡ
1527 4648 1714 4721 σκηνή·
1743 4651 1881 4709 εὐλο-

318 4740 556 4821 γώτατον
585 4740 632 4799 δ’
657 4745 710 4800 ἐν
733 4741 961 4814 Θήὸαις·
992 4741 1084 4801 καὶ
1116 4742 1219 4823 γὰρ
1246 4747 1274 4802 ὁ
1302 4742 1547 4811 Διόνυσος
1568 4744 1761 4802 ἐκεῖθεν
1789 4743 1882 4802 καὶ

319 4834 452 4916 πρὸς
472 4834 561 4894 τὸν
581 4834 851 4916 Ἡρακλέα
880 4839 1172 4917 ἀφικνεῖται
1195 4836 1436 4910 Θηὸαῖον
1461 4837 1602 4898 ὄντα.

403 4930 483 4992 Τὸ
510 4932 567 4990 δε
595 4933 772 5014 δρᾶμα
799 4935 904 4990 τῶν
932 4924 990 4992 εὐ
1008 4933 1146 4992 πάνυ
1164 4933 1257 4993 καὶ
1281 4933 1565 5015 φιλολόγοις
1589 4933 1884 5012 πεποιημέ-

230 5051 298 5091 ιο
327 5049 452 5087 νων.
496 5025 746 5105 ἐδιδάχθη
779 5025 868 5084 ἐπὶ
905 5027 1141 5087 Καλλίου
1179 5033 1271 5087 τοῦ
1313 5026 1448 5105 μετὰ
1491 5027 1753 5106 Ἀντιγένη
1798 5027 1887 5087 διὰ

546 5139 711 5176 senon·
740 5139 980 5177 muron-n.

1896 965 2196 1028 Φιλωνίδου
2225 966 2298 1032 εἰς
2320 961 2552 1036 Λήναια.
2579 964 2785 1043 πρῶτος
2810 954 2892 1036 ἦν·
2924 961 3158 1044 δεύτερος
3190 960 3460 1045 Φρύνιχος

1897 1059 2154 1127 Μούσαις·
2174 1057 2406 1119 Πλάτων
2439 1057 2610 1140 τρίτος
2633 1059 2957 1140 Κλεοφῶντι.
2980 1057 3117 1117 οὕτω
3146 1056 3200 1117 δὲ
3234 1057 3462 1137 ἐθαυμά·

1899 1161 1999 1226 σθη
2035 1154 2096 1213 τὸ
2121 1155 2300 1234 δρᾶμα
2329 1151 2416 1212 διὰ
2450 1150 2548 1224 τὴν
2582 1155 2637 1212 ἐν
2665 1154 2809 1234 αὐτῷ
2833 1151 3166 1234 παράὸασιν,
3205 1152 3343 1212 ὥστε
3370 1153 3464 1213 καὶ

1903 1247 2243 1327 ἀνεδιδάχθη,
2272 1245 2343 1314 ὦ(
2368 1269 2499 1328 φησι
2521 1244 2859 1328 Δικαίαρχος.

2644 1406 2724 1465 ΙΙ.

2221 1574 3168 1656 ΑΡΙΣΤΟΦΑΝΟΥΣ

2407 1762 2990 1823 ΓΡΑΜΜΑΤΙΚΟΥ.

2079 1904 2280 1968 Μαθὼν
2307 1908 2432 1990 παρ’
2460 1906 2786 1989 Ἡρακλέους
2811 1905 3060 1975 Διόνυσος
3079 1906 3177 1981 τὴν
3204 1908 3320 1969 ὁδὸν

2075 2000 2205 2086 πρὸς
2226 2001 2347 2071 τοὺς
2369 2002 2772 2083 κατοιχομένους
2796 2001 3100 2083 πορεύεται,
3127 2004 3309 2065 λαὸὼν

2078 2097 2140 2157 τὸ
2170 2096 2337 2180 δέρμα
2367 2097 2542 2157 καὶτὸ
2569 2097 2847 2171 σκύταλον,
2878 2099 3160 2178 ἀναγαγεῖν
3189 2099 3354 2159 θέλων

2084 2192 2394 2274 Εὐριπίδην·
2421 2191 2615 2271 λίμνην
2640 2215 2699 2252 τε
2725 2192 2979 2252 διέὸαινεν
3004 2191 3151 2253 κάτω

2082 2288 2171 2348 καὶ
2195 2293 2299 2348 τῶν
2329 2287 2611 2370 βατράχων
2636 2288 2919 2370 ἀνέκραγεν
2940 2287 3171 2370 εὔφημος
3196 2290 3369 2373 χορός.

2086 2382 2265 2442 ἔπειτα
2290 2386 2501 2461 μυστῶν
2530 2382 2724 2463 ἐκδοχή
2731 2430 2744 2444 .
2777 2381 3031 2444 Πλούτων
3061 2384 3105 2442 δ’
3130 2383 3251 2443 ἰδὼν
3520 2411 3571 2451 ιο

2087 2482 2158 2547 ὥς
2186 2477 2445 2562 Ἡρακλεῖ
2463 2477 2819 2561 προσέκρουσε
2848 2478 2935 2538 διὰ
2961 2479 3047 2540 τὸν
3074 2479 3358 2563 Κέρὸερον.

2088 2577 2159 2642 ὡς
2186 2575 2229 2633 δ’
2261 2573 2522 2654 ἀνεφάνη,
2549 2573 2749 2634 τίθεται
2774 2575 3068 2656 τραγῳδίας
3098 2574 3258 2654 ἀγὼν,

2092 2668 2183 2730 καὶ
2214 2668 2280 2741 δὴ
2308 2669 2656 2751 στεφανοῦταί
2677 2674 2728 2751 γ’
2755 2670 3038 2751 Αἰσχύλος.
3069 2677 3249 2732 τοῦτον
3278 2673 3323 2732 δ’
3353 2673 3470 2752 ἄγει

2093 2762 2339 2832 Διόνυσος
2360 2768 2432 2832 εἷς
2458 2767 2594 2846 φῶς,
2621 2764 2739 2844 οὐχὶ
2767 2762 2846 2843 μὰ
2869 2765 2950 2825 Δί’
2981 2766 3294 2847 Εὐριπίδην.

2652 2924 2765 2983 111.

2235 3078 2489 3161 [ΘΩΜΑ
2529 3081 2686 3142 ΤΟΥ
2724 3081 3185 3142 ΜΑΓιΣτΡοΥ.

2018 3225 2265 3294 Διόνυσος
2304 3227 2591 3307 Εὐριπίδου
2631 3225 2778 3308 πόθῳ
2812 3227 3026 3309 ληφθεὶς
3053 3226 3144 3286 καὶ
3177 3229 3277 3307 οὐχ
3319 3218 3425 3295 οἶός
3455 3226 3503 3286 τ’
3535 3267 3585 3305 1⁶

1943 3319 2017 3380 ὧν
2051 3321 2223 3390 ἄλλως
2250 3326 2567 3403 θεραπεῦσαι
2592 3320 2681 3380 τὸν
2711 3320 2916 3403 ἔρωτα,
2941 3326 3014 3390 εἷς
3044 3321 3213 3405 ’ᾍδου
3238 3323 3507 3382 κατελθεῖν

1943 3415 2213 3489 ἠὸουλήθη
2230 3461 2246 3488 ,
2274 3414 2415 3484 ὅπως
2450 3418 2561 3475 ἐκεῖ
2584 3414 2754 3498 τούτῳ
2778 3415 2990 3497 ἐντύχῃ.
3028 3416 3142 3476 ἐπεὶ
3172 3415 3228 3476 δὲ
3263 3421 3359 3490 τῆς
3388 3418 3509 3477 ὁδοῦ

1946 3511 2155 3592 ἄπειρος
2195 3501 2278 3583 ἧν,
2317 3509 2453 3590 ἔγνω
2493 3511 2598 3568 δεῖν
2639 3513 2713 3578 εἰς
2750 3509 3022 3593 Ἡρακλέα
3062 3511 3284 3592 πρόσθεν
3320 3512 3508 3573 ἐλθεῖν.

1947 3597 2096 3673 οὗτος
2121 3603 2226 3685 γὰρ
2251 3602 2447 3678 πάλαι,
2476 3604 2818 3672 κελεύσαντος
2858 3605 3196 3686 Εὐρυσθέως,
3243 3604 3513 3688 Κερὸέρου

1947 3700 2102 3783 χάριν
2145 3702 2219 3766 εἷς
2254 3695 2412 3784 ᾍδου
2440 3698 2646 3779 κατῄει.
2681 3698 2845 3759 ἐλθὼν
2871 3698 2925 3758 δὲ
2954 3699 3046 3758 καὶ
3074 3698 3361 3778 πυθόμενος
3391 3699 3515 3782 περὶ
3540 3729 3594 3771 flu

1950 3801 2044 3869 τῆς
2066 3797 2215 3868 ὁδοῦ,
2242 3794 2437 3867 ἤκουσε
2463 3796 2590 3876 παρ’
2617 3797 2777 3854 αὐτοῦ
2792 3840 2808 3870 ,
2833 3794 2974 3863 ὅπως
2996 3795 3098 3878 ἄρα
3126 3797 3205 3855 δεῖ
3224 3797 3514 3870 κατελθεῖν,

1954 3886 2420 3973 χαριεντισαμένου
2471 3891 2601 3970 πρὸς
2651 3888 2810 3949 αὐτὸν
2856 3890 3125 3971 πρότερον.
3168 3889 3417 3959 Διόνυσος
3460 3890 3517 3951 δὲ

1952 3984 2046 4043 καὶ
2097 3983 2219 4066 πρὶν
2280 3986 2582 4054 ἀπαντῆσαι
2638 3982 2767 4064 πρὸς
2817 3983 3086 4065 Ἡρακλέα
3100 4029 3117 4058 ,
3172 3984 3291 4044 κατ’
3357 3985 3516 4045 αὐτὸν

1955 4077 2274 4149 ἐσκευάσθη,
2309 4078 2525 4149 λεοντῆν
2555 4075 2887 4156 ἐνδεδυμένος
2922 4078 3015 4137 καὶ
3058 4076 3284 4160 ῥόπαλον
3327 4077 3516 4161 φέρων.

1956 4178 2026 4241 ὡς
2053 4163 2141 4231 οὐν
2168 4170 2362 4243 ἤκουσε
2398 4171 2526 4252 παρ’
2570 4169 2892 4253 Ἡρακλέους
2927 4171 3049 4251 περὶ
3078 4177 3173 4245 τῆς
3215 4174 3364 4245 ὁδοῦ,
3406 4173 3520 4251 μεθ’
3547 4203 3602 4241 2⁶

1958 4272 2142 4326 ἑαυτοῦ
2172 4265 2351 4325 δοῦλόν
2378 4289 2494 4325 τινα
2515 4264 2652 4347 ἔχων
2675 4266 2908 4326 Ξανθίαν
2922 4312 2941 4345 ,
2972 4265 3161 4348 ἐχώρει
3182 4267 3311 4348 πρὸς
3330 4264 3520 4354 ᾍδην,

1959 4360 2050 4421 καὶ
2077 4364 2282 4444 πρῶτον
2312 4358 2406 4437 μὲν
2435 4360 2742 4440 ἐντυγχάνει
2773 4364 2839 4439 τῇ
2870 4359 3175 4442 Ἀχερουσία
3201 4361 3392 4439 λίμνῃ,
3429 4361 3523 4421 καὶ

1958 4460 2056 4540 δρᾷ
2093 4460 2146 4517 ἐν
2184 4459 2317 4537 αὐτῇ
2341 4456 2429 4517 τὸν
2451 4455 2698 4538 Χάροντα
2740 4456 2876 4536 μετὰ
2915 4457 3169 4539 σκάφους,
3206 4458 3271 4516 δι’
3311 4450 3373 4517 οὗ
3406 4457 3527 4527 τοὺς

1962 4557 2243 4620 τεθνεῶτας
2262 4556 2332 4621 εἷς
2347 4551 2517 4639 *ᾍδου
2535 4552 2716 4636 ἐπέρα.
2737 4553 2829 4613 καὶ
2844 4558 2872 4613 ὁ
2883 4553 2978 4631 μὲν
2998 4554 3230 4621 Ξανθίας
3248 4556 3343 4613 οὐκ
3358 4552 3524 4627 έπέῦη

1963 4654 2055 4708 τοῦ
2090 4648 2342 4730 σκάφους,
2372 4647 2459 4707 διὰ
2481 4649 2543 4708 τὸ
2570 4648 2644 4727 μὴ
2672 4648 2769 4721 τὴν
2797 4652 2851 4708 ἐν
2873 4649 3224 4731 Ἀργινούσαις
3244 4655 3528 4731 ναυμαχῆ-
3550 4680 3607 4722 ³0

1967 4768 2057 4804 σαι
2094 4744 2290 4825 μάχην·
2325 4748 2458 4825 πεζῇ
2499 4745 2554 4804 δὲ
2588 4744 2791 4827 περιῄει
2829 4744 2923 4817 τὴν
2951 4745 3158 4822 λίμνην.
3197 4744 3442 4813 Διόνυσος
3470 4746 3524 4805 δὲ

1969 4838 2182 4912 ἐπιὸὰς,
2204 4840 2296 4899 καὶ
2321 4844 2425 4898 τῶν
2445 4842 2498 4899 ἐν
2518 4843 2650 4919 αὐτῇ
2670 4840 2949 4920 βατράχων
2980 4838 3206 4907 ἀκούσας
3224 4839 3360 4918 μέλη
3377 4837 3527 4922 παρὰ

1972 4935 2060 4995 τὸν
2088 4937 2272 5009 πλοῦν,
2301 4937 2719 5015 διαπεραιοῦται,
2766 4936 2857 4995 καὶ
2885 4927 3029 5004 αὖθις
3065 4936 3269 5019 Ξανθία
3291 4936 3528 5015 συγγίνε-

1971 5054 2089 5105 ται,
2108 5030 2200 5089 καὶ
2229 5029 2322 5089 σὺν
2359 5032 2503 5111 αὐτῷ
2525 5030 2684 5090 πάλιν
2709 5031 2970 5113 ἁψάμενος
3009 5035 3103 5104 τῆς
3124 5032 3242 5091 ὀδοῦ
3265 5030 3521 5114 εὑρίσκει,

3281 5153 3329 5192 ιε

3507 1944 3534 1981 5
