3859 5725
424 268 537 322 ⁴⁶⁴

1012 392 1363 457 SCHOLIA.

503 569 554 618 1,
580 548 958 615 ιδτελευταῖος
980 553 1050 607 G.
1076 545 1384 621 τελευτὴν.
1409 584 1490 595 -
1515 568 1590 608 2ο
1616 550 1670 609 ἕν
1692 549 1769 628 τῷ
1792 559 1952 607 etan

413 635 666 782 1522?
665 643 1114 783 ’νῨὲὲἳέἷῖἷῗῖ
1115 636 1552 785 τὲῗιζιῖἷηῖἶάἐ..
1583 656 1671 782 26²
1675 633 1955 802 {2321

413 813 483 868 Β.
506 823 567 868 et
588 810 796 869 Suidas
819 830 865 869 s,
894 813 1075 879 Μᾶζα.
1097 809 1390 889 μάττεσθαι
1411 819 1481 871 V.
1508 812 1636 871 Ald.
1670 812 1860 878 ἄλλως.
1886 811 1952 871 τὸ

413 898 555 978 μᾶζα
585 894 971 976 περισπαστέον
1006 902 1075 956 Β.
1103 901 1177 956 V.
1209 899 1338 957 Ald.
1368 932 1451 945 -
1484 899 1559 957 28
1588 897 1951 958 scribebatur

413 988 783 1065 φυρασθεῖσαν.
839 984 977 1045 θέλει
1011 984 1184 1064 λέγειν
1213 991 1284 1046 Β.
1330 1020 1405 1033 -
1455 1007 1528 1064 29
1573 986 1837 1067 κανθάρου
1877 992 1946 1044 V.

412 1071 552 1131 ἀλλὰ
571 1072 983 1155 τὸ-κανθάρων
1005 1073 1173 1155 τροφή
1196 1074 1449 1134 additum
1476 1095 1547 1133 ex
1570 1079 1643 1133 R.
1673 1075 1951 1134 Similiter

410 1161 634 1219 suidas.
662 1194 741 1206 —
767 1162 841 1219 32
864 1159 1118 1221 ἀδύνατον
1145 1163 1269 1222 Ald.
1297 1162 1515 1222 ἄπιστον
1537 1163 1759 1224 Suidas,
1781 1200 1845 1212 -
1869 1162 1943 1218 33

411 1246 705 1326 διαταχέως
721 1255 789 1307 V.
812 1249 932 1308 ΑΜ.
955 1290 1035 1303 -
1060 1250 1135 1307 35
1162 1248 1230 1308 τὰ
1256 1249 1376 1331 περὶ
1399 1252 1572 1309 αὐτῶν
1596 1258 1665 1307 V.
1699 1249 1795 1319 τὴν
1822 1246 1946 1331 περὶ

412 1335 583 1394 αὐτῶν
608 1343 680 1396 6.
713 1341 851 1396 Post
881 1336 1035 1396 αὐτὸν
1061 1342 1267 1416 repetit
1294 1345 1365 1397 Β.
1397 1337 1525 1419 πρὸς
1551 1337 1640 1396 τὸν
1666 1336 1944 1419 κάνθαρον,

411 1425 626 1482 omittit
664 1444 806 1483 vero
831 1429 924 1484 τοῦ
964 1422 1238 1484 δεσπότου.
1277 1458 1357 1471 -
1392 1427 1465 1484 36
1503 1424 1596 1492 τὰς
1632 1424 1832 1506 στίφεις
1871 1430 1941 1483 Β.

408 1547 490 1564 ..-
513 1513 587 1570 38
611 1510 987 1572 ἀναὸιὸαστίον
1007 1524 1113 1571 etc.
1128 1513 1493 1572 referendum
1514 1512 1743 1572 videtur
1759 1513 1834 1571 ad
1851 1518 1945 1572 νῦν

410 1595 475 1670 δή
501 1619 551 1656 v.
579 1599 612 1656 5
631 1644 646 1671 ‚
678 1619 821 1677 quas
847 1599 1157 1678 particulas
1187 1599 1422 1659 fuerunt
1467 1600 1569 1679 qui
1603 1600 1762 1671 νῦνδη
1803 1602 1945 1660 scri·

407 1683 614 1745 herent
637 1688 692 1746 ἰν
713 1685 791 1746 ἑνὶ
813 1685 978 1767 τόνῳ,
1004 1699 1071 1744 ut
1098 1686 1271 1745 refert
1301 1688 1631 1746 Eustathius
1663 1687 1737 1746 ad
1764 1691 1940 1748 Hom.

409 1791 468 1851 p.
504 1783 643 1847 ι74,
670 1774 724 1833 5.
751 1780 931 1833 Dum.
954 1773 1199 1841 Ἀττικῶς
1222 1780 1291 1835 Β.

488 1881 554 1933 2,
591 1871 667 1931 4ο
700 1864 843 1942 αὐτῷ
884 1882 999 1921 om.
1028 1866 1093 1921 V.
1118 1898 1182 1911 —
1203 1860 1280 1920 42
1305 1881 1387 1940 sq.
1413 1862 1495 1920 sic
1523 1863 1585 1920 in
1611 1863 1766 1937 Ald„
1811 1866 1944 1923 ἀπε-

406 1949 658 2028 χθάνεται
688 1948 776 2008 τὸν
801 1948 1060 2030 κάνθαρον
1088 1950 1176 2008 διὰ
1200 1948 1261 2009 τὸ
1294 1947 1550 2009 ἅπτεσθαι
1586 1954 1682 2024 τῆς
1715 1950 1935 2034 κόπρου.

407 2068 487 2082 —-
522 2057 543 2094 ι
576 2041 668 2109 τῆς
690 2038 887 2120 κόπρου
911 2043 987 2097 6.
1012 2043 1105 2098 τοῦ
1125 2034 1321 2118 κόπρου
1340 2043 1409 2097 V.

491 2127 556 2196 3,
585 2129 617 2183 3
653 2146 736 2205 sq.
766 2127 826 2184 in
851 2126 974 2185 ΑΜ.
996 2127 1126 2207 πρὸς
1150 2125 1239 2186 τὸν
1271 2125 1597 2204 μιθυόμενον
1624 2124 1852 2197 ἕπαιξεν.
1880 2130 1941 2187 οὐ

404 2210 508 2292 γὰρ
532 2212 695 2281 ὄντως
715 2213 914 2285 ἤσθιεν.
944 2220 1012 2275 Β.
1038 2220 1106 2273 V.
1133 2213 1291 2281 ὄντος.
1314 2219 1382 2274 In
1400 2215 1607 2273 iisdem
1631 2215 1744 2274 hoc
1767 2215 1944 2275 scho-

407 2302 529 2360 lion
552 2303 763 2361 iterum
783 2302 1135 2380 adscriptum
1162 2315 1296 2381 post
1321 2323 1376 2360 v.
1407 2305 1461 2361 6.
1491 2310 1594 2381 Ap.
1618 2304 1938 2364 Bekkerum

406 2391 479 2454 ὣς
517 2387 655 2448 οὕτω
690 2388 848 2471 τρώγ.
878 2427 942 2440 -
970 2398 1001 2458 4
1034 2389 1168 2449 ἀλλὰ
1195 2390 1287 2449 καὶ
1323 2394 1392 2448 Β.
1421 2390 1550 2449 loco
1580 2390 1807 2468 priore,
1846 2392 1940 2452 καὶ

407 2496 522 2536 om.
550 2480 833 2536 altero-5
874 2477 977 2535 εἶσὶ
1001 2482 1067 2536 V.
1106 2476 1491 2555 πεπλασμένως
1527 2477 1789 2558 εἰσάγεται
1811 2483 1937 2542 Ald.

487 2564 522 2621 5
556 2565 765 2622 lemma
789 2567 879 2622 νῦν
905 2562 969 2635 δὴ
996 2563 1171 2622 habet
1196 2570 1294 2639 R.,
1321 2585 1439 2623 om.
1469 2570 1538 2624 V.

486 2654 544 2725 6,
574 2650 639 2710 ι4
664 2648 800 2729 μήτε
820 2655 889 2708 Β.
904 2657 974 2709 V.
995 2651 1343 2730 μασσώμενον
1374 2659 1445 2712 6.
1462 2692 1524 2703 -
1546 2654 1614 2712 ι6
1635 2653 1772 2733 μήτε
1786 2661 1854 2715 R.
1869 2662 1936 2717 V.

406 2737 789 2819 μασησῶμενος
809 2745 878 2798 V.
904 2737 1248 2817 μασσώμενος
1268 2747 1337 2801 6.

489 2849 542 2902 7,
576 2849 640 2902 ¹7
669 2825 1006 2910 περιειλήσας
1032 2828 1121 2888 καὶ
1142 2825 1479 2911 περισυρίσας
1504 2829 1627 2889 Ald.
1662 2874 1723 2889 -.
1760 2850 1836 2890 2ο
1868 2833 1940 2900 ὥς

404 2916 468 2976 ἂν
489 2916 551 2976 τὸ
575 2939 665 2976 σπ.
695 2918 805 2995 ἒγγ.
838 2916 1116 2989 ἀποδοθείη
1139 2921 1204 2976 V.
1229 2918 1349 2976 Ald.
1382 2954 1445 2967 -
1474 2939 1545 2977 2ι
1575 2919 1828 3001 ἐγγενήσῃ
1856 2927 1930 2981 R.

403 3004 674 3083 ἔγγενήσει
692 3010 760 3062 V.
785 3004 1081 3081 Wytteub.
1112 3006 1183 3065 ad
1202 3007 1347 3065 Plut.
1373 3011 1522 3066 Mor.
1549 3028 1606 3086 p.
1631 3009 1764 3083 355,
1790 3015 1854 3081 Β,
1878 3031 1935 3088 p.

408 3096 519 3153 183
536 3137 552 3164 ‚
579 3095 715 3153 citat
747 3093 1013 3152 Dindorl'.
1038 3132 1100 3144 —
1127 3114 1204 3152 22
1241 3097 1496 3173 γενῶνται
1520 3102 1590 3155 V.
1616 3098 1731 3171 Qui
1752 3099 1937 3171 addit,

401 3184 503 3262 οὐχ
535 3184 606 3248 ὣς
636 3181 798 3248 ὄντως
822 3173 911 3241 οὗν
943 3180 1235 3264 τρώγονται
1273 3182 1600 3264 (τρώγουσιν
1637 3185 1763 3265 6.),
1800 3187 1939 3246 ἀλλὰ

401 3269 532 3352 πρὸς
548 3267 610 3329 τὸ
628 3266 979 3347 μυθευόμενον
1004 3266 1231 3342 ἔπαιξεν,
1263 3290 1335 3329 ex
1363 3272 1588 3330 scholio
1611 3292 1667 3330 v.
1695 3275 1746 3332 3.
1771 3311 1835 3324 -
1859 3279 1934 3335 26

399 3355 578 3416 ἵππων
601 3377 715 3415 om.
735 3362 803 3415 V.
825 3396 888 3408 -
915 3376 988 3432 27
1015 3354 1107 3415 δύο
1131 3358 1192 3415 ἐκ
1214 3354 1316 3425 δεξ.
1346 3362 1415 3415 V.

485 3464 542 3520 9,
577 3447 643 3503 31
677 3442 896 3525 ῥήτορας
922 3467 981 3503 τε
1004 3450 1095 3517 V.,
1121 3464 1240 3504 non
1268 3451 1337 3505 G.
1373 3484 1437 3496 —
1466 3448 1540 3505 32
1563 3444 1684 3513 τοὺς
1708 3446 1936 3531 κόπρους

401 3539 469 3590 V.
494 3575 559 3585 ...
583 3533 654 3604 37
677 3535 822 3603 ζητεῖ
845 3523 935 3590 οὖν
959 3532 1082 3590 Ald.

488 3640 591 3692 ιι,
627 3620 700 3689 45
727 3640 813 3697 sq.
838 3639 953 3679 om.
979 3620 1152 3678 etiam
1181 3618 1341 3679 6.-’-
1370 3622 1445 3690 46
1469 3620 1531 3680 τὸ
1562 3620 1739 3704 ἐτέρας
1762 3628 1831 3681 V.
1855 3658 1937 3671 —

404 3716 479 3779 47
501 3705 679 3787 τρίτης
700 3697 788 3765 οὖν
811 3712 882 3766 V.
905 3707 1046 3787 (non
1069 3707 1163 3786 G.)
1185 3707 1385 3766 Ald.-
1402 3708 1591 3776 51-54
1619 3712 1678 3768 ἐκ
1702 3708 1758 3769 δὶ
1778 3717 1937 3771 τοῦ-

398 3790 714 3872 πασχόντων
747 3795 896 3853 inl'ra
935 3807 1067 3872 post
1096 3797 1157 3853 ἐκ
1182 3797 1290 3853 τῶν
1330 3794 1619 3875 χρωμένων
1660 3803 1728 3857 R.
1772 3799 1933 3857 Idem

398 3885 473 3949 ὡς
505 3883 717 3941 πολλῶν
748 3881 837 3942 καὶ
872 3881 1158 3941 ποιούντων
1184 3882 1348 3941 ὄντων
1372 3883 1499 3964 παρ’
1524 3887 1696 3952 αὐτοῖς
1716 3886 1806 3944 καὶ
1832 3910 1935 3945 πα-

400 3970 656 4051 σχόντων.
676 3976 819 4047 Quae
836 3970 1012 4033 verba
1027 3970 1115 4031 bis
1137 3971 1312 4031 habet
1332 3978 1424 4043 V.,
1442 3973 1625 4031 altero
1648 3977 1778 4033 loco
1800 3995 1930 4033 cum

400 4065 474 4119 R.
503 4062 899 4133 consentiens,
930 4061 1043 4119 nisi
1080 4061 1238 4139 quod
1266 4059 1432 4120 ὄντων
1461 4063 1680 4121 omittit
1699 4106 1713 4131 ,
1745 4064 1930 4123 altero

402 4149 513 4221 sic,
537 4151 609 4215 ὥς
634 4154 909 4216 ποιοῦντας
947 4149 1079 4230 παρ’
1112 4150 1287 4216 αὐτοῖς
1318 4147 1409 4208 καὶ
1442 4148 1763 4230 πάσχοντας.
1798 4151 1924 4209 ΑΙά.

399 4238 471 4304 ὣς
514 4236 605 4295 καὶ
649 4242 928 4304 ποιοῦντας
975 4237 1043 4297 τὰ
1084 4242 1298 4297 τοιαῦτα
1346 4237 1436 4297 καὶ
1480 4238 1796 4318 πάσχοντας.
1842 4244 1934 4299 Ex

399 4325 615 4402 quibus
638 4326 905 4384 Diodorf.
924 4326 1142 4385 addidit
1157 4330 1470 4385 τοιαῦτα.-
1490 4347 1513 4383 ι
1538 4333 1629 4385 τοῦ
1647 4327 1840 4386 πείθειν
1861 4332 1928 4387 R.

400 4416 526 4471 Hoc
543 4432 776 4492 quoque
796 4406 1060 4474 schfflion
1077 4415 1169 4474 his
1188 4416 1459 4493 scriptum
1479 4414 1541 4472 in
1554 4421 1645 4487 V.,
1665 4436 1781 4473 uno
1802 4416 1932 4474 loco

398 4513 465 4559 ut
488 4501 706 4560 editum
724 4544 744 4574 ,
768 4504 953 4562 altero
978 4505 1093 4577 sic,
1121 4500 1209 4561 διὰ
1230 4505 1336 4560 τῶν
1355 4499 1559 4561 παίδων
1579 4500 1933 4583 τετριμμένην

399 4583 537 4647 εἶναι
596 4587 687 4648 καὶ
740 4588 959 4669 ἰτοίμην
1012 4594 1117 4651 τῶν
1167 4586 1458 4671 χρωμένων
1499 4590 1520 4670 (
1545 4593 1621 4671 τῷ
1670 4589 1935 4673 χρωμένῳ

486 4763 586 4837 ι4,
613 4785 651 4840 9
675 4764 817 4825 Οὐδὲ
835 4770 906 4824 V.
940 4803 1002 4817 -
1031 4787 1102 4825 ιο
1124 4764 1228 4839 ἤδη
1251 4784 1367 4824 om.
1391 4771 1487 4840 V.,
1512 4767 1614 4845 qui
1642 4765 1791 4827 δυσὶν
1814 4760 1926 4829 οὖν.

397 4891 479 4908 ...
506 4872 569 4910 ιι
600 4851 770 4911 ὄντοιν
801 4861 912 4912 τοῖν
947 4859 1019 4913 G.
1047 4888 1111 4901 —
1133 4853 1203 4913 14
1235 4859 1328 4914 τοῦ
1359 4853 1554 4933 μηκέτι
1581 4856 1932 4916 Dindorfius.

397 4940 723 5019 Legebatur
758 4940 820 5000 τὸ
850 4963 982 5019 μηκ.
1025 4977 1090 4993 -
1127 4963 1193 5015 17
1232 4942 1311 5002 ἔτι
1345 4943 1560 5022 μάττων
1595 4945 1743 5004 Lud.
1784 4946 1933 5003 Din-

399 5028 634 5089 dorfius.
683 5028 1012 5107 Iaegebatur
1055 5030 1476 5114 imde—
1509 5035 1578 5094 18
1623 5030 1679 5094 δὲ
1715 5024 1781 5106 ἦν
1817 5030 1929 5109 ὅτι,

1605 252 2055 317 ΑΒΝΟΤΑΤῙΟ
2094 254 2181 314 IN
2218 252 2480 317 Senot..

2046 399 2123 441 2ο
2147 385 2419 459 πασικάην
2454 391 2523 444 V.
2557 423 2619 435 —
2648 405 2716 443 2ι
2754 382 3055 467 τροχοειδίς
3075 391 3149 446 G.
3181 387 3480 470 τριχοειδίς
3519 393 3583 450 V.

2039 458 2165 550 ἦραν
2191 473 2259 530 G.
2284 505 2360 516 —
2393 471 2465 529 23
2488 470 2760 543 παυσικάη
2779 475 2849 530 V.
2877 472 3118 546 πασικάη
3141 479 3210 533 G.

2128 578 2217 631 17,
2253 560 2328 617 25
2358 572 2488 637 post
2505 559 2705 619 πλοίων
2731 559 2896 618 addit
2913 560 3042 621 Ald.
3061 553 3137 628 οἶς
3160 561 3526 646 προσφέρεται
3547 567 3584 636 ἥ

2040 645 2427 719 ἄντλία,καὶτὸ
2446 650 2656 727 ἀγγεῖον
2677 639 3003 726 οἶτοςλίγῑι,
3027 650 3082 708 iv
3103 641 3150 731 ᾗ
3173 648 3357 732 &qus-pa.
3391 651 3589 714 ἀντλία

2038 730 2273 804 alfia-03
2307 734 3586 819 πλοίουέκροή.καὶΠισίδης,ἑκτῶνέχόν-ιυν
3651 755 3674 772 ·

2038 818 2130 887 τὰς
2161 819 2408 889 δυσώδεις
2429 823 2660 890 ἀντλίας.
2692 830 2837 897 Quae
2855 825 3288 903 interpolataex
3311 826 3506 886 Suida
3531 846 3580 885 s·

2038 906 2262 969 Ἀντλία.
2289 943 2363 957 -
2389 913 2465 969 26
2488 910 2834 993 πληρωθέντα
2855 912 3066 973 suidas
3088 932 3134 972 ³.
3153 905 3301 981 Οῗος.

2118 1016 2186 1054 2ι
2219 1001 2314 1070 τῆς
2331 1002 2510 1058 etti-”u
2540 1023 2598 1076 μ.
2617 1001 2776 1058 dm.
2795 1021 2893 1058 om
2916 1005 2988 1060 R.

2117 1093 2222 1159 24,
2247 1093 2278 1153 4
2293 1107 2315 1143 ι
2351 1086 2489 1146 ’Ant
2515 1092 2607 1147 τοῦ
2644 1085 2894 1168 ἅτριπτον
2919 1088 3130 1166 (codex
3153 1088 3452 1170 ἀτρίπτων)
3471 1090 3582 1149 ιά-

2035 1170 2221 1230 ditum
2242 1193 2317 1231 ex
2340 1178 2407 1233 R.
2439 1174 2707 1256 ἄνθρωπος
2724 1180 2796 1234 V.
2821 1177 2958 1237 Ald.
2979 1207 3060 1223 —-
3082 1186 3155 1246 42
3177 1176 3320 1245 ὅπως
3344 1176 3415 1236 ἂν
3438 1173 3584 1256 χέσῃ

2064 1265 2092 1299 τ

2033 1333 2093 1370 ου
2119 1310 2278 1371 ἐσθίει
2298 1317 2369 1371 R.
2394 1328 2466 1360 2·—
2490 1323 2562 1383 44
2584 1314 2717 1375 αὗτά
2740 1336 2858 1375 om.
2885 1322 2956 1374 V.

2115 1398 2220 1471 25,
2257 1402 2448 1476 45-49
2470 1403 2551 1481 βρ.
2574 1422 2691 1460 om.
2716 1407 2821 1474 R.,
2848 1402 3086 1462 inferius
3111 1402 3334 1462 habens
3364 1401 3584 1484 φαύλως
3609 1425 3622 1435 ·

2032 1484 2234 1567 ἐρείδει,
2258 1485 2436 1553 ἁπλῶς
2455 1488 2544 1546 καὶ
2573 1488 2898 1571 ἀπεριέργως
2916 1489 3095 1550 ἐσθίει.
3119 1524 3200 1536 -
3231 1491 3304 1561 45
3329 1489 3580 1573 ἀπεριέρ-

2030 1598 2136 1654 γως
2155 1569 2227 1635 Β.
2252 1592 2309 1636 et
2331 1578 2535 1637 Suidas
2558 1599 2603 1637 s.
2632 1578 2884 1647 Φαύλως.
2910 1582 3332 1664 ἀπεριεργάστως
3354 1587 3424 1640 V.
3448 1582 3579 1640 ΔΜ.

2028 1694 2113 1713 --
2148 1665 2222 1731 46
2258 1663 2512 1732 συντόνως
2550 1668 2854 1727 Κιιεῑειυε.
2915 1667 3184 1748 συντόμως
3224 1675 3292 1728 V.
3346 1669 3483 1727 Ald.
3521 1682 3580 1727 et

2031 1751 2252 1810 Suidas.
2296 1750 2615 1834 ἱρεσσόντων
2655 1760 2726 1814 G.
2786 1790 2870 1802 —
2920 1758 2995 1826 48
3044 1754 3300 1823 συντόνως
3339 1756 3573 1817 suidas.

2031 1839 2359 1917 Legebatm·
2385 1839 2670 1921 συντόμως.
2694 1878 2776 1889 -
2796 1853 2872 1921 49
2894 1844 3010 1905 ἀντὶ
3031 1850 3125 1905 τοῦ·
3147 1867 3199 1904 σ.
3218 1844 3311 1904 καὶ
3334 1845 3428 1904 ἐπ.
3460 1865 3575 1904 οιιι.

2709 1924 2735 1971 θ

2027 1983 2096 2037 V.
2130 1982 2403 2059 Sequitur
2428 1983 2488 2041 iu
2513 1987 2587 2043 R.
2623 1986 2745 2065 βρεν
2783 1983 2841 2043 δὲ
2879 1975 3013 2052 εἶδος
3035 1982 3202 2067 μόρου
3227 1975 3275 2065 ᾧ
3297 1984 3577 2067 χρώμεναι

2029 2070 2084 2127 αἱ
2122 2078 2363 2147 γυναῖκες
2401 2068 2540 2149 μέγα
2581 2076 2872 2153 φρονοῦσιν.
2920 2074 3185 2132 6Ιοεειιιι
3234 2073 3572 2150 σεμνύνεται,

2028 2156 2230 2237 ἐπαίρει
2256 2157 2430 2216 habet
2446 2162 2520 2217 V.
2548 2199 2625 2213 .-
2654 2159 2723 2217 51
2751 2160 3019 2240 χρείονται
3036 2166 3130 2233 V.,
3154 2181 3272 2219 non
3299 2163 3369 2221 G.

2111 2246 2216 2317 28,
2251 2246 2323 2303 53
2352 2241 2457 2325 γὰρ
2479 2265 2598 2306 om.
2631 2251 2700 2307 V.
2731 2291 2795 2306 ..
2825 2250 2932 2307 3—6
2961 2245 3056 2313 τὰς
3090 2247 3262 2326 μάζας
3287 2246 3569 2326 γογγύλας,

2029 2326 2091 2387 αἵ
2109 2332 2238 2390 εἰσιν
2267 2321 2398 2400 εἶδος
2418 2332 2671 2412 λαχάνου.
2704 2334 2794 2395 καὶ
2819 2334 3143 2413 γογγυλίζειν
3177 2333 3244 2394 τὸ
3274 2334 3570 2416 ptrue-tp(-

2067 2439 2141 2475 ειν
2169 2417 2303 2476 Ald.

2028 2439 2064 2498 φ
2107 2517 2204 2572 29,
2232 2517 2254 2554 ι
2271 2518 2296 2555 ι
2323 2496 2455 2558 Ἐὰν
2477 2503 2590 2572 τῆς,
2623 2518 2690 2556 ι2
2713 2497 2872 2579 ἄρτου
2891 2498 3132 2571 δηλονότι
3153 2499 3302 2578 (δηλ.
3325 2520 3450 2559 om.
3469 2499 3567 2578 G.)

2029 2589 2095 2644 V.
2123 2587 2247 2645 sine
2272 2587 2550 2665 κορεσθείς.
2572 2588 2679 2662 1b.,
2706 2590 2908 2667 δρῶσαι
2935 2594 3007 2647 V.
3033 2589 3175 2667 (non
3197 2589 3298 2667 G.)

2108 2675 2204 2747 33,
2239 2675 2312 2732 28
2328 2666 2457 2735 Οῗον
2479 2674 2714 2756 ἐγκύψας
2733 2688 2794 2733 et
2821 2674 2879 2734 δέ
2899 2688 2958 2735 et
2979 2697 3054 2753 29
3071 2675 3168 2748 τὴν
3192 2696 3311 2735 om.
3341 2671 3417 2736 R.
3436 2676 3566 2738 Ald.

2024 2794 2102 2806 —
2134 2763 2201 2819 3ι
2256 2762 2491 2822 δοκοῖσιν
2525 2763 2811 2836 ἀπλήστως
2843 2764 3049 2824 Suidas
3085 2785 3132 2828 s,
3173 2755 3327 2825 (stov.
3359 2765 3569 2828 δοκοῦσι

2026 2847 2257 2927 μάλιστα
2285 2848 2567 2923 ἀπλήστως
2591 2857 2662 2911 V.

2107 2931 2204 3000 34,
2234 2930 2304 3000 34
2328 2930 2627 3008 legebatur
2645 2927 2732 2989 διὰ
2754 2927 2816 2988 τὸ
2835 2928 2954 2996 τοὺς
2970 2931 3270 2999 παλαιστὰς
3285 2935 3564 3009 μιμεῖσθαι

2025 3018 2182 3097 διαιρ.
2206 3022 2274 3076 Ιιι
2299 3024 2364 3077 V.
2398 3017 2485 3078 διὰ
2511 3025 2603 3079 τοῦ
2626 3018 2884 3100 κανθάρου
2915 3018 3232 3101 (σκανθάρου
3252 3018 3348 3078 G)
3373 3027 3563 3099 μιμεῖ-

2026 3108 2148 3164 σθαι
2172 3103 2290 3173 τοὺς
2306 3106 2601 3176 παλαιστὰς
2626 3105 2995 3188 διαιρούμενος.

2106 3196 2216 3268 36,
2258 3206 2334 3273 49
2367 3201 2463 3268 τῆς
2488 3196 2775 3280 τριχιλείας
2804 3200 2871 3257 V.
2898 3193 3180 3278 παρέλκων
3211 3199 3285 3255 G.
3313 3219 3562 3279 παρακα·

2024 3282 2224 3342 τεάσων
2261 3284 2536 3366 παρέλκων
2576 3292 2645 3345 V.
2697 3326 2992 3347 ........
3019 3308 3092 3343 ων
3120 3290 3191 3344 R.
3225 3287 3562 3364 praeceden-

2027 3369 2178 3429 tibus
2221 3372 2455 3448 syllabis
2502 3374 2838 3433 obliteratis.
2882 3377 3024 3447 Quae
3062 3372 3243 3431 verba
3275 3375 3558 3451 glossema

2024 3477 2148 3517 esse
2171 3458 2442 3518 videntur
2458 3461 2528 3520 ad
2551 3460 2877 3543 παραόαλὼν
2901 3460 3022 3527 τοὺς
3045 3460 3300 3541 γομφίους
3319 3462 3561 3522 reseren-

2024 3546 2182 3605 dum.
2213 3549 2634 3625 Con-figendum
2663 3562 2854 3608 autem
2882 3548 3333 3630 παρακατάσσων.
3361 3550 3560 3609 Simile

2023 3636 2408 3713 compositum
2439 3650 2526 3695 est
2553 3638 2947 3716 περικατάσσω,
2970 3635 3131 3714 quod
3157 3636 3558 3718 περικατεάσσω

2023 3724 2300 3801 scriptum
2321 3735 2408 3781 est
2426 3725 2484 3781 in
2509 3724 2712 3800 glossis
2736 3724 2989 3783 vetustis.
3020 3728 3206 3781 Dum.

2105 3812 2202 3883 38,
2219 3809 2493 3882 7Δικαίως
2515 3809 2580 3871 τὰ
2603 3817 2804 3871 om.R.
2832 3809 2901 3870 τὰ
2929 3832 3042 3870 om.
3068 3816 3138 3871 V.
3155 3810 3428 3893 τρώγοντα
3447 3829 3555 3890 pro

2023 3903 2131 3959 ἐστ.
2175 3911 2233 3957 et
2261 3900 2390 3957 εἰσιν
2419 3920 2529 3978 pro
2565 3901 2677 3958 ἐστι
2706 3905 2779 3961 V.
2809 3902 2869 3960 in
2909 3901 2983 3977 gl.
3011 3944 3073 3957 -.
3096 3899 3131 3956 8
3160 3898 3327 3966 οὕτως
3346 3921 3463 3959 om.
3488 3902 3555 3962 R.

2104 3990 2201 4065 39,
2236 3986 2456 4053 ι2τίνος
2495 3978 2642 4055 οὗτός
2670 3990 2810 4048 ἐστιν
2827 4009 2943 4047 om.
2974 3989 3151 4047 etiam
3182 3991 3252 4048 G.
3283 4002 3343 4046 et
3366 3990 3554 4068 spatio

2023 4095 2208 4135 vacuo
2238 4079 2329 4148 V.,
2357 4077 2458 4153 qui
2484 4075 2644 4157 φασὶ,
2682 4078 2841 4155 quod
2872 4098 2988 4137 om.
3015 4082 3088 4139 G.
3112 4077 3238 4137 ΑΜ.
3267 4123 3332 4138 ...
3367 4078 3436 4135 ι3
3458 4074 3554 4156 μὶν

2022 4184 2136 4224 om.
2162 4169 2236 4224 R.
2267 4206 2329 4218 .-
2354 4173 2418 4232 ι4
2443 4165 2582 4224 ἐστίν
2607 4187 2720 4225 om.
2742 4172 2809 4226 V.
3011 4187 3037 4234 θ

2105 4253 2206 4316 4ο,
2243 4241 2313 4301 ι8
2343 4242 2437 4321 μὲν
2463 4264 2578 4302 om.
2606 4250 2670 4304 V.
2700 4244 2792 4313 ὕας
2817 4250 2885 4304 R.
2921 4268 3019 4305 καν
3048 4242 3163 4313 οἵας
3179 4249 3249 4305 V.
3274 4290 3342 4305 ..
3367 4264 3445 4305 2ο
3471 4242 3556 4303 τί-

2022 4339 2181 4394 θασον
2203 4337 2277 4392 Β.
2297 4330 2540 4391 ἀτίθασον
2561 4337 2631 4392 V.

2104 4423 2173 4485 41
2193 4456 2210 4485 ,
2239 4431 2313 4469 22
2344 4409 2461 4471 οὐδὲ
2487 4415 2594 4470 τῶν
2621 4412 2872 4494 χαρίτων.
2893 4410 3008 4484 ἑξῆς
3027 4415 3102 4472 V.
3128 4431 3249 4470 non
3279 4417 3353 4471 G.

2103 4514 2199 4575 42,
2228 4502 2301 4558 28
2329 4503 2359 4559 ὁ
2380 4520 2494 4560 om.
2514 4507 2611 4572 R.,
2635 4502 2735 4579 qui
2755 4499 2877 4585 παρ’
2903 4499 3206 4574 Ἀθηναίοις,
3227 4521 3355 4580 quae
3376 4498 3555 4563 verba

2023 4612 2138 4651 om.
2172 4595 2244 4650 V.
2271 4634 2335 4647 ...
2361 4609 2440 4667 29
2464 4588 2616 4670 issi-‚⁹¹
2645 4584 3134 4651 ἀπὸ-,πιπτόντων
3161 4608 3274 4648 οιιι.
3295 4593 3364 4653 Β.
3383 4635 3449 4648 -
3478 4594 3551 4652 32

2023 4686 2234 4743 σκατοῖς
2260 4684 2329 4738 Β.
2358 4676 2570 4759 κόπροις
2592 4677 2721 4737 Ald.

2103 4770 2199 4839 43,
2223 4768 2296 4825 35
2314 4768 2387 4832 ὥς
2407 4767 2721 4848 φιλοκερδεῖς
2738 4763 2827 4825 καὶ
2852 4766 3141 4848 φιλοδίκους
3160 4763 3250 4824 καὶ
3274 4763 3558 4847 φιλολοιδό-

2023 4854 2277 4938 ρουςΑΙά.
2297 4876 2428 4936 φησι
2445 4851 2546 4936 γὰρ
2559 4875 2654 4914 om
2668 4860 2758 4928 R.,
2775 4857 2875 4934 qui
2893 4855 3127 4915 πάντων.
3147 4845 3219 4921 εἶς
3238 4857 3342 4912 τῶν
3359 4851 3554 4931 emp!-

2019 4968 2121 5005 νων
2160 4947 2227 5003 V.
2266 4943 2395 5004 Ald.
2431 4988 2498 5004 ...
2545 4944 2619 5018 37
2662 4963 2786 5023 sqq.
2815 4950 2885 5005 R.
2914 4944 3088 5005 habet
3112 4940 3345 5002 σκώπτει
3373 4940 3428 5011 δὲ
3459 4938 3548 5005 τὸν

2021 5031 2261 5095 Κλέωνα.
2289 5078 2353 5093 ...
2381 5033 2457 5090 38
2497 5034 2707 5114 σκῶψαι
2748 5031 2836 5093 διὰ
2866 5032 2927 5093 τὸ
2963 5029 3208 5114 κανθάρῳ
3234 5030 3428 5109 ὁμοίως
3452 5035 3548 5104 V.,
