3859 5725
414 264 477 323 Μ
492 275 529 328 o
1552 255 2003 321 ADNOTATIO
2045 255 2129 316 IN
2156 256 2435 319 scam..

420 401 710 481 Σωκράτου
729 401 858 480 [sic]
880 396 1196 460 διδασκάλου
1221 402 1336 473 (τῆς
1351 399 1666 481 Σωκράτους
1693 398 1949 457 διδασκα-

2119 399 2248 468 103,
2285 407 2360 474 49
2391 397 2660 465 Ἀττικῶς.
2681 403 2711 458 ὁ
2744 395 2800 457 δὲ
2829 397 3079 468 Διόνυσος
3111 397 3261 484 λέγει
3289 399 3383 463 καὶ
3409 406 3596 487 ὓπερ-

416 490 531 556 λίας
546 489 662 569 6.),
677 489 868 569 ἀγαθὸς
888 488 978 550 τὸν
1005 486 1197 571 τρόπον
1224 495 1455 568 x.Reg.:
1471 487 1539 548 Ὁ
1551 486 1785 565 Ἀγάθων
1802 478 1951 553 οὗτος
2031 480 2333 551 ὅαλλόντως
2362 507 2454 562 μοι
2473 482 2688 567 ἀρέσκει
2707 491 2801 560 V.‚
2823 508 2896 546 ex
2927 490 3151 548 scholio
3175 492 3479 569 proximo.
3503 526 3596 541 —

418 578 640 651 ποιητὴς
658 570 725 651 ἦν
748 578 1036 661 κωμῳδίας
1061 577 1254 651 δεξιὸς,
1279 576 1483 638 καὶτὸν
1507 577 1701 660 τρόπον
1733 576 1943 654 ἀγαθός.
2032 573 2107 630 50
2144 572 2454 649 σημείωσαι
2491 575 2562 634 Θ.
2585 605 2664 619 —
2696 594 2717 631 1
2755 594 2843 653 sq.
2884 573 2971 636 ἵνα
3011 576 3073 637 τὸ
3114 601 3144 636 ν
3196 579 3407 638 codex.
3432 613 3517 627 —
3550 591 3589 648 4

418 667 756 749 κατηγορήθη
797 666 853 726 δὲ
878 664 961 725 ὅτι
987 665 1249 749 ἀπέδρασε
1287 664 1419 746 πρὸς
1462 666 1552 725 τὸν
1593 661 1818 745 βασιλέα
1843 669 1951 726 τῶν

420 754 740 815 Μακεδόνων
771 754 1070 836 Ἀρχέλαον.

469 881 472 885 Δ
498 847 594 914 84,
626 847 695 916 37
723 842 849 924 παρ’
884 848 954 900 V.
997 840 1090 900 σὺν
1117 840 1311 898 ceteri.
1341 840 1468 923 παρ’
1492 843 1636 901 αὖτῶ
1656 862 1781 901 om.
1808 843 1948 903 Sui-

420 932 522 990 das
541 976 557 1003 ‚
589 932 688 1008 qui
715 928 1116 1011 παραχθέντων.

498 1021 595 1091 85,
628 1020 704 1095 39
726 1015 870 1097 λέγει
897 1015 952 1074 δὲ
982 1017 1052 1076 Θ.
1082 1019 1153 1083 ὡς
1179 1014 1242 1075 ἂν
1275 1022 1365 1089 R„
1396 1018 1498 1095 qui
1524 1007 1639 1077 εἶπε
1668 1023 1735 1078 R.
1761 1022 1950 1080 Ceteri

419 1107 539 1187 περὶ
558 1103 667 1172 τὰς.
696 1139 771 1151 -
796 1114 869 1175 4ο
892 1108 987 1175 τῆς
1006 1104 1267 1163 additum
1293 1123 1365 1163 ex
1385 1110 1451 1163 V.
1473 1138 1550 1152 —
1577 1117 1650 1176 42
1677 1107 1948 1191 διατριὸήν

419 1193 678 1251 additum
717 1212 787 1251 ex
829 1196 899 1250 R.
926 1191 1257 1275 ἀναστροφήν
1297 1193 1471 1252 habet
1507 1199 1650 1273 Reg.
1697 1202 1849 1256 τοῦτο
1894 1195 1950 1255 δὲ

418 1301 536 1340 om.
566 1285 645 1339 M.

499 1370 575 1427 86
598 1414 614 1442 ,
661 1378 733 1438 44
764 1369 1032 1441 Ξενοκλῆς
1065 1369 1229 1429 addit
1265 1383 1399 1449 post
1440 1372 1706 1451 Καρκίνου
1731 1373 1886 1447 ΔΙά.,
1921 1380 1951 1434 ὁ

420 1455 688 1527 Ξενοκλῆς
719 1461 817 1529 V.‚
841 1457 1060 1516 omittit
1088 1463 1152 1516 R.
1172 1490 1253 1504 —
1280 1460 1354 1525 46
1379 1458 1540 1526 Δάτις
1561 1505 1578 1534 ,
1607 1460 1764 1538 quod
1789 1465 1950 1528 Δᾶτις

418 1544 788 1604 scribendum
816 1545 942 1618 fuit,
965 1546 1184 1605 addunt
1201 1551 1271 1606 R.
1300 1552 1372 1605 V.
1411 1552 1555 1608 Tres
1585 1549 1685 1607 filii
1723 1551 1950 1608 Can-cini

416 1646 815 1692 memorantur
843 1633 920 1691 ab
950 1632 1258 1692 scholiasta
1294 1636 1423 1694 Pae.
1458 1637 1604 1709 778,
1641 1637 1909 1709 Ξενοκλῆς
1932 1684 1950 1716 ,

416 1715 725 1797 Ξενότιμος,
751 1721 1040 1801 Ξέναρχος,
1074 1721 1463 1799 totidemque,
1491 1722 1593 1782 sed
1619 1724 1951 1783 nominibus

416 1830 533 1866 non
555 1809 791 1884 additis,
815 1829 848 1867 a
873 1809 1217 1869 Pherecrate
1238 1830 1329 1888 ap.
1356 1810 1531 1869 schol.
1559 1815 1733 1891 Vesp.
1765 1814 1951 1886 1502;

418 1897 563 1968 duo,
595 1898 864 1968 Ξενοκλῆς
886 1895 979 1957 καὶ
1000 1895 1285 1977 Ξενότιμος
1303 1941 1319 1970 ,
1348 1898 1424 1957 ab
1447 1899 1759 1959 scholiasta
1787 1899 1944 1962 Nub.

425 1988 593 2057 1264,
615 1985 930 2044 secundum
951 1999 1276 2045 nostrorum
1299 1985 1582 2045 librorum
1609 1988 1909 2049 lectionem
1933 2011 1948 2045 z

414 2093 550 2131 nam
573 2074 751 2152 vulgo
783 2088 917 2147 tres,
945 2074 1243 2148 Ξενοκλῆς,
1269 2073 1555 2153 Ξενότιμος
1574 2119 1590 2147 ,
1619 2075 1945 2156 Δημότιμος.

412 2162 578 2221 Datis
625 2162 907 2240 tragicus,
950 2163 1181 2223 Cat-cini
1228 2164 1376 2222 iilius
1406 2206 1422 2234 ,
1472 2178 1827 2224 memoratur
1876 2166 1952 2226 ab

407 2250 596 2309 schol.
626 2255 756 2309 Pae.
790 2253 922 2310 288.
947 2255 1092 2324 Quae
1117 2252 1270 2310 inter
1296 2272 1357 2310 se
1377 2255 1687 2312 conciliare
1708 2270 1952 2315 conatus

416 2351 502 2396 est
544 2340 863 2398 Meineltius
902 2341 1052 2398 nist.
1077 2344 1239 2399 Com.
1274 2361 1329 2419 p.
1363 2340 1475 2402 513
1504 2363 1629 2420 sqq.
1662 2347 1841 2402 Dum.
1871 2378 1954 2391 —-

419 2435 491 2498 47
516 2429 785 2505 γεγονότες
804 2447 921 2486 om.
942 2432 1095 2485 V.-
1119 2429 1193 2496 48
1215 2423 1469 2488 Φαΰλλου
1492 2429 1589 2507 μὲν
1620 2433 1869 2490 Meinek.
1891 2454 1950 2511 p.

422 2517 553 2574 516.
577 2553 656 2562 —-
686 2528 760 2594 49
784 2521 889 2577 τῶν
913 2515 967 2575 δὲ
994 2516 1177 2594 δήμων
1201 2519 1272 2578 Θ.
1307 2517 1399 2577 τὸν
1423 2519 1477 2578 δὲ
1503 2520 1669 2597 δῆμον
1701 2527 1767 2579 V.
1794 2527 1872 2599 τῷ
1895 2522 1951 2582 δὲ

418 2603 572 2684 δήμῳ
598 2606 725 2663 Ald.
748 2606 897 2667 Χολα
932 2603 1087 2683 γέτης
1114 2608 1184 2665 Θ.

500 2694 595 2763 87,
623 2692 694 2750 50
718 2713 802 2771 sq.
833 2628 1004 2760 0620<
1028 2692 1233 2769 ἄσημος
1268 2695 1537 2776 τραγῳδός
1575 2701 1666 2771 R.‚
1697 2701 1792 2775 qui
1819 2714 1952 2779 post

421 2778 833 2858 μνημονεύοντες
856 2780 1019 2838 addit
1037 2777 1149 2839 ἔστι
1185 2779 1241 2840 δὲ
1274 2782 1571 2864 τραγῳδίας
1594 2784 1820 2858 ποιητὴς
1852 2811 1950 2866 μο-

418 2869 628 2950 χθηρός.
659 2874 729 2925 V.
762 2868 985 2941 ποιητὴς
1024 2867 1115 2928 καὶ
1156 2869 1421 2949 μοχθηρὸς
1449 2871 1539 2931 καὶ
1569 2873 1656 2932 ἄσ.
1677 2907 1753 2921 -
1779 2879 1845 2933 51
1895 2874 1951 2935 δὲ

420 2978 533 3019 om.
554 2959 625 3018 Θ.
648 2960 740 3028 τῆς
783 2971 840 3015 et
874 2958 948 3014 ὅτι
992 2961 1167 3039 φωνῆς
1208 2959 1406 3017 addita
1434 2980 1505 3019 ex
1535 2966 1604 3020 V.
1641 2963 1800 3044 φησὶν
1834 2985 1949 3023 om.

412 3049 491 3103 ·R.
524 3067 592 3122 με
618 3046 838 3112 v.—5t.
873 3043 1031 3113 ἔδειξε
1052 3047 1235 3113 δοῦλος
1264 3053 1332 3105 V.
1366 3050 1395 3105 ὁ
1427 3049 1473 3107 δ.
1502 3051 1576 3110 Θ.
1604 3056 1685 3109 Μ.
1711 3053 1835 3111 sine
1863 3056 1950 3120 ὡς.

500 3154 596 3210 91,
631 3153 663 3190 α
689 3131 851 3191 πλέον
884 3131 920 3203 ἢ
952 3132 1167 3192 σταδίου
1202 3141 1265 3194 R.
1292 3169 1363 3180 —-
1393 3147 1425 3207 4
1457 3138 1573 3197 ἀντὶ
1598 3144 1691 3198 τοῦ
1721 3153 1778 3199 et
1805 3142 1839 3199 5
1860 3141 1951 3200 καὶ

419 3242 534 3281 om.
564 3225 632 3281 V.

501 3330 602 3387 92,
625 3331 654 3384 7
682 3315 963 3371 πατεῖσθαι
982 3316 1053 3370 G.
1078 3313 1339 3372 ὀπτᾶσθαι
1365 3318 1434 3374 V.
1461 3315 1771 3396 στεμφύλων
1801 3320 1952 3377 Din-

420 3400 660 3459 (lorfius.
696 3400 1020 3478 Legebamr
1047 3400 1349 3482 σταφύλων.
1380 3408 1520 3480 Reg.
1550 3406 1847 3485 σταφυλῶν.
1871 3442 1955 3458 —-

427 3507 488 3546 11
522 3485 971 3547 ἐπικαλύπτεσθαι
999 3490 1071 3549 Θ.
1101 3489 1279 3567 Apud
1319 3491 1558 3550 Suidam
1598 3506 1685 3550 est
1727 3494 1815 3554 ἐπὶ
1846 3505 1956 3564 τοῖς

420 3574 633 3657 φύλλοις
663 3573 1048 3650 καλύπτεσθαι,
1073 3591 1415 3656 corruptum
1438 3599 1511 3637 ex
1539 3586 1644 3646 τοῖς
1671 3603 1725 3662 φ.
1753 3586 1951 3644 ἐπικα-

420 3662 726 3722 λύπτεσθαι.
751 3669 928 3722 Dnm.
954 3662 1279 3744 κρύπτεσθαι
1306 3671 1450 3744 neg.
1474 3699 1550 3713 —
1587 3689 1653 3728 12
1678 3667 1877 3738 Ἄλλως
1898 3687 1954 3730 et

421 3752 717 3832 sequentia
741 3772 854 3810 om.
881 3754 951 3813 Θ.

749 3856 772 3890 ε

500 3906 599 3980 93,
633 3922 697 3977 17
728 3926 770 3962 π
794 3906 860 3984 τῇ
884 3903 940 3963 ἐν
970 3907 1040 3963 R.
1065 3925 1239 3981 -·19
1273 3902 1340 3963 ἂν
1379 3896 1526 3987 εἷρπε
1564 3910 1634 3964 R.
1663 3908 1735 3968 Θ.
1768 3914 1955 3989 Lege-

420 3994 593 4054 batur
616 3996 843 4077 ὄνεῖρπε.
872 3994 934 4055 ἐκ
950 4000 1083 4079 φυῆς
1106 4001 1178 4056 R.
1205 4032 1285 4043 —
1312 4017 1386 4057 so
1404 4005 1647 4078 μουσεῖον
1671 4004 1742 4062 R.
1764 4005 1954 4065 Ceteri

425 4091 662 4160 μουσεῖα.
684 4116 763 4129 —
796 4104 870 4142 αα
902 4087 956 4143 ἐν
987 4105 1101 4144 om.
1131 4089 1202 4145 R.
1226 4121 1308 4135 —
1331 4090 1405 4147 23
1440 4108 1566 4166 sqq.
1595 4089 1769 4149 habet
1812 4097 1954 4171 Reg.

421 4183 480 4230 et
504 4173 693 4231 minus
718 4173 942 4251 integre
969 4174 1094 4232 ΑΜ.
1126 4194 1302 4253 supra
1325 4189 1460 4255 post
1478 4175 1569 4236 καὶ
1593 4177 1694 4260 γὰρ
1710 4180 1752 4238 l.
1774 4201 1871 4240 αι.

502 4269 600 4336 94,
634 4261 709 4318 30
737 4262 1147 4342 περιεστηκότας
1176 4264 1246 4323 Θ.

512 4368 621 4407 100
665 4350 748 4408 sic
788 4349 940 4422 Ald„
993 4347 1047 4418 ἔξ
1103 4346 1441 4433 Ἀλεξάνδρας
1483 4350 1806 4434 Εὐριπίδου,
1856 4358 1955 4418 καὶ

420 4435 612 4520 χρόνου
650 4435 903 4519 πρόὸαινε
955 4436 1111 4497 πόδα.
1141 4438 1232 4497 καὶ
1279 4442 1339 4499 ἐκ
1380 4441 1733 4516 Μελανίππης
1773 4447 1956 4527 Σοφο-

422 4524 604 4592 κλέους
631 4522 818 4608 (σοφῆς
860 4526 1205 4606 Berglerus)‚
1230 4524 1430 4605 ὄμνυμι
1463 4528 1530 4587 δι’
1555 4530 1691 4608 ἱερὸν
1730 4532 1913 4615 αἰθέρα
1937 4581 1953 4609 ,

423 4615 627 4687 οἴκησιν
662 4612 781 4678 Διός
809 4613 933 4672 Ald.
962 4616 1035 4680 εἷς
1064 4613 1158 4686 τὴν
1186 4613 1571 4698 Ἀλεξάνδρειαν
1610 4619 1958 4700 Εὐριπίδης-

424 4702 514 4762 καὶ
552 4703 624 4767 εἰς
650 4699 746 4774 τὴν
779 4702 1134 4776 Μελανίππην
1178 4704 1452 4787 Σοφοκλῆς
1493 4711 1572 4763 Μ.
1594 4738 1672 4751 -
1708 4710 1779 4776 43
1819 4710 1954 4791 ἱερὸν

425 4797 495 4849 Β.
520 4790 588 4848 V.
625 4824 700 4836 —
723 4799 796 4858 44
821 4789 882 4848 τὸ
915 4789 970 4848 δὲ
993 4804 1051 4850 et
1072 4792 1213 4852 ἐστὶν
1253 4814 1367 4852 om.
1397 4798 1470 4852 R.
1512 4793 1843 4879 Ἀλεξάνδρου
1882 4805 1953 4860 R.

426 4883 489 4936 V.
512 4910 589 4923 -
618 4878 690 4946 45
725 4876 1008 4959 προύὸαινε
1052 4882 1356 4940 Elmsleius
1383 4883 1455 4940 ad
1502 4884 1703 4962 Eut-ip.
1748 4890 1952 4948 Bacch.

418 4966 560 5035 387.
599 4963 850 5046 πρόὸαινε
876 4968 1026 5026 libri.
1050 4967 1228 5027 Iidem
1253 4973 1393 5034 ποῦς.

420 5086 433 5097 =
508 5071 644 5125 102,
673 5055 747 5122 46
776 5058 940 5113 ταῦτα
969 5053 1021 5123 ἐξ
1051 5054 1183 5113 libri
1206 5069 1415 5135 praeter
1438 5063 1503 5117 R.

2032 660 2255 722 Ἀττικοὶ
2274 664 2413 742 (0111.
2439 666 2510 725 Θ.
2537 666 2652 743 Μ.)
2683 667 2882 743 μᾶλλον
2900 668 3032 746 Ald.
3059 701 3136 715 —
3160 690 3200 746 9
3220 668 3596 730 τουτέστιν-

2031 749 2239 831 ἀρέσκει
2267 772 2381 810 0111.
2406 758 2477 810 V.

2121 840 2251 909 105,
2288 850 2353 909 14
2387 841 2629 901 fortasse
2653 841 2991 927 Ἀνδρομέδα.
3037 850 3243 923 Neque
3268 847 3428 906 enim
3452 849 3588 906 haec

2028 927 2088 984 in
2137 927 2545 988 Andromacha
2586 931 2861 1008 leguntur
2890 976 2907 1004 ‚
2946 934 3110 1011 eujus
3157 932 3369 994 fabulae
3413 938 3586 995 locos

2029 1015 2224 1094 aliqua
2249 1036 2322 1074 ex
2355 1031 2516 1095 parte
2539 1018 2755 1077 similes
2782 1019 3166 1098 comparabat
3189 1024 3496 1101 Berglerus
3517 1044 3582 1080 v.

2034 1105 2145 1177 237
2167 1149 2184 1179 ‚
2212 1107 2242 1163 ὀ
2264 1107 2387 1171 νοῦς
2413 1109 2442 1164 ὅ
2469 1103 2558 1171 σός
2634 1129 2683 1163 οι
2713 1104 2788 1186 μὴ
2813 1103 3074 1181 ξυνοικοίη
3092 1154 3109 1183 ,
3140 1108 3312 1187 γύναι·
3339 1123 3398 1169 et
3435 1112 3580 1182 581,

2028 1194 2167 1263 πῶςς
2203 1190 2239 1263 ἢ
2267 1191 2359 1250 τὸν
2380 1191 2523 1270 ἀμὸν
2547 1217 2576 1253 ο
2598 1217 2690 1252 κον
2717 1194 3028 1267 οἰκήσεις-
3044 1218 3061 1268 ;
3080 1201 3217 1255 Post
3236 1196 3580 1281 Ἀνδρομάχῃ

2030 1279 2239 1338 suidas
2270 1300 2318 1338 ε.
2352 1278 2445 1352 Μὴ
2475 1279 2568 1339 τόν
2595 1282 2761 1341 addit
2786 1281 2823 1355 ἢ
2853 1280 3006 1363 (ἔχον
3046 1286 3344 1365 Toupius)
3379 1285 3572 1354 οὕτως.

2030 1370 2210 1426 Dum.
2233 1401 2317 1418 -
2345 1369 2414 1426 15
2442 1367 2544 1449 γὰρ
2577 1369 2758 1448 βλέπω
2781 1375 2854 1429 V.

2116 1456 2247 1529 106,
2279 1457 2349 1515 16
2379 1456 2590 1526 ἀληθῶς
2616 1455 2651 1529 ἢ
2678 1458 2944 1517 additum
2987 1480 3062 1519 ex
3093 1466 3161 1519 V.
3200 1504 3280 1515 .-
3309 1466 3380 1522 18
3415 1463 3578 1521 οἱονεὶ

2027 1546 2098 1600 R.
2127 1534 2235 1602 οἷον
2264 1545 2456 1605 ceteri.
2478 1582 2541 1594 —
2572 1566 2643 1622 19
2674 1544 2864 1626 ἔχυντο
2887 1568 3001 1607 om.
3033 1551 3103 1607 R.

2117 1652 2224 1705 107
2256 1634 2315 1692 in
2346 1638 2487 1712 Reg.
2514 1630 2680 1693 ἔοικεν
2710 1632 3082 1696 ἀποσκώπτειν
3110 1638 3183 1704 εἰς
3203 1635 3481 1718 Ἦρακλῆν
3501 1641 3576 1707 ὣς

2027 1717 2329 1799 πολυφάγον
2351 1745 2363 1756 ·
2388 1719 2598 1799 ἐλέγετο
2622 1719 2726 1804 γὰρ
2752 1720 2874 1781 ὅλον
2905 1727 3030 1802 βοῦν
3059 1724 3270 1784 ἐσθίειν.

2116 1810 2248 1880 113,
2284 1809 2358 1865 23
2387 1827 2477 1886 sq.
2506 1808 2725 1869 babent
2744 1812 2816 1871 Θ.
2842 1816 2928 1870 Μ.
2961 1848 3024 1861 -
3050 1822 3122 1881 34
3166 1814 3228 1871 οὗ
3257 1812 3478 1874 δύναται
3501 1820 3576 1875 Β..

2027 1932 2092 1945 -
2111 1895 2187 1952 αδ
2215 1893 2409 1963 ἄλλως.
2441 1895 2698 1965 ἑκνεύσεις
2724 1899 2857 1958 ὁδῶν
2882 1898 2988 1959 ἀπὸ
3016 1907 3109 1960 τοῦ
3137 1902 3280 1983 ἕκτρ.
3316 1901 3408 1961 καὶ
3438 1904 3576 1961 ἄπο·

2029 1980 2236 2064 φεύγειν
2256 2027 2275 2058 ,
2303 1982 2429 2044 ὅταν
2457 1989 2527 2042 V.

2119 2073 2260 2146 115,
2292 2074 2362 2131 31
2401 2070 2544 2155 κόρις
2569 2074 2665 2132 οὐκ
2698 2071 2839 2133 ἔστιν
2874 2076 3076 2154 codex.
3115 2081 3383 2137 Fortasse
3411 2099 3572 2157 prae·

2030 2171 2145 2218 stat
2191 2158 2324 2220 ὅπου
2371 2159 2428 2220 δὲ
2474 2161 2705 2245 ῥυπαρία
2746 2164 2843 2222 οὐκ
2878 2161 3020 2239 ἔστι,
3066 2163 3238 2247 κόρεις
3291 2165 3576 2242 ὀλίγιστοι.

2031 2252 2213 2306 Dum.

2118 2358 2249 2411 121,
2285 2338 2360 2414 39
2386 2339 2642 2420 θρανάτια
2669 2344 2741 2398 R.
2770 2339 2998 2400 θανᾶτια
3023 2346 3098 2398 V.
3123 2343 3193 2402 Θ.
3222 2346 3296 2401 Μ.
3336 2343 3584 2423 θρανίτια

2030 2425 2162 2484 Ald.
2193 2426 2499 2486 Dindorfio
2539 2429 2950 2506 corrigendum
3003 2429 3241 2488 videtur
3272 2431 3461 2512 θρανία
3498 2452 3582 2491 ex

2030 2513 2212 2573 Suida
2248 2534 2296 2572 s.
2350 2515 2600 2596 Θρανίον.
2646 2516 2869 2575 ταπεινοί
2912 2539 3029 2575 τινα
3055 2523 3124 2575 R.
3149 2529 3208 2576 et
3243 2518 3470 2577 SuidaS.
3507 2517 3585 2577 τὰ

2031 2598 2191 2660 στενὰ
2222 2607 2289 2658 V.
2315 2603 2436 2660 τινὰ
2459 2604 2534 2663 Θ.
2569 2610 2650 2663 Μ.
2675 2604 2804 2662 Ald.
2827 2641 2889 2653 —
2919 2615 2992 2674 4ο
3031 2604 3580 2686 διφρίδια--λὲγονται

2031 2693 2103 2748 R..
2128 2702 2187 2747 et
2212 2690 2435 2749 Suidas.
2466 2691 2888 2772 διφρία-ἔλεγον
2912 2697 2982 2750 V.
3012 2694 3084 2753 Θ.
3110 2698 3188 2752 Μ.
3223 2693 3357 2753 Ald.
3384 2697 3419 2766 ἡ
3451 2713 3578 2753 om.

2029 2780 2098 2835 V.
2126 2814 2189 2826 —
2213 2786 2280 2846 41
2320 2782 2496 2860 θρῆνις
2523 2784 2592 2838 V.
2619 2779 2753 2838 Ald.
2778 2777 2880 2838 ὑπὸ
2905 2778 2959 2838 δὲ
2988 2784 3181 2862 θρῆνυς
3216 2782 3431 2864 (θρῆνις
3459 2782 3584 2862 G.)

2029 2870 2099 2925 V.
2131 2867 2233 2926 Est
2256 2886 2328 2926 ex
2357 2868 2422 2926 ῙΙ.
2456 2870 2535 2941 Σ,
2570 2869 2702 2945 390.
2724 2869 3001 2947 ἱστάμενοι
3029 2871 3290 2930 additum
3320 2893 3391 2930 ex
3418 2876 3496 2931 R.
3521 2887 3589 2932 et

2029 2955 2228 3015 Suidn.
2258 2961 2395 3014 Post
2417 2955 2789 3037 ἀπαγχόμενοι
2817 2970 3047 3037 ponunt
3079 2965 3152 3017 V.
3198 2962 3268 3021 Θ.
3291 2966 3375 3020 Μ.
3398 2999 3465 3013 -
3500 2972 3579 3031 {02

2029 3041 2086 3101 δὲ
2109 3043 2246 3103 αὐτά
2274 3048 2351 3103 V.

2119 3152 2250 3207 122,
2281 3134 2355 3202 46
2383 3136 2574 3211 θερμοῦ
2596 3137 2664 3192 R.
2689 3134 2880 3215 θερμόν
2908 3138 2982 3193 V.

2120 3222 2248 3296 123,
2275 3229 2351 3297 49
2379 3218 2509 3281 Ὅτι
2534 3241 2649 3280 om.
2671 3225 2737 3280 R.
2761 3257 2825 3271 —
2847 3221 2920 3279 50
2946 3243 3085 3303 τετρ.
3117 3221 3175 3282 δὲ
3196 3223 3267 3289 ὡς
3295 3227 3366 3282 R.
3386 3228 3458 3281 V.

2119 3309 2249 3381 125,
2281 3329 2313 3366 α
2340 3324 2427 3388 sq.
2457 3309 2547 3368 καὶ
2576 3308 2678 3390 γὰρ
2703 3307 2810 3368 ἀπὸ
2831 3312 2937 3368 τῶν
2963 3311 3140 3369 ποδῶν
3165 3301 3315 3376 οὗτος
3336 3314 3366 3370 ὁ
3404 3309 3580 3370 θάνα-

2029 3418 2116 3462 τος
2166 3394 2388 3477 ἄρχεται
2431 3402 2504 3458 V.
2554 3390 2701 3464 οὗτος
2734 3418 2851 3456 om.
2890 3401 2960 3457 R.
3007 3434 3070 3447 —
3120 3400 3154 3457 3
3189 3401 3399 3480 πρῶτον
3440 3401 3582 3459 αὐτὰ

2120 3590 2225 3644 ¹27
2257 3572 2337 3630 sic
2360 3577 2459 3644 V.‚
2492 3570 2632 3631 Ἀντὶ
2659 3577 2749 3631 τοῦ
2805 3575 3027 3632 εὐθεῖαν.
3059 3571 3224 3640 οὕτως
3261 3571 3318 3631 δὲ
3355 3573 3494 3634 ’Ana
3524 3577 3578 3634 ἆ.

2030 3664 2122 3718 τοῦ
2144 3663 2442 3741 κατωφερῆ.
2474 3662 2529 3718 αἱ
2548 3658 2653 3740 γὰρ
2684 3667 2923 3722 τοιαῦται
2951 3662 3060 3721 ὁδοὶ
3087 3661 3439 3747 εὖκολὼτεραι
3481 3666 3574 3725 καῖ

2032 3745 2340 3828 ταχύτεραι.
2383 3753 2527 3825 Reg.
2566 3746 2860 3815 τἈναντες
2906 3748 2996 3809 καὶ
3038 3749 3295 3817 κάταντες
3338 3750 3399 3810 τὸ
3449 3751 3579 3812 αὐτό

2032 3836 2176 3893 ἔστιν
2197 3857 2209 3871 ·
2241 3834 2372 3918 πρὸς
2399 3833 2455 3893 δὲ
2495 3832 2592 3907 τὴν
2622 3835 2806 3915 σχίσιν
2836 3840 2941 3897 τῶν
2973 3836 3220 3898 ἀνιόντων
3246 3837 3338 3898 καὶ
3357 3837 3575 3901 κατιόν-

2032 3946 2139 3981 των
2163 3920 2379 4002 λέγεται
2401 3921 2589 3990 οὕτως.

2123 4011 2253 4085 131,
2297 4030 2482 4070 10-1α
2520 4009 3059 4097 Τοὺς-Προμηθέως
3101 4017 3163 4075 in
3206 4014 3321 4075 fine
3367 4016 3574 4075 scholii

2034 4098 2210 4159 habet
2257 4105 2352 4176 V.‚
2401 4114 2535 4179 post
2578 4101 2842 4161 scholion
2885 4125 2939 4163 v.
2989 4106 3100 4163 133
3138 4104 3278 4163 inde
3316 4124 3352 4162 a
3380 4102 3576 4163 verbis

2034 4184 2274 4265 ἐγένοντο
2303 4187 2357 4247 δὲ
2384 4198 2523 4272 τρεῖς
2544 4190 3116 4273 λαμπαδοδρομίαι.“-
3148 4213 3172 4250 1
3189 4213 3213 4249 1
3237 4200 3375 4274 τρεῖς
3390 4191 3574 4271 γίνον-

2033 4298 2120 4334 ται
2142 4280 2299 4335 V.—·
2329 4297 2396 4335 12
2431 4281 2727 4360 Κεραμικῷ
2762 4283 2833 4337 R.
2879 4284 2971 4352 V.‚
3011 4299 3130 4338 non
3165 4282 3237 4340 G.
3278 4284 3368 4338 De
3414 4299 3478 4337 re
3510 4299 3572 4338 v.

2033 4365 2373 4424 Schneideri
2415 4369 2843 4426 annotationem
2887 4367 2961 4426 ad
3002 4367 3455 4446 Xenophontem
3484 4368 3573 4427 De

2035 4452 2418 4530 vectigalibus
2459 4474 2518 4532 p.
2562 4475 2693 4528 170.
2728 4455 2815 4514 lb.
2839 4454 3141 4534 Κεραμικὸς
3168 4461 3257 4524 V.‚
3287 4475 3408 4517 non
3431 4460 3573 4515 G.-

2046 4539 2111 4596 18
2135 4539 2319 4600 ὶαυτὸν
2340 4542 2547 4622 ἀφεῖναι
2570 4546 2635 4600 V.

2121 4630 2252 4701 133,
2284 4648 2465 4706 19-α1
2499 4627 2636 4689 Ἀντὶ
2662 4633 2867 4690 τοῦ-οἰ
2891 4629 3097 4711 δρομεῖς
3121 4630 3362 4702 δηλονότι
3381 4632 3441 4689 in
3456 4631 3569 4690 fine

2034 4712 2238 4775 scholii
2284 4716 2452 4795 ponit
2492 4719 2584 4791 V.‚
2625 4718 2869 4796 praefixo
2911 4714 3099 4784 ἄλλως.
3122 4755 3183 4768 -
3218 4738 3292 4775 ao
3330 4715 3449 4789 ἴητε
3483 4724 3564 4777 Μ.

2033 4804 2223 4883 ἀφίητε
2252 4804 2348 4862 hic
2376 4817 2435 4862 ct
2468 4804 2668 4881 paullo
2708 4817 2843 4883 post
2868 4809 2953 4863 Μ.
2995 4818 3053 4862 et
3081 4805 3274 4865 snidae
3312 4804 3404 4864 ed.
3442 4810 3570 4864 Me-

2033 4893 2171 4950 diol.
2197 4890 2408 4972 εάφῖετε
2432 4892 2562 4949 cod.
2593 4893 2765 4950 PariS.
2790 4897 2861 4951 A.
2888 4931 2950 4943 -
2981 4913 3048 4951 21
3083 4889 3138 4951 δὲ
3167 4912 3283 4951 0111.
3310 4896 3380 4950 R.
3405 4896 3479 4954 V.
3503 4932 3564 4944 —

2035 5000 2109 5039 αα
2129 4980 2317 5063 ἀφίητε
2347 4984 2411 5039 R.
2436 5018 2497 5029 —
2523 4986 2597 5039 23
2623 4980 2813 5040 σαυτὸν
2841 4982 2988 5062 ῥῖψον
3016 4979 3159 5039 κάτω
3190 4980 3413 5040 Suidas.
3444 4980 3562 5053 ἴητε

2033 5068 2149 5127 ἀντὶ
2193 5073 2284 5127 τοῦ
2323 5074 2400 5127 Μ.
2432 5068 2661 5128 ἐναίαντι
2703 5073 2768 5127 V.
2811 5071 2864 5127 ἐν
2908 5068 3082 5127 αἴαντι
3107 5074 3184 5128 G.
3219 5068 3284 5127 ld
3321 5082 3409 5127 est
3447 5071 3560 5131 ἔναι
