3859 5725
1546 267 1928 329 SCHOLIA
1981 269 2078 331 IN
2122 272 2424 336 NUBES.

364 398 553 467 αὐτοὺς
581 397 842 481 διασύρειν
869 397 1022 458 θέλει.
1051 436 1119 445 -
1139 396 1400 477 εὐπτέρων
1428 418 1443 458 :
1477 399 1743 476 Εὖγενῶν,
1772 400 1936 480 ἐπῃρ-

363 485 558 564 μένων.
596 489 701 544 τῶν
732 483 998 566 Κοισύρας
1014 506 1039 545 -;
1064 485 1165 544 Ἐκ
1192 484 1386 557 ταύτης
1408 483 1510 566 γὰρ
1538 490 1572 557 ἠ
1596 485 1783 545 τούτου
1806 485 1936 565 γυνὴ

360 572 645 651 κατήγετο.
673 584 765 631 Br.
793 574 853 632 ἐκ
877 569 1073 644 ταύτης
1097 577 1189 643 τῆς
1218 571 1483 655 Κοισύρας
1502 577 1536 645 ἡ
1566 571 1751 633 τούτου
1777 572 1937 653 γυνή.

362 659 458 719 καὶ
485 660 571 719 διὰ
592 664 746 719 τοῦτο
772 659 1024 739 εὖγένιζεν
1048 659 1254 732 ἑαυτήν.
1282 674 1345 719 D.

300 768 333 806 u
447 768 543 808 801.
586 746 720 828 ἀτὰρ
748 745 962 826 μέτειμι
988 767 1002 806 :
1032 748 1143 808 Καὶ
1172 746 1235 820 δὴ
1275 747 1535 826 μετέλθω,
1564 747 1935 830 μεταχειρίσο·

362 858 492 913 μαι,
517 834 568 893 εἴ
590 858 700 902 πως
722 836 925 909 δυνηθῶ
946 839 1129 895 πεῖσαι
1148 835 1323 897 αὐτόν.
1348 847 1507 908 sunt„
1528 846 1657 896 viet.
1688 836 1932 915 μέτειμι;

361 920 784 1000 Μετελεύσομαι.
822 933 949 982 vict.
1106 993 1131 1004 -

440 1030 540 1070 ωε.
583 1007 742 1078 ἐξελῶ
770 1031 784 1071 :
814 1008 1105 1079 Ἐξελάσω.
1137 1022 1230 1070 Br.

438 1118 540 1159 80³.
583 1096 713 1180 πρὸς
739 1096 828 1157 τὸν
858 1098 1152 1179 Σωκράτην
1178 1097 1332 1159 τοῦτό
1356 1123 1505 1183 φησι.
1535 1111 1594 1159 R.
1617 1113 1680 1161 V.

264 1205 325 1245 10
436 1204 540 1246 80⁴.
582 1184 875 1265 χορίαμὸος
923 1185 1161 1267 δίμετρος
1204 1186 1585 1260 ἀκατάληκτος.
1638 1186 1934 1268 χορίαμὸος

354 1270 597 1354 δίμετρος
623 1271 1023 1345 δικατάληκτος.
1047 1272 1240 1351 ἴαμὸος
1267 1274 1674 1357 πενθημιμερής.
1705 1275 1810 1335 ἀπὸ
1836 1299 1935 1356 χο-

359 1358 589 1441 ριάμὸου
632 1359 835 1440 βάσεως
866 1363 937 1428 εἷς
965 1361 1277 1444 χορίαμὸον.
1313 1362 1508 1442 ἴαμὸος
1544 1361 1788 1447 δίμετρος
1822 1388 1925 1424 κα-

352 1447 685 1520 ταληκτικός.
703 1446 896 1526 ἴαμὸος
918 1449 1156 1530 δίμετρος
1174 1450 1559 1523 ἄκατάληκτος.
1581 1452 1686 1511 ἀπὸ
1703 1452 1935 1535 χοριάμ-

358 1535 457 1594 ὅου
498 1534 700 1615 βάσεως
737 1538 810 1604 εἰς
843 1536 1056 1614 ἴαμὸον.
1103 1538 1455 1618 χοριαμὸικὸν
1495 1539 1769 1623 τρίμετρον
1806 1543 1934 1600 ἀκα-

268 1639 327 1679 15
354 1621 639 1694 τάληκτον.
686 1622 980 1705 χορίαμὸος
1034 1625 1415 1708 ἐφθημιμερής.
1459 1638 1521 1686 V.
1557 1627 1801 1708 [κορωνὶς
1840 1629 1933 1689 καὶ

355 1709 575 1778 εἶσθεσις
594 1716 754 1792 χοροῦ
778 1712 1046 1794 μεσῳδικὴ
1070 1712 1258 1772 κώλων
1283 1713 1542 1797 διαφόρων
1567 1715 1710 1775 δέκα.
1734 1716 1930 1777 τούτων

348 1796 415 1856 τὸ
444 1796 541 1875 μὲν
581 1802 788 1880 πρῶτον
825 1798 1065 1881 δίμετρον
1098 1802 1505 1862 ἄντισπαστικὸν
1538 1806 1598 1862 ἐκ
1633 1804 1929 1885 διτροχαίου

350 1884 446 1944 καὶ
483 1885 936 1966 παλιμὸακχείου.
978 1888 1038 1948 τὸ
1076 1888 1317 1971 δεύτερον
1359 1889 1412 1960 ἐξ
1442 1891 1797 1952 ἀντισπάστου
1839 1894 1930 1953 καὶ

353 1972 741 2055 ἀμφιὸράχεος.
771 1973 833 2034 τὸ
862 1975 1036 2056 τρίτον
1058 1975 1112 2045 ἐξ
1130 1976 1396 2061 ἐπιτρίτου
1422 1977 1595 2058 τρίτου
1619 1977 1711 2038 καὶ
1734 1979 1929 2059 ἰάμδου

260 2084 323 2124 20
351 2059 597 2140 δίμετρον
637 2062 1160 2143 βραχυκατάληκτον.
1197 2066 1259 2125 τὸ
1296 2064 1545 2148 τέταρτον
1589 2066 1830 2148 δίμετρον
1872 2071 1932 2130 ἐκ

353 2148 657 2231 διτροχαίου
693 2151 785 2208 καὶ
830 2150 1215 2233 ᾶμφιὸράχεος.
1261 2153 1322 2212 τὸ
1361 2152 1602 2236 πέμπτον
1648 2155 1929 2236 τροχαῖκὸν

350 2235 597 2318 δίμετρον
616 2238 1004 2312 ἀκατάληκτον,
1025 2239 1309 2321 ἀδιαφόρου
1327 2245 1419 2313 τῆς
1435 2241 1738 2309 τελευταίας
1754 2244 1928 2318 οὔσης.

341 2322 409 2381 τὸ
435 2321 588 2383 ἕκτον
620 2323 867 2402 ἷαμὸικὸν
905 2325 1146 2407 δίμετρον
1187 2328 1577 2402 ἀκατάληκτον.
1618 2328 1679 2388 τὸ
1706 2329 1929 2411 ἕὸδομον

345 2413 409 2470 ἐκ
434 2410 734 2492 χοριάμὸου
770 2412 863 2472 καὶ
891 2413 1139 2492 διιάμὸου
1182 2415 1443 2499 δίμετρον.
1472 2418 1534 2476 τὸ
1569 2417 1750 2496 ὄγδοον
1782 2442 1932 2502 χορι-

254 2522 315 2562 25
344 2497 577 2574 αμὸικὸν
600 2498 875 2581 τρίμετρον
904 2502 1289 2577 ἀκατάληκτον.
1331 2504 1391 2564 τὸ
1422 2503 1603 2563 ἔνατον
1638 2505 1815 2584 ὅμοιον
1851 2514 1928 2591 τῷ

344 2584 513 2666 ἕκτῳ,
549 2586 771 2666 ἐχούσης
805 2586 1129 2649 ἀνάπαιστον
1167 2595 1263 2663 τ’ῆς
1298 2591 1581 2673 ἀρχούσης.
1620 2593 1681 2652 τὸ
1709 2593 1926 2658 δέκατον

346 2672 702 2753 χοριαμὸικὸν
740 2674 980 2757 δίμετρον
1019 2679 1434 2752 καταληκτικόν·
1469 2680 1562 2741 εἴτ’
1607 2672 1697 2740 οῦν
1735 2686 1793 2743 ἐκ
1824 2708 1927 2766 χο-

349 2759 581 2841 ριάμὸου
609 2761 702 2821 καὶ
724 2762 1034 2845 βακχείου]

424 2869 524 2910 807.
571 2849 706 2929 (ἀντὶ
721 2857 816 2911 τοῦ
843 2850 1048 2932 ἕτοιμός
1075 2854 1205 2935 ἐστι)
1227 2854 1440 2934 μισθούς
1459 2882 1541 2919 σοι
1567 2870 1814 2943 χορηγεῖν
1841 2864 1927 2934 οὓς

257 2959 319 3000 80
345 2936 411 2996 ἂν
439 2936 613 3019 θέλῃς.
637 2950 696 2997 R.
718 2950 782 2999 V.

422 3046 522 3086 εον.
567 3026 1004 3108 ἐκπεπληγμένου
1030 3050 1045 3091 :
1074 3031 1214 3091 Ἀντὶ
1232 3036 1355 3106 τοῦ,
1380 3036 1730 3106 ἐπαινοῦντος.
1752 3034 1924 3100 λείπει

342 3109 401 3170 δὲ
440 3111 504 3170 τὸ
545 3111 624 3173 σέ.
669 3113 827 3174 οἱονεὶ
864 3116 1165 3189 ἐκπλήκτου
1194 3119 1286 3179 καὶ
1319 3120 1458 3200 μέγα
1488 3131 1812 3206 φρονοῦντος.
1843 3165 1923 3175 —

342 3197 680 3272 ἐξεστηκότος
709 3201 800 3260 καὶ
827 3201 964 3280 ἄγαν
991 3207 1442 3285 προθυμουμένου.
1472 3222 1537 3268 Ε.

423 3307 520 3346 810.
543 3287 839 3367 ἐπῃρμένου
861 3309 876 3350 :
899 3291 1182 3375 Μετεώρου
1202 3294 1294 3354 καὶ
1310 3295 1520 3375 ἑτοίμου
1539 3307 1645 3356 πᾶν
1663 3301 1922 3375 ποιήσειν,

254 3394 314 3435 85
343 3372 375 3432 δ
403 3372 470 3431 ἂν
506 3375 741 3456 κελεύῃς.
771 3389 838 3436 Ε.

426 3461 553 3542 [811.
596 3461 750 3541 γνοὺς
777 3465 1061 3548 ἀπολέψεις
1101 3487 1116 3528 :
1149 3472 1220 3530 Οἱ
1261 3469 1501 3550 λέγοντες
1531 3472 1593 3532 τὸ
1628 3475 1778 3555 γνοὺς
1806 3479 1923 3538 ἀντὶ

341 3552 435 3608 τοῦ
479 3550 723 3622 αἴσθησιν
784 3552 984 3627 λαὸὼν,
1035 3553 1122 3614 ἵνα
1174 3557 1503 3619 συντάσσωσι
1552 3560 1650 3633 τὴν
1694 3565 1920 3642 γενικὴν,

340 3638 406 3694 οὔ
443 3638 618 3705 καλῶς
652 3637 910 3717 λέγουσιν.
947 3642 1060 3701 ἐστὶ
1093 3642 1197 3724 γὰρ
1225 3642 1360 3717 αὕτη
1390 3650 1423 3717 ἦ
1469 3648 1650 3725 γενικὴ
1692 3650 1822 3731 πρὸς
1861 3654 1921 3713 τὸ

342 3723 665 3805 ἀπολάψεις,
695 3725 860 3786 οὕτω·
895 3727 960 3787 σὺ
989 3728 1045 3787 δὲ
1078 3731 1369 3814 ἀπολάψεις
1398 3733 1544 3812 (ἀντὶ
1566 3741 1657 3795 τοῦ
1686 3738 1918 3822 ἀποκέρ-

254 3830 315 3871 ιο
343 3812 532 3889 δησον)
557 3811 764 3892 ταχέως
793 3813 827 3873 8
844 3839 896 3874 τι
921 3819 1167 3877 πλεῖστον
1196 3818 1417 3879 δύνασαι
1447 3822 1628 3903 ἀνδρὸς
1652 3826 1922 3901 ἐκπεπλη-

339 3898 543 3976 γμένου
571 3899 664 3958 καὶ
700 3906 936 3982 φανερῶς
971 3905 1286 3987 ἐπῃρμένου.
1324 3898 1437 3967 εἶτα
1473 3907 1685 3991 ὕστερον
1716 3914 1921 3983 ἐπάξεις

338 3986 405 4044 τὸ
431 3985 610 4065 γνοὺς,
637 3986 758 4046 ἀντὶ
784 3994 905 4061 τοῦ,
938 3989 1102 4059 οὕτως
1137 3992 1327 4073 ἔχοντα
1369 3994 1525 4054 αὖτὸν
1553 3997 1765 4068 νοήσας.
1807 4000 1920 4060 ἔστι

342 4072 400 4132 δὲ
423 4073 719 4155 ἀπολάψεις
743 4076 965 4136 ἐνταῦθα
986 4079 1101 4138 ἀντὶ
1120 4086 1211 4139 τοῦ
1232 4090 1636 4163 προστακτικοῦ.
1657 4086 1918 4159 δείκνυται

336 4158 446 4241 γὰρ
475 4163 537 4220 ἐκ
569 4167 665 4234 τῆς
704 4168 1060 4239 κατασκευῆς,
1098 4166 1179 4225 ὅτι
1206 4175 1359 4228 τοῦτο
1395 4173 1452 4229 αἱ
1494 4172 1730 4253 Νεφέλαι
1774 4178 1917 4259 αὐτῷ

256 4278 315 4317 45
342 4248 729 4309 ἐπιτάττουσιν.
758 4262 993 4321 sunt.‚E.
1025 4255 1316 4338 ἀπολάψεις
1343 4278 1358 4318 :
1391 4258 1792 4343 Ἀποκέρδησον,
1821 4266 1919 4343 ἐμ-

341 4340 591 4418 maoz<-
624 4335 754 4418 Βῆ]

420 4421 704 4504 &wald-pet<
730 4443 745 4484 :
779 4422 808 4505 ff
838 4425 1209 4496 Ἀπολεπίσεις.
1238 4429 1328 4489 ἐὰν
1354 4429 1437 4505 δὲ,
1465 4435 1535 4500 ὡς
1562 4434 1617 4492 ἐν
1648 4444 1755 4504 τοῖς
1779 4441 1914 4497 πολ-

340 4511 476 4581 λοῖς,
502 4509 822 4592 ἀπολάψεις,
854 4512 1065 4592 ἐκπίῃς·
1094 4516 1204 4575 ἀπὸ
1228 4521 1332 4577 τῶν
1356 4523 1525 4578 κυνῶν
1552 4525 1583 4592 ἡ
1616 4524 1915 4606 μεταφορὰ,

339 4593 376 4665 ἢ
400 4595 499 4655 ὅσα
528 4595 799 4656 λάπτοντα
829 4599 983 4660 πίνει.
1012 4603 1363 4687 καταστρέφει
1388 4606 1443 4666 δὲ
1468 4610 1538 4675 εἷς
1559 4608 1657 4691 τὸ]
1687 4613 1915 4695 ἀποκερ-

263 4720 318 4761 5⁰
343 4685 541 4756 δανεῖς,
580 4683 617 4757 ἢ
660 4684 1018 4768 άφαρπάσεις,
1047 4691 1392 4762 ἀποσπάσεις.
1435 4692 1682 4778 Ὅμηρος
1720 4699 1810 4777 [11.
1843 4714 1916 4775 11,

347 4771 445 4851 1⁶1]

526 4902 751 4966 λάψοντες
773 4905 1045 4971 γλώσσῃσιν
1073 4909 1291 4992 [ἀραιῇσι
1307 4914 1449 4976 μέλαν
1467 4909 1644 4991 amp}

418 5047 516 5087 εις.
559 5025 733 5110 [φιλεῖ
754 5027 858 5112 γάρ
911 5055 1024 5100 πως
1065 5055 1080 5094 z
1134 5029 1292 5103 Ἐθος
1319 5036 1463 5117 ἔχει,
1496 5040 1775 5119 συμὸαίνει
1811 5043 1914 5127 γὰρ

3479 307 3594 359 117

2027 401 2200 473 ἄλλως
2241 405 2545 467 ἅποὸαίνειν
2572 407 2607 481 ἢ
2636 414 2904 495 προσδοκᾷ
2934 440 3027 485 τις.
3071 419 3184 479 ἀντὶ
3211 427 3333 494 τοῦ,
3367 428 3589 503 εὖμετά.

2026 488 2213 563 ὅλητοί
2240 496 2370 552 εἰσιν
2391 498 2439 554 οἱ
2468 495 2521 564 ἐξ
2553 498 2830 577 ἐπιθυμίας
2860 503 3053 585 ἀλόγου
3081 507 3181 566 τινὶ
3211 510 3587 587 συμὸαλόντες.

2025 577 2369 656 εὖμετάὸολοι
2413 583 2516 665 γὰρ
2569 588 2624 644 αῖ
2663 590 2769 646 τῶν
2817 589 3064 652 τοιούτων
3114 597 3316 679 ἀνδρῶν
3360 605 3587 682 γνῶμαι.

2025 666 2353 744 ἅσύμὸουλοι
2377 669 2460 744 δὲ,
2486 672 2663 754 φησὶν,
2688 673 2767 736 ὅτι
2795 677 2885 737 καὶ
2908 679 3107 761 ταχέως
3137 685 3592 768 μεταὸαλλόμενοι

2024 755 2303 834 ἐπιθυμίας
2323 758 2511 830 ἥττους
2535 761 2857 827 ἁλίσκονται.
2884 765 2914 848 ]

2103 863 2201 902 814.
2232 843 2412 925 [οὗτοι
2435 847 2512 925 μὰ
2533 848 2630 921 τὴν
2652 850 2922 934 Ὁμίχλην
2952 875 2967 915 :
2990 859 3223 939 Κορωνὶς
3241 862 3394 945 ἑτέρα
3414 866 3593 946 ὁμοία,

2021 932 2070 988 οἱ
2099 929 2155 988 δὲ
2195 931 2367 1012 στίχοι
2408 934 2649 1014 ἴαμόικοὶ
2685 939 2951 1023 τρίμετροι
2990 947 3348 1021 ἀκατάληκτοι
3391 953 3481 1013 σε’.
3517 944 3590 1013 ὧν

2019 1018 2314 1089 τελευταῖος

2214 1152 2327 1216 πρὸς
2344 1152 2498 1203 πάντα
2513 1155 2574 1204 τὰ
2591 1156 2733 1207 δίκαι’
2754 1159 3004 1221 ἀντιλέγειν
3019 1165 3280 1225 δυνήσεται.

2022 1268 2110 1329 ἐπὶ
2136 1273 2212 1352 τῷ
2252 1271 2391 1333 τέλει
2435 1278 2680 1358 κορωνὶς,
2712 1280 2805 1340 καὶ
2837 1281 2954 1354 ἑξῆς
2984 1283 3045 1344 τὸ
3066 1293 3243 1368 χοροῦ·
3272 1289 3463 1374 ὤφειλε
3487 1293 3591 1380 γὰρ
3624 1328 3674 1368 10

2021 1359 2287 1419 κάνταῦθα
2313 1366 2476 1420 θεῖναι
2514 1365 2671 1444 χορὸν
2688 1411 2704 1439 ,
2735 1365 2890 1449 ἄχρις
2915 1369 2977 1429 ἂν
3006 1377 3055 1432 οἱ
3084 1375 3230 1454 λόγοι
3271 1377 3535 1448 ἐξέλθωσι.
3561 1385 3591 1467 ]

2021 1447 2089 1512 ὡς
2114 1446 2316 1523 μύστης
2351 1451 2692 1530 γεγενημένος
2719 1459 2825 1514 τῶν
2862 1459 3157 1543 φιλοσόφων
3185 1463 3282 1538 τὴν
3319 1466 3593 1552 “Ομίχλην

2021 1533 2235 1611 ὄμνυσι,
2266 1537 2586 1616 μιμούμενος
2611 1542 2809 1611 αὐτούς.
2834 1556 2897 1604 V.

2099 1642 2196 1682 815.
2239 1625 2412 1693 κίονας
2444 1645 2458 1685 :
2487 1627 2628 1688 Ἀντὶ
2668 1636 2763 1690 τοῦ
2787 1631 2907 1701 τοὺς
2936 1635 3107 1704 λίθους
3128 1643 3221 1712 τῆς
3250 1645 3597 1722 Μεγακλέους

2021 1710 2202 1779 οἰκίας·
2249 1704 2390 1773 οὗτοι
2433 1713 2534 1796 γὰρ
2583 1716 2731 1795 μόνοι
2773 1722 3189 1805 κατελείφθησαν
3236 1732 3381 1814 αὐτῷ
3413 1734 3592 1796 πάντα
3623 1763 3671 1803 1⁶

2020 1800 2394 1880 καταφαγόντι.
2429 1813 2485 1860 R.
2514 1803 2543 1884 ff
2570 1808 2640 1872 ὡς
2668 1804 2881 1868 ἅπαντα
2918 1813 3313 1895 καταφαγόντος
3342 1827 3432 1881 τοῦ
3471 1827 3592 1885 Με-

2019 1888 2287 1964 γακλέους.
2329 1891 2399 1957 ὡς
2435 1891 2481 1949 εἰ
2522 1889 2666 1969 ἔλεγε
2712 1893 2801 1953 τὸν
2847 1898 3092 1959 πλοῦτον.
3136 1905 3378 1985 ἐμφαίνει
3421 1910 3477 1969 δὲ
3504 1909 3593 1971 διὰ

2018 1973 2215 2034 τούτων
2241 1979 2310 2044 ὣς
2338 1975 2485 2036 οὐδὲν
2512 1980 2656 2058 αὐτῷ
2682 1984 2995 2066 κατελείφθη
3011 2032 3029 2061 ,
3057 1991 3103 2048 εἰ
3132 1991 3206 2068 μὴ
3245 1998 3280 2066 ἡ
3310 1994 3442 2068 αὐλὴ
3471 2001 3591 2059 Με-

2017 2062 2288 2141 γακλέους.
2328 2061 2469 2143 λέγει
2509 2065 2564 2124 δὲ
2600 2065 2682 2125 ὅτι
2717 2069 2890 2130 πάντα
2932 2079 3322 2148 κατηναλωκὼς
3357 2086 3593 2146 καταλέ-

2017 2152 2166 2210 λοιπε
2194 2150 2311 2220 τοὺς
2353 2152 2524 2222 λίθους
2567 2160 2663 2227 τῆς
2703 2158 2888 2227 οἰκίας·
2935 2163 3218 2226 αἰνίττεται
3254 2161 3342 2229 οῦν
3383 2175 3454 2242 εἰς
3493 2174 3591 2249 τὴν
3616 2206 3670 2246 ω

2020 2236 2249 2296 ἀσωτίαν
2277 2245 2367 2298 τοῦ
2397 2244 2537 2315 υἱοῦ,
2569 2240 2650 2301 ὅτι
2678 2246 2855 2306 πάντα
2884 2253 3258 2324 κατηνάλωσεν
3290 2260 3477 2335 αὐτοῦ,
3496 2264 3588 2324 καὶ

2019 2325 2164 2385 οὐδὲν
2206 2325 2283 2385 ἔτι
2328 2329 2688 2393 ὑπολείπεται.
2772 2369 2853 2381 —
2891 2336 3108 2410 Ἄλλως.
3157 2345 3388 2407 ἐντεῦθεν
3431 2352 3588 2422 δῆλον

2018 2411 2097 2473 ὅτι
2138 2416 2191 2473 ἐν
2231 2413 2396 2475 κίοσιν
2438 2416 2624 2478 ἵστατο
2646 2423 2674 2478 ὁ
2719 2413 2855 2492 οἶκος
2896 2427 3075 2490 αὐτοῦ.
3111 2431 3374 2493 δείκνυται
3416 2435 3470 2496 δὲ
3508 2438 3591 2499 ὅτι

2018 2501 2166 2579 μόνοι
2193 2494 2333 2563 οὗτοι
2354 2505 2742 2587 ὑπελείφθησαν
2768 2513 2913 2595 αὐτῷ
2940 2517 3044 2574 τῶν
3070 2516 3245 2579 ἄλλων
3268 2526 3590 2586 καταναλω-

2017 2589 2206 2650 θέντων
2232 2593 2360 2674 παρ’
2381 2595 2557 2656 αὐτοῦ.
2587 2607 2725 2655 sunt.
2748 2598 2777 2679 ]

2094 2700 2193 2740 817.
2240 2682 2336 2740 οὐκ
2376 2672 2435 2740 εὗ
2475 2691 2675 2763 φρονεῖς
2716 2706 2731 2745 :
2776 2685 2850 2748 Εἴ
2882 2712 2943 2768 γε
2977 2692 3069 2752 καὶ
3100 2695 3253 2765 αὐτὸς
3293 2700 3585 2778 ἐπετιμήθη

2015 2765 2104 2825 ἐπὶ
2131 2764 2328 2836 τούτοις
2357 2766 2504 2847 παρὰ
2537 2771 2872 2853 Σωκράτους.
2912 2777 3083 2838 ταύτὰ
3120 2779 3175 2840 δὲ
3224 2796 3475 2869 πειρᾶται
3500 2792 3586 2849 δι-

2015 2854 2223 2915 δάσκειν
2237 2853 2325 2915 τὸν
2346 2854 2473 2929 υἱὸν,
2498 2862 2806 2937 καταγελῶν
2825 2865 2986 2925 αὐτοῦ
3009 2871 3079 2936 ὡς
3104 2869 3181 2947 μὴ
3206 2872 3423 2944 δεόντως
3452 2878 3588 2956 μήτε

2013 2942 2115 3005 Δία
2139 2942 2384 3019 ὀμνύντος
2414 2945 2550 3022 μήτε
2567 2947 2878 3024 νομίζοντος.
2911 2951 3047 3034 [τοῦ
3076 2956 3130 3015 δὲ
3153 2958 3258 3021 Δία
3275 2960 3336 3020 τὸ
3363 2986 3397 3022 α
3421 2965 3591 3025 ἐκτεί-

2015 3029 2191 3088 νεσθαί
2222 3053 2353 3110 φησι
2381 3029 2678 3113 Σύμμαχος
2705 3035 2966 3108 Ἀττικῶς.
2994 3045 3131 3102 ἐνδεῖ
3152 3044 3206 3105 δὲ
3235 3047 3296 3107 τὸ
3322 3051 3427 3132 χ.]

2092 3138 2190 3178 ειο.
2233 3119 2562 3189 τηλικουτονί
2608 3141 2622 3180 :
2670 3114 2820 3198 Οῗον,
2863 3128 3067 3190 τελείαν
3113 3131 3304 3213 ἔχοντα
3331 3137 3428 3211 τὴν
3468 3143 3589 3213 ἡλι-

2012 3203 2150 3278 κίαν,
2189 3204 2282 3264 καὶ
2318 3204 2589 3287 ὀφείλοντα
2614 3209 2793 3270 πάντα
2826 3213 3038 3278 εἰδέναι.
3061 3260 3128 3270 -
3156 3220 3216 3281 σὲ
3247 3223 3350 3299 ἤδη
3379 3227 3585 3289 τελείαν

2012 3292 2201 3373 ἔχοντα
2225 3293 2452 3365 ἠλικίαν.
2489 3306 2612 3356 vict.

2089 3402 2188 3443 εει.
2225 3383 2460 3463 ἅρχαῖκά
2497 3408 2512 3447 :
2560 3387 2700 3448 Ἀντὶ
2731 3393 2823 3447 τοῦ
2862 3391 3046 3475 μωρὰ,
3087 3396 3277 3472 εὗήθη,
3313 3404 3471 3484 λῆρα.
3509 3442 3588 3453 —

2011 3470 2225 3550 ἀρχαῖοι
2255 3474 2303 3530 οἱ
2328 3475 2495 3554 μωροὶ
2518 3476 2801 3536 ἐκαλοῦντο
2843 3479 2948 3539 ἀπὸ
2974 3486 3077 3541 τῶν
3116 3486 3203 3545 ἐπὶ
3238 3495 3329 3548 τοῦ
3376 3491 3580 3574 Κρόνου
3608 3529 3664 3570 35

2008 3556 2217 3617 ἐκείνων
2246 3560 2481 3640 ἀρχαίων
2508 3562 2600 3622 καὶ
2629 3566 2986 3644 ἀπραγμόνων
3016 3572 3238 3654 ἀνδρῶν.
3265 3587 3404 3636 sunt.

2089 3665 2183 3706 εει.
2226 3645 2368 3716 ὅπως
2391 3649 2445 3708 δὲ
2473 3657 2627 3712 τοῦτο
2658 3673 2673 3714 :
2704 3652 2803 3723 Ὦς
2828 3655 2917 3715 ἐπὶ
2942 3659 3109 3741 τούτῳ
3136 3664 3455 3743 φθονούντων
3477 3670 3582 3729 τῶν

2011 3734 2364 3796 διδασκάλων.
2394 3736 2430 3810 ἢ
2460 3741 2530 3806 ὥς
2555 3739 2647 3798 καὶ
2675 3741 2829 3809 αὐτὸς
2852 3748 3196 3827 παρηγγέλθη
3220 3752 3345 3832 [143]
3376 3781 3401 3806 α
3431 3756 3586 3835 νομί-

2010 3845 2100 3880 σαι
2135 3821 2190 3882 δὲ
2231 3830 2399 3885 ταῦτα
2440 3826 2547 3908 χρὴ
2586 3829 2868 3913 μυστήρια.
2909 3862 2933 3885 υ
2975 3869 3053 3880 -
3173 3836 3390 3911 Ἄλλως.
3436 3846 3590 3928 τηρεῖ

2008 3908 2102 3977 τὰς
2128 3911 2462 3990 παραινέσεις
2489 3915 2550 3983 ἃς
2576 3916 2869 3999 παρῄνεσεν
2897 3923 3040 4004 αὐτῷ
3066 3925 3316 4010 πρότερον
3345 3931 3586 4009 μαθητὴς
3605 3973 3665 4017 40

2011 3997 2343 4081 Σωκράτους.
2374 3999 2490 4084 ὅρα.
2519 4016 2613 4063 Br.

3620 814 3648 854 Β

3613 3091 3671 3134 80

2087 4107 2184 4146 825.
2230 4086 2368 4167 [ἰδοὺ
2396 4090 2449 4149 τί
2475 4091 2586 4151 ἐστὶ
2618 4113 2633 4153 :
2665 4096 2982 4167 Πλησιάσας
3003 4101 3149 4184 αὐτῷ
3177 4104 3306 4184 φησὶ
3328 4106 3390 4166 τὸ
3414 4109 3585 4195 ἶδού.]

2086 4195 2183 4236 829.
2229 4175 2397 4254 [αἷὸοῗ
2420 4197 2433 4238 :
2461 4182 2506 4240 Γ
2507 4180 2637 4240 ελῶν
2661 4181 2803 4260 λέγει
2827 4183 2888 4243 τὸ
2913 4186 3073 4248 αἰδοῖ.
3105 4188 3217 4249 ἔστι
3234 4191 3288 4251 δὲ
3313 4194 3582 4279 ἐπίρρημα

2010 4263 2455 4344 σχετλιαστικόν.]

2085 4370 2187 4410 830.
2230 4354 2259 4408 ὁ
2301 4352 2504 4423 Μήλιος
2555 4375 2569 4415 τ
2616 4357 2757 4439 Παρ’
2795 4358 3045 4442 ἱστορίαν.
3091 4362 3355 4436 Ἀθηναῖος
3398 4369 3502 4453 γὰρ
3550 4378 3581 4436 ὁ
3605 4414 3661 4456 ⁴0

2009 4437 2316 4518 Σωκράτης·
2342 4440 2458 4499 ἀλλ’
2479 4441 2593 4501 ἐπεὶ
2618 4445 2899 4526 Διαγόρας,
2924 4447 3128 4519 Μήλιος
3153 4449 3248 4531 ὧν,
3274 4456 3580 4522 διεὸάλλετο

2005 4526 2075 4591 ὥς
2098 4525 2357 4606 θεομάχος
2372 4571 2387 4600 ,
2411 4528 2503 4587 καὶ
2525 4530 2613 4590 τὸν
2639 4533 2902 4613 Σωκράτη
2928 4534 2984 4595 δὲ
3006 4539 3077 4605 ὣς
3100 4537 3249 4600 ἄθεον
3274 4543 3576 4624 διαὸάλλει,

2006 4607 2093 4669 διὰ
2121 4615 2274 4669 τοῦτο
2299 4613 2507 4686 Μήλιον
2530 4616 2686 4676 αὐτὸν
2708 4610 2870 4682 εἶπεν.
2998 4619 3234 4701 (Ἄλλως.
3271 4628 3577 4713 Ἀρισταγό-

2008 4720 2101 4779 ρας
2131 4697 2333 4777 ἐγένετο
2362 4702 2568 4773 Μήλιος
2602 4706 3072 4788 διθυραμὸοποιὸς,
3106 4712 3158 4782 ὃς
3187 4713 3256 4774 τὰ
3294 4719 3349 4776 ἐν
3385 4719 3577 4782 Ἐλευ-

2006 4790 2109 4844 σῖνι
2135 4789 2398 4869 μυστήρια
2426 4790 2843 4874 ἐξορχησάμενος
2868 4799 2958 4858 καὶ
2984 4799 3200 4870 ἐξειπὼν
3230 4807 3576 4880 ἀσεὸέστατος
3600 4860 3656 4900 50

2005 4873 2204 4954 ἐκρίθη.
2239 4874 2330 4932 ἀπ’
2362 4876 2556 4937 ἐκείνου
2580 4872 2669 4941 οὖν
2692 4883 2812 4952 τοὺς
2841 4886 3075 4959 Μηλίους
3099 4890 3187 4950 ἐπὶ
3215 4893 3433 4977 ἀσεὸείᾳ
3461 4921 3572 4956 κω-

2006 4961 2254 5040 μῳδοῦσι.
2288 4962 2358 5041 [οἱ
2388 4963 2442 5023 δὲ
2471 4965 2697 5042 Μήλιον,
2717 4972 2805 5031 τὸν
2831 4973 3266 5059 καταπραΰνοντα
3295 4988 3363 5063 τῇ
3382 4985 3573 5065 διδαχῇ

2003 5046 2098 5114 τὰς
2125 5047 2298 5131 ψυχὰς
2332 5055 2435 5111 τῶν
2466 5058 2735 5129 μαθητῶν.
2775 5064 2822 5120 οἱ
2856 5060 2910 5121 δὲ
2937 5063 3024 5123 τὸν
3056 5069 3330 5144 κομῶντα,
3357 5070 3445 5131 τὸν
3472 5072 3574 5131 δα-
