3859 5725
393 222 471 278 82
1554 211 1938 274 scnomA
1992 216 2086 277 1N
2140 218 2438 281 NUBES.

389 343 707 424 πολούμενος
729 347 758 404 6
775 342 1041 426 νεανίσκος
1063 341 1223 421 λέγει.
1251 341 1492 412 ἐξαλίσας
1519 343 1602 418 δὲ,
1641 346 1955 417 ἐκκυλισθῆ·

2128 367 2197 408 39.
2226 353 2606 433 καταδαρθεῖνῑ
2632 355 2720 430 (Οἱ
2741 354 2963 417 Ἀττικοὶ
2980 358 3327 440 παροξύνουσι
3346 365 3624 448 καταδάρ-

389 456 475 492 ναι
519 431 882 504 ποιήσας.·κα“ι
921 429 1010 488 τὸν
1044 429 1222 510 τόπον,
1253 432 1307 489 ἐν
1342 422 1388 512 ᾧ
1421 428 1644 497 τιθέντες
1670 430 1880 499 ἑαυτοὺς
1906 434 1956 490 οἱ
2045 438 2168 497 θειν.
2198 438 2388 518 κυρίως
2422 437 2476 498 δὲ
2519 440 2579 500 τὸ
2608 442 2697 501 ἐπὶ
2726 442 2984 527 δέρματος
3010 455 3316 527 κοιμᾶσθαι.
3346 457 3520 513 ταῦτα
3558 456 3621 516 δὲ

387 520 545 581 ἵπποι
575 526 729 580 τοῦτο
757 524 1012 591 ποιοῦσιν,
1036 518 1350 600 ἀλινδήθραν
1375 519 1611 579 ἐκάλουν·
1640 517 1712 586 ὥς
1734 543 1834 578 που
1862 518 1955 578 καὶ

388 612 443 669 ἐν
471 618 578 677 τοῖς
600 607 897 691 Βατράχοις
924 607 1049 687 [904]
1073 611 1101 665 6
1128 606 1283 675 αὐτὸς
1311 605 1533 680 ποιητὴς
1559 607 1874 687 ἀλινδήθρας
1894 630 1953 665 τε

334 715 361 753 5
387 696 480 757 καὶ
508 693 919 776 ἐγκυλίσματα]
941 694 1178 762 κυλίσας.
1208 706 1266 754 R.

466 806 537 847 39.
583 785 731 868 [ἀλλ’
755 775 799 844 Z»
823 782 938 863 μέλ’
967 782 1209 856 ἐξήλικας
1235 804 1250 843 :
1284 781 1442 844 Κατὰ
1472 781 1744 855 ἀποκοπὴν
1773 787 1864 842 τοῦ
1899 806 1952 854 ε,

387 873 646 942 Ἀττικῶς.
675 873 811 934 οὕτω
835 875 889 931 ἐν
908 876 1016 941 τοῖς
1036 873 1280 939 παλαιοῖς
1302 874 1406 930 τῶν
1435 871 1762 955 ἀντιγράφων
1792 869 1952 952 εὕρη-

385 987 474 1021 ται
498 959 876 1045 γραφόμενον]

466 1049 708 1123 ἐξήλικας
744 1070 759 1110 2
788 1047 1096 1121 Ἐξέὸαλες,
1120 1047 1361 1117 ἐξέωσας.
1394 1059 1453 1107 R.
1479 1046 1737 1116 ἐξέὸαλες.
1765 1060 1829 1107 V.

307 1159 358 1199 ιο
464 1158 534 1198 34.
579 1135 694 1218 [ὅτε
718 1137 811 1197 καὶ
830 1136 976 1204 δίκας
997 1135 1220 1218 ὤφληκα
1247 1134 1478 1215 τἬγουν
1500 1135 1591 1195 καὶ
1614 1134 1762 1202 δίκας
1781 1157 1948 1217 προσ-

384 1225 624 1309 ώφληκα.
670 1224 706 1297 ἢ
754 1229 825 1293 ὡς
867 1225 961 1284 καὶ
996 1223 1145 1291 δίκας
1188 1224 1569 1306 προσώφληκα.
1609 1222 1849 1284 ἐπιτάσει
1889 1222 1947 1281 δὲ

381 1318 578 1396 χρῆται
605 1312 805 1394 ταύτῃ,
836 1311 917 1372 ὅτι
938 1311 1068 1393 πρὸς
1093 1315 1171 1394 τῷ
1201 1316 1530 1388 ζημιωθῆναι
1559 1314 1630 1378 εἷς
1658 1310 1757 1383 τὴν
1785 1314 1949 1370 ἱππο-

380 1401 617 1484 τροφίαν,
663 1401 754 1461 καὶ
781 1404 854 1469 εἷς
890 1400 1037 1469 δίκας
1069 1399 1413 1461 ἐπεπτώκειν.
1444 1398 1688 1460 ἐπιτείνει
1727 1405 1849 1478 γοῦν
1885 1398 1948 1459 τὸ

380 1491 560 1564 κακὸν,
584 1489 665 1549 ὅτι
686 1489 814 1572 πρὸς
834 1492 910 1571 τῷ
929 1487 1241 1568 ζημιοῦσθαί
1264 1511 1331 1566 με
1354 1487 1430 1547 ἔτι
1454 1488 1545 1548 καὶ
1568 1487 1715 1555 δίκας
1733 1487 1944 1568 ὀφείλω.

302 1598 353 1640 15
378 1576 593 1662 καὶγὰρ
611 1580 670 1637 οὐ
696 1583 788 1638 τοῦ
812 1575 1014 1638 δανείου
1035 1577 1211 1659 χάριν,
1236 1575 1375 1635 ἀλλὰ
1395 1582 1491 1636 τοῦ
1511 1574 1667 1636 τόκου
1691 1575 1943 1657 ἐνεχυρά-

380 1672 571 1728 σασθαι
594 1669 916 1727 ἀπειλοῦσιν.

454 1755 669 1837 χᾶτεροι
690 1754 846 1815 τόκου
868 1775 883 1814 ;
906 1751 1044 1813 Ἀντὶ
1070 1759 1190 1826 τοῦ,
1218 1752 1310 1812 καὶ
1334 1752 1506 1813 ἄλλοι.
1533 1751 1778 1819 Ἀττικῶς
1804 1742 1939 1809 εἷπε.

373 1842 545 1902 λείπει
582 1847 617 1915 ἡ
652 1841 803 1923 ὑπέρ.
847 1841 939 1901 καὶ
971 1841 1139 1922 ἕτεροι
1183 1840 1315 1922 ὑπὲρ
1356 1838 1513 1900 τόκου
1556 1838 1779 1920 ἐνέχυρα
1814 1837 1945 1919 παρ’

2044 522 2205 583 εἰπὼν
2228 529 2257 584 6
2283 527 2576 601 νεανίσκος,
2606 533 3077 616 συγκαλυψάμενος
3114 538 3206 597 καὶ
3229 542 3477 623 στραφεὶς
3505 544 3620 603 πά-

2041 612 2124 670 λιν
2144 617 2435 694 κοιμᾶται.)
2463 652 2541 661 —
2561 608 2606 677 ὦ
2626 620 2860 699 δαιμόνιε
2884 642 2899 683 z
2933 626 3310 705 Κακοδαίμων.
3334 629 3620 714 καταδαρ-

2041 701 2178 759 θεῖνε
2207 704 2560 779 Κοιμηθῆναι.
2591 718 2651 765 R.
2686 719 2748 768 Θ.
2786 720 2913 769 Vict-
3645 743 3678 783 ι

2120 806 2191 848 41.
2237 787 2359 870 [εἴθ’
2393 790 2551 871 ὤφελ’
2579 797 2615 865 ἡ
2652 816 2666 855 t
2708 795 2790 856 Τὸ
2818 796 2988 879 ὤφελε
3013 798 3148 870 τινὲς
3176 804 3619 885 ἐπιρρηματικῶς

2040 872 2309 954 δέχονται,
2335 881 2407 947 ὡς
2433 879 2495 939 τὸ
2523 888 2828 953 [callimachi
2850 896 3012 959 Epigr.
3039 897 3126 962 18]

2255 1017 2401 1081 ὤφελε
2421 1021 2527 1084 μηδ’
2551 1022 2763 1084 ἐγένοντο
2788 1024 2892 1075 θοαί
2912 1027 3027 1085 νέες.

2037 1135 2129 1194 καὶ
2150 1135 2210 1197 τὸ
2232 1139 2518 1221 Εὐριπίδου
2547 1144 2601 1201 ἐν
2621 1144 2836 1227 Μηδείᾳ
2855 1146 2974 1205 κατ’
2999 1146 3169 1230 ἀρχὰς
3193 1157 3288 1213 τοῦ
3317 1155 3613 1237 δράματος·

2036 1221 2103 1282 ἵν’
2127 1217 2166 1305 ᾖ
2190 1228 2531 1308 παράλληλον
2560 1231 2623 1289 τὸ
2650 1236 2837 1312 σχῆμα
2856 1279 2875 1314 ,
2919 1241 3010 1295 τοῦ
3051 1240 3349 1321 πρεσὸύτου
3385 1248 3607 1329 συνεχέ-
3647 1272 3708 1313 10

2037 1334 2218 1395 στερον
2246 1317 2606 1397 ἀπευχομένου
2629 1325 2696 1399 τῇ
2720 1323 3105 1408 προμνηστρία·
3129 1332 3159 1389 6
3181 1328 3239 1390 δὲ
3260 1333 3489 1409 ποιητὴς
3519 1344 3606 1411 m.

2029 1412 2097 1475 Σ,
2127 1410 2225 1477 ³⁶7]
2265 1408 2410 1486 ῥῆμα
2433 1405 2561 1466 αὐτὸ
2584 1398 2748 1482 οἶδεν,

2221 1544 2310 1593 οὐκ
2331 1544 2493 1609 ὄφελον
2514 1547 2732 1611 Τρώεσσι
2754 1550 3119 1616 κοτεσσάμενος·

2032 1663 2126 1723 καὶ
2149 1673 2227 1738 [11.
2249 1680 2274 1727 1
2287 1712 2305 1741 ,
2330 1675 2431 1741 eos]

2310 1810 2376 1871 μὴ
2399 1808 2554 1873 ὄφελες
2575 1812 2818 1862 λίσσεσθαι
2840 1813 3077 1879 ἀμύμονος
3099 1818 3379 1900 Αἰακίδαο]
3645 1848 3701 1887 15

374 1933 501 2008 ἐμοῦ
530 1929 789 2012 λήψεσθαί
812 1951 987 2012 φασιν.
1013 1930 1212 2003 μᾶλλον
1242 1928 1298 1986 δὲ
1335 1925 1430 2000 τὴν
1464 1927 1686 2007 ὄχλησιν
1716 1925 1944 1986 δείκνυσι
2035 1919 2112 1998 (τὸ
2143 1918 2200 1981 δὲ
2228 1927 2322 2004 φεῦ
2354 1923 2505 2005 ἰδίᾳ.)

293 2036 349 2076 20
374 2015 468 2088 τὴν
496 2017 614 2075 κατ’
634 2018 820 2089 αὐτοῦ,
861 2015 927 2074 δι’
950 2014 1036 2084 οὕς
1062 2038 1193 2098 φησι
1215 2014 1372 2075 τόκου
1400 2014 1558 2096 χάριν
1584 2011 1943 2095 ἐνεχυριάσειν

372 2104 528 2165 αὐτὸν
557 2103 842 2185 ἀπειλεῖν]
867 2102 1087 2186 ἐνέχυρα
1119 2102 1251 2184 ὑπὲρ
1282 2102 1437 2162 τόκου
1465 2103 1592 2182 παρ’
1616 2104 1747 2179 ἐμοῦ
1774 2100 1945 2182 λήψε-

372 2196 491 2251 σθαι
523 2191 670 2274 φησί.
711 2202 765 2251 V.
788 2189 1031 2273 ἐνέχυρον
1055 2189 1108 2259 ἐξ
1131 2192 1260 2269 ἐμοῦ
1283 2190 1483 2250 λαὸεἷν.
1506 2192 1579 2251 Θ.
1604 2201 1697 2248 Br·

449 2300 518 2339 35.
555 2278 715 2353 ἐτεὸν,
737 2268 782 2339 ῶ
801 2279 970 2361 πάτερ
1003 2300 1017 2339 :
1048 2279 1256 2356 (Ταῦτα
1296 2276 1466 2338 οὐκέτι
1508 2275 1941 2357 ὀνειροπολούμε-

368 2390 468 2440 νος,
480 2367 596 2426 ἀλλ’
606 2365 855 2448 ἐγερθεὶς)
876 2365 1020 2445 λέγει
1031 2364 1119 2424 τὸν
1130 2365 1336 2447 πατέρα
1354 2363 1600 2447 ἑωρακὼς
1609 2363 1937 2445 ὀδυρόμενον.

289 2473 341 2513 25
448 2475 516 2515 3⁶.
559 2453 610 2514 τί
631 2453 982 2521 δυσκολαίνεις
995 2452 1085 2513 καὶ
1110 2452 1308 2540 στρέφῃ
1336 2474 1350 2514 :
1374 2453 1447 2515 Τί
1471 2452 1794 2534 περιστρέφῃ
1824 2475 1941 2512 συν-

367 2545 501 2622 εχῶς
528 2541 735 2602 κόπτων
765 2539 1004 2603 σεαυτόν.
1034 2539 1344 2622 [συμὸαίνει
1373 2539 1430 2600 δὲ
1470 2542 1579 2607 τοῖς
1607 2543 1937 2623 ἀγρυπνοῦσι

365 2634 520 2688 τοῦτο
547 2629 796 2709 πάσχειν,
831 2629 957 2708 τῇδε
979 2631 1197 2688 κάκεῖσε
1228 2627 1430 2707 ῥίπτειν
1461 2625 1675 2696 ἑαυτοὺς
1707 2626 1801 2687 καὶ
1836 2649 1938 2706 με-

364 2715 697 2812 ταὸάλλειν]

442 2824 511 2867 37.
555 2803 733 2865 δάκνει
757 2827 825 2883 με
856 2802 1130 2886 δήμαρχός
1169 2826 1246 2870 τις
1277 2821 1292 2864 :
1333 2800 1578 2884 [Παίζων
1615 2802 1705 2863 τὸν
1728 2801 1873 2885 κόριν
1900 2800 1937 2874 ἢ

284 2913 337 2953 30
363 2891 457 2967 τὴν
476 2893 680 2976 ψύλλαν
702 2896 874 2955 καλεῖ.
905 2896 955 2952 οῖ
974 2892 1029 2953 δὲ
1051 2891 1319 2972 δήμαρχοι
1342 2884 1483 2951 οὗτοι
1502 2890 1596 2959 τὰς
1623 2890 1938 2975 ἀπογραφὰς

362 2983 630 3042 ἐποιοῦντο
652 2984 756 3040 τῶν
776 2983 829 3040 ἐν
850 2980 1056 3063 ἑκάστῳ
1078 2979 1234 3063 δήμῳ
1295 2980 1487 3061 ωρίων.
1513 2978 1605 3038 καὶ
1628 2977 1697 3037 τὰ
1717 2978 1934 3061 ληξιαρ-

360 3068 491 3149 χικὰ
516 3077 859 3150 γραμματεῖα
886 3068 1013 3150 παρ’
1040 3069 1214 3134 αὐτοῖς
1278 3090 1325 3140 ν,
1350 3065 1574 3146 συνῆγόν
1611 3089 1668 3125 τε
1693 3065 1936 3138 τοὺςδή-

362 3180 516 3235 μους,
547 3156 635 3217 ὅτε
658 3156 791 3231 δέοι,
822 3157 914 3218 καὶ
948 3161 1122 3238 ψῆφον
1152 3157 1328 3223 αὐτοῖς
1356 3154 1668 3214 ἐπεδίδοσαν
1697 3153 1791 3214 καὶ
1818 3159 1934 3229 ἠνε-

359 3245 626 3326 χυρίαζον.
688 3244 1048 3327 Ἀριστοτέλης
1107 3243 1164 3303 δὲ
1214 3242 1336 3325 περὶ
1403 3241 1743 3311 Κλεισθένους
1802 3243 1933 3326 φησὶ

281 3350 333 3386 35
363 3361 386 3384 «ι
406 3332 700 3405 κατέστησε
740 3333 834 3392 καὶ
877 3333 1182 3415 δημάρχους
1225 3330 1324 3404 τὴν
1353 3331 1516 3405 αὐτὴν
1546 3331 1764 3412 ἔχοντας
1807 3335 1932 3391 ἐπι-

360 3420 574 3498 μέλειαν
609 3429 717 3488 τοῖς
753 3419 1005 3504 πρότερον
1032 3418 1358 3502 ναυκράροις.
1389 3418 1481 3478 καὶ
1509 3418 1612 3501 γὰρ
1652 3418 1773 3487 τοὺς
1831 3419 1928 3492 δή-

361 3533 487 3588 μους
522 3507 638 3568 ἀντὶ
676 3512 781 3568 τῶν
832 3507 1165 3590 ναυκραρίων
1207 3505 1472 3578 ἐποίησεν.
1516 3533 1542 3558 ³·
1594 3509 1642 3566 οἱ
1678 3505 1929 3589 πρότερον

358 3594 669 3677 ναύκραροι,
704 3594 811 3654 εἴτε
853 3595 954 3654 ὑπὸ
988 3595 1229 3661 Σόλωνος
1256 3590 1674 3662 κατασταθέντες
1710 3595 1814 3654 εἴτε
1838 3596 1929 3655 καὶ

355 3684 626 3766 πρότερον.
669 3675 814 3743 οὗτοι
866 3681 922 3742 δὲ
976 3681 1074 3755 τὴν
1118 3681 1342 3759 πομπὴν
1392 3685 1497 3741 τῶν
1542 3683 1928 3755 Παναθηναίων

275 3786 331 3825 ⁴0
354 3771 632 3851 ἐκόσμουν,
655 3769 997 3837 Κλεισθένους
1014 3769 1444 3841 καταστήσαντος
1461 3771 1577 3830 ἀντὶ
1595 3770 1923 3853 ναυκράρων.

355 3859 467 3920 ἔστι
496 3860 552 3920 δὲ
577 3859 851 3940 δήμαρχος
885 3861 913 3917 6
945 3856 1042 3929 τὴν
1074 3856 1349 3937 ἐπώνυμον
1384 3856 1555 3939 ἀρχὴν
1594 3857 1796 3939 ἄρχων.
1833 3859 1926 3919 καὶ

355 3947 743 4022 Ἀσκληπιάδης
769 3953 798 4007 6
827 3946 1185 4030 Ἀλεξανδρεὺς
1215 3946 1332 4014 τοὺς
1359 3948 1498 4007 κατὰ
1526 3949 1693 4026 δῆμον
1724 3946 1923 4030 ἄρχον-

351 4038 447 4107 τάς
475 4061 620 4122 φησι.
659 4035 961 4119 Δημήτριος
986 4035 1042 4095 δὲ
1071 4040 1099 4094 6
1128 4035 1412 4117 Φαληρεὺς
1439 4034 1577 4095 οὕτω
1613 4036 1742 4118 φησὶ
1776 4064 1799 4091 «ι
1834 4038 1926 4097 καὶ

353 4154 377 4179 «ι
421 4125 725 4208 δημάρχους
772 4127 820 4185 οἱ
856 4124 980 4206 περὶ
1026 4122 1246 4184 Σόλωνα
1291 4124 1606 4184 καθίσταντο
1646 4127 1700 4184 ἐν
1750 4128 1922 4205 πολλῇ

271 4232 324 4270 45
353 4242 377 4267 ιι
404 4216 636 4294 σπουδῇ,
664 4212 751 4273 ἵνα
774 4211 977 4273 οἱκατὰ
1007 4213 1172 4290 δῆμον
1202 4213 1383 4271 διδῶσι
1405 4213 1496 4272 καὶ
1517 4212 1832 4291 λαμὸάνωσι
1855 4213 1922 4274 τὰ

353 4331 375 4356 «ι
404 4301 584 4361 δίκαια
605 4300 732 4382 παρ’
762 4301 1027 4372 ἀλλήλων.
1057 4326 1082 4354 »
1111 4298 1216 4359 ἔδει
1239 4291 1329 4359 οῦν
1359 4299 1447 4360 τὸν
1474 4299 1752 4384 δήμαρχον
1780 4309 1919 4381 ἀγα-

348 4394 459 4468 γεῒν
481 4392 552 4456 εἰς
577 4387 698 4456 τοὺς
724 4386 896 4455 οἴκους
925 4386 1045 4456 τοὺς
1069 4386 1609 4469 ἐνεχυριαζομένουᾳ]
1639 4389 1816 4459 παίζει
1852 4392 1922 4456 ὡς

350 4480 396 4536 εἰ
423 4476 573 4556 ἔλεγε
600 4474 741 4559 κόρις
770 4475 807 4548 ἢ
853 4475 1049 4558 ψύλλα.
1108 4476 1276 4555 ὄνομα
1312 4476 1581 4545 πολιτείας
1616 4480 1664 4536 οἳ
1712 4477 1918 4558 δήμαρ-

347 4588 436 4646 χοι
451 4611 467 4639 ,
491 4564 579 4633 οὓς
600 4567 760 4645 ἐχρῆν
780 4565 1127 4645 ἐνεχυριάζειν
1150 4563 1270 4633 τοὺς
1288 4564 1598 4644 ἀγνώμονας
1618 4568 1722 4624 τῶν
1740 4588 1918 4647 χρεω-

268 4670 324 4709 50
347 4657 505 4714 στῶν.
525 4688 605 4700 -—
625 4650 738 4712 δέον
762 4655 925 4712 εἰπεῖν
941 4652 1124 4736 κόρεις.
1147 4657 1196 4714 οἱ
1220 4652 1321 4735 γὰρ
1350 4652 1521 4736 κόρεις
1536 4655 1590 4711 ἐν
1613 4660 1719 4721 τοῖς
1748 4653 1919 4736 στρώ-

348 4765 511 4821 μασιν
521 4741 663 4809 ὄντες
680 4739 797 4809 τούς
817 4744 1104 4810 ὑπνοῦντας
1125 4742 1421 4803 δάκνουσιν.
1451 4748 1480 4803 6
1510 4741 1564 4800 δὲ
1586 4741 1916 4820 μεμνημένος

345 4828 427 4891 ὅτι
455 4831 527 4897 εἷς
551 4827 885 4911 δικαστήριον
908 4828 1021 4901 ἥξει
1061 4830 1164 4890 ὑπὸ
1191 4833 1294 4889 τῶν
1327 4831 1627 4903 δανειστῶν,
1647 4829 1918 4912 δήμαρχος

347 4918 494 5002 φησί.
531 4916 801 4999 δήμαρχος
829 4916 887 4977 δέ
923 4920 1067 4978 ἐστιν
1095 4923 1124 4978 6
1152 4923 1247 4978 τοῦ
1288 4916 1458 4995 δήμου
1494 4917 1821 4999 προστάτης,
1857 4917 1915 4978 ὃν

346 5007 502 5090 φασὶν
529 5008 801 5075 ἰδιωτικῶς
828 5007 1040 5069 δοῦκαν.
1072 5019 1129 5068 0.
1160 5007 1340 5089 ἄρχων
1369 5012 1460 5067 τοῦ
1489 5006 1680 5084 δήμου.
1711 5009 1786 5068 Θ.

2108 2013 2143 2081 ἡ
2171 2011 2518 2093 προμνήστρι’
2559 2011 2849 2072 ἀπολέσθαι
2889 2034 2905 2076 :
2981 2016 3052 2078 Ἦ
3095 2022 3437 2100 προνοήσασα
3496 2036 3609 2093 τῶν

2028 2095 2213 2175 γάμων
2236 2100 2604 2182 προμνήστρια
2630 2102 2887 2161 καλεῖται·
2915 2107 2950 2175 ἡ
2965 2109 3055 2164 νῦν
3077 2107 3445 2196 προξενήτρια.
3468 2154 3550 2166 -
3572 2125 3610 2194 ἡ

2028 2189 2120 2243 τοῦ
2146 2184 2320 2263 γάμου
2343 2186 2601 2266 πρόξενος.
2623 2191 2697 2251 Θ.
2719 2202 2812 2249 Br.

2109 2274 2221 2350 (42).
2263 2277 2391 2352 γῆμ’
2411 2278 2575 2358 ἐπῆρε
2606 2296 2621 2336 t
2646 2277 2857 2359 Κυρίως
2880 2276 2942 2337 τὸ
2961 2280 3152 2362 ἐτι-ἦρεν
3171 2285 3287 2344 ἀντὶ
3313 2293 3408 2348 τοῦ
3433 2293 3603 2371 ἐχαύ-
3637 2320 3699 2362 20

2028 2383 2191 2420 νωσεν
2218 2361 2311 2420 καὶ
2337 2363 2692 2446 ἀνεκούφισεν,
2727 2366 3159 2445 ἐπαγγελλομένη
3197 2378 3395 2455 προῖκα
3423 2383 3608 2461 μεγά-

2028 2449 2125 2520 λην
2153 2448 2393 2508 εἰσοίσειν
2429 2449 2525 2523 τὴν
2563 2461 2815 2532 γυναῖκα,
2852 2455 3087 2535 οἰκουρὸν
3124 2459 3398 2539 φάσκουσα
3437 2458 3608 2545 εἶναι,

2028 2534 2105 2613 μὴ
2128 2536 2291 2604 οὕτως
2325 2536 2573 2618 ἔχουσαν.
2616 2541 3083 2623 [καταχρηστικῶς
3111 2545 3166 2606 δὲ
3198 2548 3487 2616 ἀνέπεισεν.
3521 2592 3609 2604 ——

2027 2624 2346 2705 παρεκίνησε
2371 2629 2508 2706 (a),
2535 2629 2834 2693 κατέπεισε.
2864 2639 2984 2706 ΒΛ]

2104 2733 2177 2774 43.
2223 2714 2462 2796 ἄγροικος
2485 2715 2673 2797 κυρίως
2699 2723 2727 2777 6
2753 2720 2987 2796 ἰδιώτης,
3021 2725 3262 2804 ἀγροῖκος
3302 2725 3356 2786 δὲ
3381 2729 3410 2787 6
3430 2730 3486 2789 ἐν
3514 2735 3600 2816 τῷ
3633 2765 3689 2806 25

2027 2802 2173 2884 ἀγρῷ
2200 2804 2373 2863 οἰκῶν.
2401 2806 2449 2864 οἱ
2478 2802 2534 2864 δὲ
2558 2805 2784 2867 Ἀττικοὶ
2818 2809 3067 2880 ἐναλλάξ.
3093 2813 3169 2875 Θ.
3197 2813 3408 2887 ἥδιστος
3432 2836 3448 2879 :
3474 2818 3607 2881 ἀλυ-

2024 2913 2136 2958 πος.
2165 2903 2228 2951 R.

2103 2998 2175 3040 44.
2221 2981 2481 3061 εὐρωτιῶν
2505 2999 2521 3041 :
2546 2985 2660 3044 Τοῦ
2682 2984 2942 3067 εὐρωτιῶν
2972 2987 3215 3067 ἐξήγησις
3250 2989 3312 3050 τὸ
3340 2995 3456 3067 εἰκῆ
3487 2996 3602 3056 κεί-

2028 3091 2197 3145 μενος.
2216 3076 2324 3135 τοῖς
2348 3066 2452 3150 γὰρ
2470 3072 2586 3141 εἰκῆ
2605 3070 2697 3130 καὶ
2718 3075 2928 3150 ἀμελῶς
2954 3075 3215 3155 κειμένοις
3235 3077 3393 3159 ἱδρὼς
3415 3083 3601 3164 προσί-

2024 3159 2098 3224 ζει
2126 3155 2218 3215 καὶ
2245 3155 2395 3224 νοτίς.
2423 3163 2655 3226 τοιοῦτος
2682 3158 2737 3218 δὲ
2761 3164 2790 3219 6
2815 3164 2919 3221 τῶν
2953 3164 3213 3244 ἀγροίκων
3248 3164 3383 3246 βίος,
3409 3169 3596 3255 ὥσπερ
3628 3201 3688 3242 ³0

2023 3234 2092 3302 αὐ
2112 3243 2363 3323 ἐπιμελὴς
2390 3245 2482 3305 καὶ
2506 3245 2753 3327 καθάριος
2776 3254 2805 3309 6
2822 3254 2926 3310 τῶν
2952 3254 3203 3314 ἀστικῶν.
3234 3254 3295 3314 τὸ
3319 3253 3373 3315 δὲ
3404 3257 3601 3340 ἀκόρη-

2020 3354 2106 3398 τος
2140 3330 2556 3401 ἀκαλλώπιστος.
2602 3343 2773 3415 κορεῖν
2807 3336 2911 3420 γὰρ
2950 3338 3011 3398 τὸ
3045 3342 3412 3411 καλλωπίζειν.
3443 3357 3501 3404 R.
3523 3359 3592 3406 V.

2022 3417 2168 3500 [ἀντὶ
2195 3425 2288 3478 τοῦ
2307 3422 2481 3501 ίδρῶν.
2513 3421 2786 3503 ἑρμηνεύει
2807 3423 2863 3483 δὲ
2891 3432 3044 3486 τοῦτο
3069 3426 3156 3486 διὰ
3182 3436 3301 3503 τοῦ,
3330 3433 3448 3505 εἰκῆ
3475 3435 3594 3493 κεί-

2021 3531 2189 3585 μενος.
2215 3510 2504 3589 εὖρωτιῶσι
2529 3508 2633 3591 γὰρ
2666 3510 2736 3569 τὰ
2772 3515 2889 3587 εἰκῆ
2919 3515 3164 3593 κείμενα,
3185 3514 3366 3600 ὥσπερ
3390 3520 3593 3592 νοτίδος

2019 3597 2193 3663 αὐτοῖς
2212 3596 2544 3675 ἐγγινομένης
2562 3598 2652 3656 καὶ
2667 3597 2949 3674 σηπούσης.
2975 3602 3068 3661 καὶ
3091 3602 3255 3685 εὐρὼς
3268 3651 3284 3679 ,
3307 3610 3336 3665 6
3357 3608 3588 3682 σκώληξ.
3621 3647 3680 3689 ³5

2018 3682 2133 3742 ἐπεὶ
2159 3686 2266 3751 τοῖς
2302 3686 2509 3763 ἀμελῶς
2545 3685 2801 3763 κειμένοις
2827 3688 2998 3769 ’ἱδρὼς
3036 3692 3269 3773 προσίζει
3286 3738 3302 3766 ,
3343 3696 3589 3758 τουτέστι

2014 3771 2166 3840 νοτίς.
2195 3779 2422 3841 τοιοῦτος
2460 3771 2516 3832 δὲ
2552 3777 2581 3832 6
2606 3777 2708 3833 τῶν
2748 3776 3006 3858 ἀγροίκων
3044 3779 3168 3860 βίος.
3202 3783 3231 3839 6
3269 3780 3372 3862 γὰρ
3411 3787 3587 3844 αὐτῶν

2016 3851 2153 3930 οἶκος
2183 3864 2364 3942 πυρῶν
2390 3862 2484 3921 καὶ
2523 3862 2797 3943 δερμάτων
2831 3865 3020 3942 μεστὸς
3060 3866 3153 3940 ὢν,
3187 3869 3434 3948 οὐδεμίαν
3471 3872 3588 3954 ἔχει

2013 3952 2117 4008 τῶν
2146 3948 2397 4009 τοιούτων
2425 3950 2757 4032 πραγμάτων
2779 3953 3034 4027 εὐθεσίαν,
3064 3956 3182 4014 ἀλλ’
3210 3956 3342 4016 ἄλλο
3366 3959 3585 4041 ἀλλαχῆ

2013 4041 2212 4111 κεῖται,
2247 4041 2318 4106 ὡς
2343 4036 2516 4117 ἔτυχε.
2541 4038 2600 4097 τὸ
2628 4038 2683 4098 δὲ
2721 4040 3001 4120 ἀκόρητος,
3026 4044 3458 4115 ἀπαλλώπιστος.
3483 4071 3582 4108 κο-
3613 4083 3675 4125 ⁴0

2015 4127 2118 4205 ρεῒν
2141 4124 2244 4208 γὰρ
2266 4124 2326 4184 τὸ
2348 4126 2714 4196 καλλωπίζειν·
2740 4127 2854 4188 ὅθεν
2867 4129 2960 4189 καὶ
2979 4129 3250 4212 νεωκόρος.
3272 4167 3355 4180 --
3376 4133 3582 4217 ἀκόρη-

2011 4236 2096 4281 τος
2123 4234 2138 4273 :
2170 4210 2617 4280 Ἄκαλλώπιστος.
2647 4213 2775 4295 Br.]

2089 4320 2162 4362 45.
2209 4300 2381 4382 βρύων
2407 4321 2422 4361 2
2448 4300 2631 4371 Αὕξων
2652 4301 2744 4362 καὶ
2766 4302 3013 4377 τεθηλώς.
3034 4316 3095 4363 Β.
3110 4304 3337 4367 θάλλων.
3361 4314 3433 4373 Θ.
3456 4308 3578 4392 [καὶ

2010 4388 2289 4469 προὸάτοις
2320 4388 2413 4448 καὶ
2443 4389 2755 4472 στεμφύλοις
2780 4412 2795 4451 :
2823 4391 3112 4474 Στέμφυλα
3148 4395 3342 4476 κυρίως
3366 4396 3580 4476 λέγεται

2008 4475 2076 4535 τὰ
2116 4476 2491 4555 ἀποπιέσματα
2521 4481 2626 4536 τῶν
2670 4480 2859 4539 ἐλαῶν.
2892 4479 3292 4561 περιπτίσματα
3333 4483 3389 4544 δὲ
3415 4484 3484 4544 τὰ
3516 4489 3577 4547 ἐκ
3604 4527 3664 4569 ⁴5

2007 4568 2111 4625 τῶν
2139 4566 2417 4647 σταφυλῶν
2446 4564 2856 4643 ἀποπιεζόμενα.
2887 4568 3182 4650 εὑρίσκεται
3225 4569 3281 4631 δὲ
3316 4571 3410 4631 καὶ
3438 4575 3575 4634 ἀνά-

2006 4656 2166 4713 παλιν
2203 4651 2271 4712 τὰ
2296 4653 2568 4736 στέμφυλα
2615 4654 2703 4712 ἐπὶ
2734 4658 2839 4713 τῶν
2878 4659 3157 4739 σταφυλῶν
3182 4658 3275 4718 καὶ
3322 4658 3390 4718 τὰ
3418 4684 3575 4743 περι-

2006 4742 2281 4819 πτίσματα
2315 4741 2403 4802 ἐπὶ
2433 4745 2536 4800 τῶν
2565 4743 2758 4801 ἐλαῶν.
2788 4778 2868 4787 --
2896 4744 3171 4826 στέμφυλα
3212 4745 3454 4825 λέγονται
3503 4748 3573 4809 τὰ

2006 4830 2379 4909 ἀποπιέσμιιτα
2413 4834 2517 4889 τῶν
2549 4830 2827 4911 σταφυλῶν
2863 4831 2955 4890 καὶ
2987 4836 3092 4893 τῶν
3138 4834 3345 4893 ἐλαιῶν.
3384 4839 3455 4897 Θ.
3484 4860 3572 4896 τε-

2005 4917 2403 4999 ταριχευμέναις
2426 4917 2732 5000 σταφύλαις.
2761 4918 2889 5000 ΒΛ]
3596 4974 3659 5015 50

2082 5028 2154 5069 40.
2176 5012 2267 5066 τοῦ
2297 5004 2637 5086 Μεγακλέους
2663 5027 2677 5068 :
2704 5006 3122 5089 [Ἔδιπλασίασε
3150 5009 3211 5070 τὸ
3232 5010 3399 5091 ὄνομα
3415 5013 3566 5095 εἰρω-
