3859 5725
297 274 407 330 36⁴

292 409 673 487 πλαττόμενον,
698 404 728 466 8
762 405 852 465 καὶ
880 400 1256 464 καταπλαστὸν
1275 398 1517 479 λέγεται,
1549 399 1643 459 καὶ
1668 398 1859 459 πιστὸν

290 498 350 558 τὸ
367 494 699 576 πινόμενον]

373 581 731 665 [ἐνεχείρησεν
752 598 768 639 t
799 581 870 639 Οἱ
889 576 1174 658 γράφοντες
1188 620 1203 647 ,
1227 572 1507 656 ἐνεχείρισε
1528 574 1747 657 τρίὸειν,
1772 576 1857 636 διὰ

292 676 383 732 τοῦ
409 696 458 749 ι,
485 671 721 748 ἀμαθεῖς·
759 668 818 725 οὗ
845 662 948 745 γὰρ
968 665 1210 744 ἐμφανῶς
1241 661 1549 743 ἐθεράπευεν
1572 667 1600 722 6
1635 664 1858 738 Ἀσκλη-

241 785 268 823 ιν,
294 760 438 832 πιὸς,
462 757 548 817 ἵνα
577 756 666 817 καὶ
695 758 771 835 τῷ
800 750 1088 831 Νεοκλείδῃ
1113 749 1403 832 ἐγχειρίσαι
1431 751 1587 810 αὐτὸν
1621 751 1858 832 λέγωμεν

294 847 492 929 τρίδειν
527 845 589 905 τὸ
629 842 928 925 φάρμακον,
971 839 1088 898 ἀλλ’
1126 840 1334 919 ἀφανῶς
1368 839 1507 898 κατὰ
1541 838 1638 911 τὴν
1675 839 1857 900 νύκτα.

297 933 406 1014 ἔχει
448 932 504 994 δὲ
532 932 725 1003 οὕτως,
755 926 1051 1009 ἐνεχείρησε
1080 930 1288 1006 πρῶτον
1314 924 1526 984 πάντων
1553 926 1748 1008 τρί6ειν
1784 930 1861 1008 τῷ

297 1021 584 1100 Νεοκλείδῃ
611 1017 890 1098 φάρμακον
918 1011 1310 1073 καταπλαστόν·
1334 1011 1422 1070 καὶ
1463 1011 1601 1071 ἔστιν
1626 1017 1658 1085 ἡ
1686 1013 1860 1084 δοτικὴ

299 1108 434 1180 αὕτη
454 1107 584 1189 πρὸς
603 1105 665 1165 τὸ
678 1103 876 1185 τρίὸειν
898 1104 1316 1182 περιποιητικῶς.
1331 1104 1366 1171 ἡ
1382 1098 1484 1181 γὰρ
1496 1099 1666 1182 τρίψις
1682 1101 1863 1182 ἐκείνῳ

224 1221 272 1260 ιο
299 1190 381 1269 ἦν,
403 1194 640 1258 τουτέστι
654 1238 671 1266 ,
696 1193 761 1250 δι’
784 1195 978 1252 ἐκεῖνον
1003 1187 1250 1269 ἐγίνετο]
1268 1222 1349 1233 -—
1371 1188 1668 1270 ἐνεχείρησε
1692 1188 1864 1270 :⁷119-

327 1306 437 1343 ατο.
471 1295 535 1343 Ρ.

299 1283 325 1354 ξ
382 1391 481 1431 718.
525 1372 663 1449 τρεῖς
681 1365 890 1438 Τηνίων
921 1385 937 1425 t
966 1364 1121 1447 [Ότι
1148 1366 1201 1422 ἐν
1228 1366 1295 1444 τῇ
1321 1362 1485 1445 Τήνῳ
1504 1373 1602 1445 μιᾷ
1624 1367 1728 1424 τῶν
1753 1367 1866 1426 Κυ-

298 1457 508 1518 κλάδων
537 1456 683 1537 νήσῳ
718 1454 858 1534 ὄφεις
881 1453 972 1512 καὶ
998 1449 1240 1534 σκορπίοι
1267 1451 1423 1510 δεινοὶ
1449 1452 1694 1530 ἐγίνοντο·
1722 1452 1758 1524 ἢ
1787 1451 1866 1512 ὅτι

299 1551 333 1617 ἡ
355 1549 527 1617 Τῆνος
557 1542 850 1623 δριμύτατα
874 1541 1099 1622 σκόροδα
1120 1537 1313 1620 φέρει]
1331 1541 1613 1610 δηκτικῶν.
1642 1553 1707 1601 R.
1729 1539 1807 1599 ὅτι
1829 1544 1863 1612 ἡ

224 1645 272 1683 ¹⁵
300 1637 469 1705 Τῆνος
481 1679 497 1710 ,
513 1633 686 1709 (ν’ῆσος
701 1628 797 1707 μία
812 1631 917 1688 τῶν
932 1626 1265 1703 Κυκλάδων,)
1285 1625 1545 1707 θηριώδης
1559 1629 1701 1687 δοκεῖ
1714 1618 1863 1688 εἶναι.

303 1720 547 1802 (σκόροδα
576 1710 665 1778 οὗν
693 1715 866 1788 Τήνια
901 1706 1045 1774 εἶπεν
1077 1713 1193 1772 ἀντὶ
1215 1720 1306 1773 τοῦ
1332 1713 1585 1788 δηκτικὰ,
1612 1714 1761 1796 παρὰ
1801 1716 1868 1773 τὰ

299 1808 495 1891 θηρία.)
524 1809 677 1881 δηλοῖ
696 1806 788 1865 καὶ
815 1803 1050 1871 Εὔπολις
1072 1801 1270 1864 Πόλεσι
1296 1831 1320 1855 α
1343 1808 1516 1875 Τῆνος
1542 1803 1676 1877 αὕτη
1691 1849 1707 1876 ,
1731 1808 1866 1863 πολ-

299 1896 421 1964 λοὺς
441 1895 636 1976 ἔχουσα
658 1892 936 1974 σκορπίους
957 1890 1120 1971 (ἔχεις
1140 1913 1199 1948 τε
1223 1890 1589 1973 συκοφάντας).
1615 1919 1637 1943 υ
1660 1891 1866 1951 Καλλί-

300 2005 521 2065 στρατος
544 1983 597 2041 δὲ
634 1981 721 2040 ἐπὶ
749 1979 811 2039 τὸ
840 1979 999 2061 σαφὲς
1031 1977 1362 2057 κατηνέχθη,
1391 1981 1462 2045 ὡς
1493 1978 1869 2061 σκοροδοφόρου

225 2102 275 2143 ³⁰
299 2074 512 2240 {222³ss
537 2065 1051 2235 ἶῦσῖἷκῗζῗῖζῖζζῗ
1072 2066 1214 2211 {³012}
1236 2064 1871 2235 {A”'‘5‚3²2‘p‘2332ffi’52*2¹2{’

444 2183 477 2219 σ
513 2182 547 2231 η
594 2186 619 2210 ²·
962 2222 977 2234 ο
1216 2200 1230 2214 .
1283 2189 1350 2197 -
1662 2201 1677 2215 .
1847 2187 1872 2200 -

302 2249 420 2306 δων.
446 2259 540 2305 Dv.
561 2247 734 2316 Τῆνος
755 2247 907 2316 νῆσος
930 2245 985 2300 ἐν
1014 2234 1052 2321 ᾗ
1080 2241 1374 2321 δριμύτατα
1404 2240 1601 2319 γίνεται
1624 2241 1869 2322 σκόροδα.

300 2335 374 2395 Θ.
395 2336 566 2403 Τῆνος
588 2337 742 2404 νῆσος
770 2326 1140 2410 σκοροδοφόρος
1164 2326 1272 2385 ἀπό
1295 2349 1433 2394 τινος
1456 2332 1507 2388 Τ
1509 2327 1634 2398 ήνου
1672 2328 1870 2410 ἀνδρός.

304 2431 368 2479 Ρ.
392 2419 526 2501 ἔφλα
545 2416 601 2477 δὲ
630 2417 747 2476 ἀντὶ
775 2422 868 2476 τοῦ
892 2414 1095 2497 ἔτριὸεν
1113 2411 1149 2484 ἢ
1168 2413 1304 2485 ἤλει.
1324 2417 1386 2465 V·
1409 2413 1542 2495 ἔφλα
1580 2435 1595 2476 2
1620 2417 1870 2499 Συνέτρι-

225 2538 278 2578 25
307 2505 387 2567 δε.
412 2518 511 2565 Dv.
529 2503 726 2585 ἔτριὸε.
752 2515 816 2562 Ρ.

384 2612 481 2652 71⁹.
524 2591 651 2649 ὀπὸν
690 2611 705 2650 t
745 2590 898 2651 Γάλα
931 2587 1142 2660 σκύλης.
1168 2600 1272 2649 Dv.
1302 2586 1442 2666 γάλα
1479 2589 1723 2665 σκίλλης,
1761 2591 1875 2663 ἥτις

309 2678 503 2759 βοτάνη
524 2677 634 2736 ἐστὶ
661 2674 1045 2758 θανατηφόρος,
1081 2675 1134 2746 ἐξ
1164 2668 1229 2750 ἧς
1265 2674 1326 2733 τὸ
1372 2677 1708 2749 σκιλλητικὸν
1742 2677 1872 2748 ὄξος.

306 2776 366 2825 Θ.
403 2777 460 2824 P.

385 2873 481 2913 720.
529 2852 639 2931 (καὶ
677 2860 854 2934 σχῖνον
889 2872 903 2912 :
941 2854 1133 2931 Σχῖνον
1181 2856 1268 2911 νῦν
1313 2875 1442 2934 φησι
1480 2850 1578 2924 τὴν
1628 2853 1846 2913 σκίλλαν
1864 2878 1876 2891 ·

227 2964 281 3007 ³0
308 2940 530 3014 δηκτικὰ
553 2940 656 3023 γὰρ
680 2938 926 3021 βούλεται
948 2939 1124 2999 πάντα
1148 2931 1300 3002 εἶναι.
1323 2942 1377 2999 ἐν
1404 2938 1460 2999 δὲ
1483 2945 1592 3008 τοῖς
1625 2940 1740 3014 ἑξῆς
1767 2965 1878 3001 πα-

308 3027 547 3110 ράκειται
588 3028 680 3088 καὶ
722 3031 782 3087 ἐκ
824 3031 927 3087 τῶν
973 3026 1343 3109 Θεοφράστου,
1390 3024 1470 3085 ὅτι
1524 3027 1697 3111 ἕτερόν
1737 3053 1790 3089 τι
1844 3034 1878 3100 ἡ

307 3113 498 3173 σκίλλα
518 3115 610 3174 καὶ
629 3120 663 3186 ἡ
686 3123 877 3195 σχῖνος.
958 3113 1107 3194 παρὰ
1129 3113 1190 3172 τὸ
1213 3113 1482 3194 σχίζεσθαι
1500 3115 1591 3174 καὶ
1620 3116 1878 3198 δακρύειν·

306 3206 342 3273 ἡ
376 3202 509 3273 αὐτὴ
532 3201 635 3284 γὰρ
656 3207 725 3283 τῇ
757 3200 1035 3282 μαστίχη.)
1065 3236 1144 3248 —-
1173 3201 1354 3278 σχίνον
1383 3223 1398 3263 t
1426 3203 1543 3262 ἀντὶ
1568 3209 1660 3263 τοῦ
1688 3204 1878 3283 μαστί-

306 3311 429 3368 χην.
461 3300 519 3348 R.
544 3288 612 3348 τὰ
641 3288 780 3371 ἄκρα
807 3292 902 3360 τῆς
936 3289 1151 3357 σκίλλας
1171 3288 1207 3360 ἢ
1242 3288 1527 3369 μαστίχην.
1553 3303 1613 3351 Θ.
1643 3289 1713 3350 τὰ
1742 3291 1880 3373 ἄκρα

229 3407 282 3447 35
308 3380 401 3447 τῆς
425 3373 636 3443 σκύλας.
686 3388 762 3434 Dv
790 3380 984 3456 Ισχῖνον
1007 3398 1022 3436 t
1047 3375 1248 3455 Ἤγουν
1271 3375 1510 3436 σκίλλαν.
1535 3395 1598 3442 Ρ.
1622 3381 1796 3457 σχῖνος
1822 3378 1882 3437 τὸ

308 3459 534 3543 δένδρον,
566 3486 602 3523 ι.
633 3464 838 3542 σχοῖνος
868 3463 922 3523 δὲ
949 3462 1009 3522 τὸ
1039 3462 1249 3542 βρύλον,
1276 3461 1550 3543 δίφθογγον
1578 3485 1606 3521 ο
1633 3464 1724 3523 καὶ
1749 3489 1786 3525 ι.
1821 3476 1878 3523 P.

385 3548 490 3618 ὄξει
513 3548 744 3626 διέμενος
767 3570 782 3611 :
808 3549 1122 3631 Διαὸρέχων
1149 3549 1241 3609 καὶ
1264 3548 1594 3630 διυγραίνων,
1624 3550 1653 3609 δ
1676 3557 1765 3610 νῦν
1790 3554 1884 3631 ἐγ·-

306 3633 615 3715 χυματίζειν
636 3636 782 3718 φασί.
803 3638 1073 3718 (Σφηττίῳ
1097 3636 1171 3715 δὲ)
1192 3639 1268 3717 τῷ
1293 3634 1596 3717 δριμυτάτῳ
1616 3634 1652 3707 ἢ
1674 3636 1777 3695 ἀπὸ
1791 3644 1883 3697 τοῦ

310 3722 478 3800 δήμου
492 3746 506 3760 ·
526 3723 703 3806 πικροὶ
721 3721 823 3804 γὰρ
848 3727 895 3781 οἳ
920 3723 1175 3806 Σφήττιοι
1198 3723 1290 3782 καὶ
1312 3722 1654 3804 συκοφάνται.
1679 3723 1714 3796 ἢ
1739 3724 1885 3806 παρὰ

235 3842 285 3881 ω
311 3808 428 3877 τοὺς
464 3814 694 3892 σφῆκας·
734 3811 943 3888 θυμικοὶ
980 3810 1100 3891 γάρ.
1149 3809 1202 3889 (ἢ
1247 3810 1330 3870 ὅτι
1376 3808 1533 3892 δριμὺ
1585 3811 1698 3881 ὅξος
1738 3813 1883 3895 παρὰ

312 3897 593 3978 Σφηττίοις
617 3897 852 3975 ἐγίνετο.)
882 3933 959 3943 -
990 3898 1196 3980 βρέχων
1225 3896 1339 3968 ὅξος
1369 3897 1548 3979 δριμύ.
1577 3912 1669 3958 Dv.
1702 3900 1885 3981 βρέξας

310 3986 383 4044 ἐν.
420 3997 482 4044 Ρ.
519 3986 763 4068 Σφηττὸς
798 3986 956 4053 τόπος
980 3988 1032 4044 ἐν
1072 3985 1336 4059 Ἀθήναις,
1369 3984 1484 4045 ὅθεν
1520 3985 1612 4045 καὶ
1650 3990 1891 4069 Σφηττοῖ

270 4122 281 4131 .
313 4070 607 4153 ἐπίρρημα,
634 4072 725 4132 καὶ
752 4077 780 4132 6
802 4071 1017 4144 πολίτης
1041 4071 1326 4154 Σφήττιος·
1348 4071 1610 4155 Σφήττιος
1635 4064 1766 4143 οἶνος
1795 4076 1885 4135 καὶ

314 4160 574 4242 Σφήττιον
597 4161 723 4231 ὄξος.
744 4165 815 4229 ὡς
830 4161 962 4221 ἔοικε
979 4160 1053 4233 δὲ,
1069 4160 1384 4242 δριμύτατον
1405 4160 1513 4230 ὅξος
1532 4164 1770 4243 Σφηττοῖ
1789 4163 1890 4243 ἐγί-

233 4285 287 4325 45
313 4270 445 4309 νετο.
473 4259 528 4307 Ρ.
561 4248 787 4332 βρέχων.
865 4252 1106 4330 Σφῆττος
1130 4248 1313 4323 τόπος,
1341 4248 1463 4309 ἔνθα
1488 4248 1643 4331 δριμὺ
1668 4250 1781 4319 ὅξος
1806 4250 1887 4329 γί-

312 4359 473 4396 νεται.
492 4348 551 4398 Θ.

394 4442 491 4485 721.
534 4423 939 4485 κατέπλασσεντ
971 4426 1146 4483 Τοῦτο
1184 4422 1245 4483 τὸ
1286 4422 1581 4505 φάρμακον.
1622 4437 1682 4485 Θ.
1717 4444 1777 4491 Ρ.
1809 4429 1888 4485 ἐκ·

318 4510 545 4594 στρέψας
568 4533 585 4574 2
608 4509 1041 4594 Ἐξεστραμμένα
1063 4511 1303 4582 ποιήσας.
1330 4520 1390 4565 P·
1412 4511 1761 4594 ἀναστρέψας.
1786 4525 1883 4577 Dv,

396 4619 494 4661 722.
537 4603 762 4681 ὀδυνῷτο
789 4620 805 4659 :
830 4600 1091 4672 Λυπεῖτο,
1110 4602 1279 4677 ἀλγεῖ.
1310 4613 1405 4659 Dv·
1435 4598 1620 4673 ὀδύνην
1650 4599 1761 4680 ἔχει
1786 4624 1888 4660 πε-

240 4733 296 4775 50
321 4686 633 4771 ρισσότερον.
660 4702 725 4750 Ρ.
750 4690 809 4748 οὗ
828 4686 1059 4761 τοσαύτη
1083 4685 1186 4768 γὰρ
1206 4687 1269 4747 ἂν
1291 4679 1357 4760 ἦν
1379 4691 1413 4759 ἡ
1436 4686 1592 4760 ὀδύνη
1606 4733 1621 4763 ,
1643 4688 1889 4769 εἰοέπάνω

322 4781 596 4840 ἔπλαττεν.
625 4789 687 4839 Θ.

401 4887 497 4927 723.
523 4860 735 4933 ἀναΐξας
762 4884 778 4924 :
806 4860 1103 4945 Ὅρμήσας.
1131 4875 1190 4923 Θ.
1229 4876 1319 4923 Dv.
1344 4875 1403 4923 P.
1437 4861 1546 4931 θεὸς
1577 4882 1592 4922 :
1620 4866 1649 4922 6
1674 4862 1893 4936 Ἀσκλη-

322 4954 456 5023 πιός.
484 4966 547 5014 V·

405 5040 538 5119 (725).
585 5037 652 5097 ἵν’
692 5036 1051 5117 ἐπομνύμενον
1100 5055 1115 5096 :
1161 5035 1298 5095 Ἀντὶ
1340 5039 1435 5095 τοῦ
1481 5036 1884 5114 ἐκκαλούμενον.

1411 252 1786 315 scfloLlA
1836 252 1932 314 IN
1985 253 2373 315 PLUTUM.

1939 398 2213 476 ἐπωμοσία
2244 398 2302 458 δέ
2329 402 2487 473 ἐστιν,
2514 400 2580 472 ἣν
2613 401 2912 460 ἐπιδίδωσιν
2935 406 2964 460 6
2988 402 3298 482 βουλόμενος
3325 408 3502 466 ἀντει-

1939 494 2055 544 πεῖν
2092 486 2394 569 ψηφίσματι
2426 488 2791 571 εἶσφερομένῳ.
2836 491 3181 551 ἐκκαλοῦνται
3223 491 3280 551 δὲ
3324 497 3399 561 εἰς
3437 495 3502 554 τὸ

1940 573 2275 655 δικαστήριον
2316 575 2586 642 πολλάκις.
2622 576 2944 645 Σαλούστιος
2971 578 3030 636 δέ
3069 601 3229 660 φησιν
3265 585 3336 648 ὥς
3371 581 3502 659 μέλ-

1939 664 2113 729 λοντες
2136 661 2209 730 είς
2229 685 2345 721 τινα
2382 663 2670 740 δημοτικὴν
2707 663 3126 725 ἀποστέλλεσθαι
3148 667 3332 749 χρείαν
3357 670 3501 752 παρὰ

1939 753 2030 808 τοῦ
2075 749 2272 826 δήμου,
2313 750 2568 818 πολλάκις
2607 750 2915 830 ἐπώμνυντο
2960 752 3034 831 μὴ
3072 753 3327 815 δύνασθαι
3373 760 3500 819 αὖτὸ
3529 763 3558 801 ⁶

1940 841 2125 909 ποιεῖν,
2164 836 2252 896 ἵνα
2293 843 2684 920 συκοφαντῶσιν
2731 840 2864 899 οἴκοι
2901 840 3159 918 μένοντες.
3281 843 3498 916 Ἄλλως.

1942 923 2214 1002 ἐπωμοσία
2239 924 2378 984 ἐστὶν
2397 925 2644 994 ἀπόδοσις
2668 926 2865 1001 αἰτίας,
2890 929 2958 987 δι’
2984 928 3050 1000 ἣν
3078 932 3174 1010 οὐχ
3197 934 3406 1015 ὑπαντᾷ
3425 958 3506 1003 τις

1943 1011 2078 1092 πρὸς
2111 1010 2207 1083 τὴν
2249 1011 2414 1085 δίκην.
2452 1013 2734 1095 Ὑπερίδης
2768 1043 2792 1066 α
2816 1015 2907 1074 καὶ
2943 1016 3061 1094 ἐμοὶ
3100 1016 3195 1094 μὲν
3230 1020 3510 1098 συμὸάσης

1946 1127 1970 1151 «
1995 1099 2315 1181 ἀρρωστίας,
2349 1102 2440 1160 καὶ
2480 1101 2865 1180 ὖπομοσθείσης
2904 1103 3099 1176 ταύτης
3138 1110 3234 1177 τῆς
3275 1114 3505 1190 γραφῆς,

1947 1213 1970 1239 α
1997 1186 2257 1261 ἂνεὸλήθη
2278 1192 2306 1247 6
2325 1187 2487 1267 ἀγών.
2508 1216 2533 1241 n
2557 1187 2719 1258 οὕτως
2740 1194 2768 1249 6
2786 1190 3044 1272 Τήλεφος.
3066 1193 3344 1270 ἐπωμοσία
3367 1197 3510 1256 ἐστὶν
3541 1221 3591 1260 ιο

1946 1274 2110 1353 ὄνομα
2133 1275 2306 1349 δίκης,
2354 1276 2470 1336 καθ’
2504 1277 2570 1349 ἣν
2602 1281 2649 1337 οἱ
2698 1275 2974 1356 μέλλοντες
3013 1284 3303 1356 ἡττᾶσθαι,
3343 1286 3509 1343 νοσεῖν

1946 1363 2416 1444 προφασιζόμενοι,
2442 1364 2539 1435 τὴν
2566 1365 2752 1447 κυρίαν
2785 1365 3137 1427 ἆνεδάλλοντο
3159 1369 3252 1428 καὶ
3273 1369 3433 1431 πάλιν
3455 1373 3512 1442 ἐξ

1949 1453 2115 1532 ἀρχῆς
2137 1451 2449 1522 ἐδικάζοντο.
2477 1452 2611 1521 τινὲς
2634 1452 2690 1513 δὲ
2712 1454 3072 1532 ἐπομνύμενόν
3090 1479 3222 1537 φασι
3243 1458 3305 1517 τὸ
3321 1460 3513 1538 ὀμόσαι

1951 1538 2024 1616 μὴ
2049 1538 2363 1599 δικάσασθαι
2380 1539 2484 1599 καὶ
2507 1539 2824 1621 παραὸάντα
2851 1540 2969 1609 τοὺς
2987 1542 3170 1624 ὅρκους
3198 1544 3513 1606 δικάσασθαι

1949 1625 2181 1708 ὕστερον.
2218 1626 2502 1698 ἐκκλησίας
2533 1626 2588 1686 δὲ
2629 1627 2747 1687 ἀντὶ
2780 1634 2901 1701 τοῦ,
2937 1632 2990 1688 ἐν
3032 1634 3149 1697 ταῖς
3192 1631 3511 1704 ἐκκλησίαις.
3549 1649 3596 1688 15

1949 1718 2114 1773 ταῦτα
2151 1712 2209 1772 δέ
2251 1735 2427 1795 φησιν,
2463 1717 2535 1781 ὡς
2568 1719 2660 1774 τοῦ
2697 1716 3012 1776 Νεοκλείδου
3055 1715 3142 1775 διὰ
3189 1719 3517 1801 κακουργίαν

1950 1806 2172 1860 τοιαῦτα
2210 1805 2493 1868 ποιοῦντος.
2595 1797 2814 1870 Ἄλλως.
2866 1803 3227 1883 ἐπομνύμενον
3266 1805 3361 1884 μὲν
3401 1808 3520 1867 ἀντὶ

1949 1893 2039 1947 τοῦ
2056 1887 2395 1970 ἐφεδρεύοντα
2407 1890 2521 1958 ταῖς
2537 1890 2837 1963 ἐκκλησίαις
2850 1891 2940 1950 καὶ
2957 1899 3374 1976 συκοφαντοῦντα
3387 1895 3521 1978 ὑπὲρ

1950 1981 2041 2035 τοῦ
2081 1975 2394 2056 κερδαίνειν·
2431 1976 2704 2059 ἢῦποφθεί
2738 2001 2889 2051 οντα,
2916 1977 3001 2039 ἵνα
3027 1980 3342 2040 συνέλθωσιν
3367 1986 3416 2042 οῖ
3443 1986 3520 2042 δι-

1951 2063 2172 2137 κασταὶ,
2193 2064 2284 2123 καὶ
2309 2064 2638 2144 βοηθήσωσιν
2661 2002 2737 2133 οἷς
2770 2066 2921 2134 αὐτὸς
2941 2065 3208 2147 βούλεται·
3232 2066 3267 2139 ἢ
3295 2091 3521 2150 κακουρ-
3547 2084 3604 2124 2ο

1953 2156 2169 2230 γοῦντα·
2193 2154 2241 2210 οἱ
2276 2150 2379 2233 γὰρ
2408 2152 2708 2231 συνωμόται
2742 2153 2831 2213 ἐπὶ
2876 2158 3026 2237 κακῷ
3050 2154 3274 2233 ὤμνυον.
3397 2156 3525 2218 Ἄλ-

1953 2241 2073 2306 λως.
2100 2238 2372 2317 ἐπωμοσία
2401 2239 2543 2299 ἐστὶν
2565 2244 2601 2312 ἡ
2626 2240 2844 2322 δευτέρα
2872 2248 2966 2301 τοῦ
2993 2241 3334 2326 δικαστηρίου
3356 2244 3524 2325 κρίσις

1954 2325 2218 2404 λεγομένη
2237 2324 2371 2405 μετὰ
2393 2324 2490 2397 τὴν
2506 2330 2611 2386 τῶν
2633 2327 2952 2409 ἀποκλήρων
2970 2330 3282 2410 παρουσίαν.
3306 2365 3385 2378 ——
3406 2335 3528 2392 ἐπο-

1958 2414 2215 2491 μνύμενον
2274 2434 2290 2475 :
2362 2414 2745 2496 Ἐφεδρεύοντα
2792 2415 2882 2474 καὶ
2946 2423 3373 2499 συκοφαντοῦντα
3431 2420 3527 2480 καὶ

1957 2499 2184 2578 ὀμνύντα
2203 2501 2333 2583 πρὸς
2355 2501 2585 2574 ἀπάτην.
2608 2513 2667 2562 θ.
2687 2501 3026 2584 ἐφεδρεύοντα
3040 2549 3056 2577 ,
3072 2506 3414 2586 ἐπιορκοῦντα
3433 2507 3524 2568 καὶ
3552 2526 3605 2565 22»

1958 2593 2396 2671 συκοφαντοῦντα.
2423 2602 2518 2648 Dv.
2546 2588 2966 2671 ἐπιορκούμενον.
2989 2603 3056 2653 Ρ.
3079 2596 3176 2664 τῆς
3198 2594 3480 2667 ἐκκλησίας
3509 2618 3524 2658 :
3559 2623 3576 2634 ·

1957 2681 2068 2739 Τοῦ
2098 2675 2378 2757 συνεδρίου.
2402 2689 2461 2735 D.
2485 2674 2580 2744 τὰς
2599 2678 2912 2750 ἐκκλησίαςτ
2935 2677 3051 2747 Τὰς
3073 2680 3439 2762 συναθροίσεις.
3462 2691 3527 2745 Ρ.

2037 2782 2132 2823 726.
2164 2766 2236 2831 ὡς
2271 2761 2539 2844 φιλόπολις
2569 2782 2583 2823 :
2618 2763 2766 2823 Καθὸ
2798 2763 2887 2824 τὸν
2924 2768 3169 2843 λυμεῶνα
3200 2772 3293 2840 τῆς
3332 2769 3530 2840 πόλεως

1958 2850 2211 2930 ἠμύνατο.
2239 2887 2319 2897 -
2341 2854 2369 2910 6
2392 2850 2593 2930 δαίμων
2618 2871 2633 2912 :
2659 2850 2811 2920 Θεός.
2837 2851 3026 2927 σοφόςτ
3061 2853 3249 2915 Πάντα
3272 2855 3435 2925 εἰδώς.
3467 2871 3526 2917 Ρ.

2037 2960 2132 3000 727.
2174 2943 2250 3022 τῷ
2292 2938 2604 3000 Πλούτωνιε
2636 2938 2776 3020 [Τὸν
2811 2942 3053 3001 Πλοῦτον
3082 2942 3376 3004 Πλούτωνα
3413 2937 3524 3004 εἶπε
3555 2965 3607 3005 ω

1961 3024 2186 3094 παίζων·
2232 3022 2265 3095 ἢ
2307 3023 2386 3084 ὅτι
2431 3024 2524 3084 καὶ
2574 3024 2869 3087 Πλούτωνα
2912 3028 3068 3088 αὐτὸν
3116 3033 3529 3114 ὑποκοριστικῶς

1962 3112 2229 3187 ἐκάλεσεν,
2246 3116 2318 3181 ὡς
2339 3113 2615 3195 Σοφοκλῆς
2638 3112 2832 3196 Ἰνάχῳ

2444 3252 2721 3310 Πλούτωνος
2738 3253 2778 3302 δ’
2795 3252 3053 3311 ἐπείσοδος·

1964 3375 2056 3433 καὶ
2084 3374 2245 3434 πάλιν

2252 3512 2421 3564 τοιόνδ’
2446 3515 2557 3579 ἐμὸν
2579 3516 2818 3567 Πλούτων’
2843 3517 3077 3582 ἀμεμφίας
3095 3518 3248 3584 χάριν.
3554 3537 3606 3579 ¹5

1965 3635 2215 3718 Ἄλλως]
2247 3635 2336 3695 τὸν
2369 3639 2609 3697 Πλοῦτον
2640 3638 2778 3699 οὕτω
2814 3638 3042 3719 λέγουσι·
3082 3640 3173 3700 καὶ
3195 3642 3410 3711 εἰκότως
3445 3643 3531 3704 τὸν

1967 3723 2120 3783 αὐτὸν
2168 3728 2244 3805 τῷ
2289 3723 2566 3807 Πλούτωνι
2608 3725 2696 3785 τὸν
2742 3724 2918 3813 “ᾼδην
2961 3727 3246 3806 νομίζουσι·
3287 3731 3380 3791 καὶ
3424 3731 3525 3814 γὰρ

1969 3809 2209 3878 Ἡσίοδός
2228 3834 2386 3892 φησιν
2414 3811 2535 3890 [Op.
2561 3814 2665 3892 465]

2152 3958 2371 4024 εὔχεσθαι
2389 3960 2438 4009 δὲ
2462 3961 2537 4010 Διὶ
2555 3961 2730 4026 χθονίῳ
2747 3962 2980 4027 Δημήτερί
3004 3964 3044 4013 θ’
3070 3965 3210 4028 ἁγνῇ,

2152 4030 2341 4080 ἐκτελέα
2365 4030 2533 4094 βρίθειν
2561 4033 2827 4096 Δημήτερος
2848 4033 2970 4097 ἱερὸν
2992 4034 3156 4094 ἀκτήν.
3557 4052 3609 4093 ⁴⁰

2049 4159 2224 4231 παίζει
2240 4162 2318 4243 τῷ
2352 4160 2627 4222 Πλούτωνι
2655 4162 2837 4226 εἰπών.
2872 4177 2931 4222 Θ.

2049 4266 2145 4307 729.
2189 4246 2468 4325 ἡμιτύὸιον
2507 4269 2522 4309 2
2563 4249 2731 4331 [Ἀντί
2755 4256 2847 4309 τοῦ
2885 4250 3176 4335 σουδάριον·
3217 4251 3374 4337 ῥάκος
3407 4258 3537 4333 ἡμι-

1969 4332 2142 4413 τριὸὲς
2165 4336 2341 4395 λινοῦν
2368 4359 2449 4409 τι,
2484 4326 2589 4395 οἷον
2613 4339 2911 4417 ἐκμαγεῖον.
2941 4339 3034 4398 καὶ
3059 4342 3269 4424 Σαπφὼ
3299 4369 3323 4395 κ
3345 4341 3541 4420 ἡμιτύ-

1972 4420 2083 4479 6ιον
2105 4420 2436 4480 σταλάσσων.
2450 4421 2520 4494 »ἢ
2544 4422 2813 4507 δίκροσσον
2836 4424 3244 4509 φακιόλιον.]-
3259 4429 3540 4512 ἧμιφάριον

1970 4507 2006 4580 ἢ
2035 4508 2182 4589 παχὺ
2215 4508 2449 4588 ἱμάτιον,
2477 4508 2840 4594 ἢὴμιτριὸὲς,
2882 4511 2918 4585 ἢ
2944 4516 3159 4574 διπλοῦν
3185 4520 3479 4595 ἐκμαγεῖον,
3511 4516 3542 4578 δ
3566 4538 3616 4580 ιε

1971 4596 2243 4679 δίκροσσον
2271 4600 2507 4658 καλοῦσι.
2537 4598 2726 4681 κυρίως
2753 4600 2810 4660 δὲ
2839 4600 2895 4660 τὸ
2926 4602 3012 4661 ἐπὶ
3036 4605 3198 4685 στολῇ
3228 4612 3413 4686 νεκροῦ
3443 4606 3544 4688 ῥά·-

1971 4709 2077 4754 κος.
2189 4685 2306 4745 ἀντὶ
2333 4693 2424 4746 τοῦ
2456 4688 2728 4772 σουδάριον
2757 4687 2792 4761 ἢ
2831 4688 3102 4771 φακιόλιον
3142 4694 3393 4773 κροσσοὺς
3426 4695 3544 4775 ἔχον

1972 4772 2354 4856 ἀμφοτέρωθεν.
2369 4786 2430 4856 X:
2445 4772 2768 4855 ἡμιτύμὸιον
2785 4778 3121 4841 εΜαντίλιον.
3135 4794 3233 4842 Dv.
3247 4781 3527 4858 μανδύλιον

1975 4863 2107 4938 (Q),
2122 4862 2422 4937 μανδήλιον.
2435 4873 2528 4920 Br.
2559 4862 2845 4946 φακιόλιον.
2869 4866 2933 4925 Ρ.
2949 4864 3215 4947 συδάριον.
3233 4868 3409 4948 ῥάκος.
3423 4858 3552 4947 ’ἡμι-

1972 4949 2162 5030 τριὸές.
2187 4951 2358 5008 λινοῦν
2385 4974 2453 5008 τι.
2477 4948 2512 5022 ἢ
2544 4951 2832 5033 φακιόλιον,
2861 4952 3078 5034 κροσοὺς
3105 4954 3227 5035 ἔχον
3253 4956 3553 5038 ἀμφοτέρω-
3573 4986 3626 5024 w

1972 5042 2075 5097 θεν.
2101 5055 2159 5103 a.
2189 5036 2386 5115 τύμόος
2409 5041 2437 5097 6
2459 5038 2620 5122 τάφος
2647 5040 2918 5122 ὑπερέχων
2947 5044 3042 5113 τῆς
3066 5047 3162 5122 γῆς
3185 5042 3324 5103 κατὰ
3339 5044 3547 5107 κύκλον.
