3859 5725
1316 619 1755 830 PRAE
1801 616 2402 760 FATIO.

656 1452 1137 1525 scholiorum
1175 1461 1495 1518 veterum
1537 1446 1609 1516 in
1649 1446 2233 1544 Aristophanem,
2276 1471 2435 1543 quae
2465 1470 2615 1517 non
2653 1446 3074 1543 prostabant
3104 1438 3243 1516 nisi

564 1576 985 1646 multorum
1033 1571 1491 1642 voluminum
1547 1568 2100 1640 collectionibus
2148 1569 2388 1639 Beckii
2446 1569 2889 1665 Bekkerique
2942 1568 3243 1661 inclusa,

567 1688 1097 1796 parabiliorem
1162 1695 1432 1765 librum
1473 1694 1802 1764 emittere
1871 1694 2459 1796 decreveramuS,
2526 1719 2753 1790 quum
2792 1698 3247 1766 Gmmmmms

467 1886 478 1893 .
570 1827 1040 1892 Dmnonrms
1095 1816 1371 1911 magnis
1424 1817 1500 1885 in
1544 1814 1746 1885 bunc
1798 1817 2165 1887 comicum
2225 1816 2496 1887 meritis
2551 1816 2924 1909 cumulum
2968 1815 3251 1887 addidit

580 1943 1042 2014 scholiorum
1109 1938 1401 2010 illorum
1465 1936 1788 2009 editione
1857 1939 2102 2008 critica
2161 1952 2231 2008 et
2290 1939 2546 2009 ceteris
2614 1938 2959 2010 omnibus
3019 1937 3250 2008 multo

582 2064 1087 2161 locupletiore.
1150 2065 1214 2132 Is
1258 2062 1452 2131 enim
1496 2084 1645 2132 non
1699 2061 1938 2131 solum
1990 2061 2517 2132 vetustissimos
2569 2063 2898 2131 omnium
2946 2076 3015 2132 et
3072 2085 3250 2158 prae-

590 2187 1077 2258 stantissimos
1099 2182 1413 2271 codiceS,
1456 2185 1945 2254 Ravennatem
1965 2197 2036 2253 et
2056 2186 2438 2273 Venetum,
2479 2183 2724 2254 denuo
2756 2181 3252 2271 excutiendos,

593 2307 726 2379 sed
770 2308 950 2378 alios
1011 2330 1305 2402 quoque
1354 2329 1501 2376 non
1553 2329 1826 2401 paucos
1882 2328 2051 2375 cum
2103 2304 2383 2375 Aldinis
2432 2305 2727 2377 scholiis
2775 2303 3257 2376 conferendos

592 2430 921 2516 curavit,
982 2426 1278 2498 Suidam
1329 2426 1486 2497 haec
1544 2424 1817 2497 scholia
1863 2426 2175 2523 expilare
2228 2427 2521 2498 solitum
2576 2428 2988 2522 diligentius
3039 2451 3258 2523 quam

593 2550 820 2621 ceteri
855 2549 1218 2636 tractavit,
1265 2546 1625 2642 indagavit
1673 2549 2120 2620 novitiorum
2160 2548 2821 2621 additamentorum
2877 2551 3149 2622 sontem
3191 2562 3262 2617 et
3359 2574 3367 2585 ·

596 2673 920 2766 origines
950 2723 970 2757 ,
1028 2671 1276 2741 omnia
1324 2669 1641 2767 denique
1679 2695 1824 2741 suae
1858 2673 2124 2743 criseos
2160 2672 2321 2743 luce
2355 2687 2479 2743 aut
2532 2673 2911 2743 illustravit
2940 2686 3063 2743 aut
3100 2695 3259 2742 cor-

595 2791 813 2863 rexit.
875 2790 1293 2860 Putavimus
1353 2803 1595 2859 autem
1642 2787 1990 2863 demereri
2040 2787 2342 2863 lectores
2391 2807 2680 2862 nostros
2737 2793 2976 2889 ipsum
3025 2789 3268 2888 potius

599 2927 994 3010 sequentes
1041 2936 1260 3009 quam
1303 2926 1636 2983 nostrum
1677 2912 2206 3013 qualecumque
2249 2912 2604 3008 judicium
2634 2966 2654 3002 ,
2698 2936 3141 3010 quamquam
3189 2913 3262 2980 in

603 3037 842 3105 forma
904 3033 1347 3105 scholiorum
1407 3032 1734 3103 variabili
1795 3032 2024 3104 multa
2086 3059 2234 3105 non
2300 3034 2874 3132 improbabiliter
2931 3032 3267 3104 adornari

603 3171 949 3255 poterant
976 3158 1252 3234 ratione
1288 3157 1445 3227 alia.
1491 3155 1630 3227 Sed
1659 3181 2018 3253 perpauca
2055 3157 2277 3229 modo
2313 3157 2714 3228 secundum
2740 3159 3056 3255 optimos
3082 3181 3270 3253 quos

610 3280 930 3350 diximus
972 3277 1262 3348 codices
1301 3280 1761 3371 mutavimus.
1837 3283 1995 3350 Hoc
2041 3294 2275 3351 tamen
2312 3281 2688 3351 utilissime
2733 3280 3131 3351 instituisse
3169 3281 3270 3349 vi-

609 3400 916 3489 demur,
958 3415 1038 3470 ut
1073 3424 1231 3496 quae
1266 3399 1505 3471 absint
1539 3400 1632 3471 ab
1678 3401 1815 3500 illis
1859 3400 2239 3472 codicibus
2268 3456 2286 3492 ‚
2337 3403 2410 3471 in
2453 3404 2626 3499 ipsis
2670 3402 2963 3473 scholiis
3006 3400 3274 3496 signifi-

607 3533 771 3590 cata
817 3518 1218 3590 lectoribus
1249 3520 1404 3589 sine
1452 3519 1748 3615 ambage
1795 3520 2281 3590 indicaremus
2320 3547 2336 3589 ε
2380 3546 2547 3591 nam
2599 3546 2679 3592 ea
2725 3522 3149 3618 plerumque
3181 3520 3274 3591 ab

609 3641 1135 3713 recentissimis
1164 3643 1644 3736 grammaticis
1663 3621 1991 3739 'profecta
2028 3658 2196 3713 sunt
2224 3657 2293 3712 et
2312 3667 2440 3739 per
2471 3659 2787 3715 nostram
2826 3644 3272 3713 notationem

612 3766 859 3861 primo
895 3764 1281 3834 oculorum
1314 3762 1599 3834 obtuitu
1635 3779 2145 3857 agnoscuntur.

721 3891 806 3956 In
841 3884 1312 3956 adnotatione
1347 3884 1708 3956 Dindorfii
1751 3887 2200 3983 excerpenda
2242 3888 2342 3958 ita
2376 3890 2634 3958 versati
2672 3912 2957 3975 sumus,
2991 3902 3069 3958 ut
3107 3889 3280 3984 opti·

622 4033 917 4080 morum
948 4007 1304 4093 codicum,
1342 4009 1777 4078 Ravennatis
1818 4024 1887 4078 et
1922 4012 2204 4097 Veneti,
2249 4010 2635 4107 scripturas
2674 4014 2982 4109 integras
3016 4011 3278 4107 ‘reprae-

626 4145 1118 4215 sentaremuS‚
1159 4130 1607 4226 reliquorum
1641 4155 1866 4226 prope
1914 4134 2263 4230 integras,
2318 4132 2597 4203 Aldinae
2644 4147 2884 4204 autern
2921 4147 2992 4203 et
3027 4132 3279 4203 subse·

629 4253 1016 4352 quentium
1061 4251 1466 4323 editionum
1513 4277 1662 4323 non
1697 4254 1837 4323 nisi
1877 4255 2199 4351 potiores
2236 4255 2740 4326 indicaremus.
2793 4261 3281 4351 Quaecumque

628 4390 876 4446 autem
923 4398 964 4444 a
1003 4372 1414 4469 vulgaribus
1458 4372 1669 4445 editis
1695 4427 1715 4464 ,
1753 4374 1952 4446 nulla
1989 4375 2298 4446 indicata
2344 4377 2718 4466 varietate,
2767 4375 3130 4447 discedere
3176 4399 3283 4445 re·

631 4498 865 4595 periet
897 4496 1130 4576 lector
1155 4550 1178 4585 ,
1216 4520 1298 4568 ea
1333 4496 1671 4567 codicum
1708 4498 2042 4568 omnium
2070 4551 2090 4587 ,
2144 4514 2338 4569 certe
2371 4499 2816 4594 optimorum
2872 4497 3282 4568 indubitato

635 4643 995 4691 consensu
1024 4619 1262 4716 posita
1296 4644 1449 4689 esse
1484 4619 1748 4691 credat.
1794 4620 2203 4716 Adjecimus
2221 4648 2382 4719 quae
2414 4623 2800 4694 Dubnerus
2835 4649 2917 4694 ex
2950 4623 3284 4692 Parisinis

637 4740 1019 4812 codicibus
1084 4740 1917 4836 collegeratzvarietates
1969 4753 2554 4838 argumentorum
2617 4772 2700 4817 ex
2755 4745 3035 4842 optimo
3094 4743 3284 4816 libro

641 4888 834 4960 27¹²
878 4863 1069 4960 (sive
1115 4864 1557 4935 membranis
1600 4865 2027 4963 Brunckii);
2088 4867 2398 4971 plurima
2453 4868 2538 4940 ad
2578 4868 2814 4940 Nubes
2844 4921 2864 4956 ‚
2929 4873 3163 4939 Ranas
3215 4883 3286 4938 et

645 4985 936 5056 Plutum
993 5010 1076 5055 ex
1134 4984 1386 5057 codice
1439 4988 1617 5058 2821
1685 4987 1919 5059 saeculi
1961 4993 2113 5059 XIV
2161 4991 2669 5085 integerrimO,
2708 4990 2833 5062 sed
2889 4991 3283 5061 recentiora

833 5110 997 5170 sumt..
1025 5114 1273 5160 Aramum.
3058 5128 3093 5168 α
