3859 5725
1609 230 2010 299 ΒΑΝΑΒΠΜ.
3267 246 3383 297 5¹⁹

253 381 457 441 codex.
483 383 647 438 Hunc
672 386 972 437 accentum
1005 371 1055 429 si
1081 368 1355 448 probavit
1377 365 1741 426 Timachidas
1759 406 1774 434 ,

1860 367 2044 441 χωρεῖ.
2081 358 2175 420 καὶ
2203 358 2331 442 πρὸς
2372 357 2470 431 τὴν
2503 362 2600 437 γῆν
2632 358 2737 419 ἔσθ’
2760 358 2847 418 ὅτε
2880 357 3152 442 ἐκφέρεται
3180 360 3268 422 ἰπὶ
3296 387 3391 423 κυ-

252 466 616 530 scribendum
640 464 790 546 ὄρρον
809 465 881 528 ὣς
912 458 1089 543 ὅρμον.
1121 463 1304 517 Dmn.
1320 495 1386 511 -
1404 457 1476 524 34
1502 453 1777 532 ἔτοιμολο-
1858 448 2041 529 πείρου
2063 447 2156 507 καὶ
2190 446 2347 531 φλέω·
2363 448 2461 508 καὶ
2483 452 2589 508 τῶν
2624 446 2874 507 τοιούτων
2907 451 3139 527 βοτανῶν
3165 451 3391 533 ἑφαλλό-

252 566 419 639 γεῑται
441 560 538 630 V.,
560 574 678 612 non
703 559 776 613 G.
797 589 862 604 -·
881 550 953 607 35
974 547 1062 608 τὸν
1090 544 1243 627 ὄρρον
1289 545 1552 604 additum
1592 562 1666 602 ex
1700 546 1772 598 G.

329 647 464 706 228.
488 643 763 704 Scholion
789 639 1091 700 metricum
1116 655 1231 695 om.
1264 635 1440 694 etiam
1464 637 1535 696 Θ.
1559 637 1636 691 M.
1664 636 1779 689 Re-

254 736 378 814 gius
408 734 467 793 in
495 731 802 791 duodecim
842 728 991 787 κῶλα
1019 724 1387 804 dispescit.-
1412 742 1436 781 ι
1473 727 1627 782 τοῦτο
1658 739 1775 778 om.

253 829 322 883 R.
342 860 407 872 -
434 823 466 880 3
495 841 581 899 sq.
615 817 651 890 ἢ
693 819 796 897 οὐχ
834 814 973 875 οὕτω
1005 812 1087 873 ὅτι
1113 814 1188 875 R.
1220 810 1256 883 ἢ
1291 809 1374 871 ὅτι
1421 809 1539 890 οὗχὶ
1568 809 1645 887 (οὐ
1672 805 1778 883 Μ.)

254 917 338 970 Μ.
365 910 571 967 ΑΙά.-
600 917 631 977 4
663 903 891 986 ἡσυχίαν
935 902 1055 984 ἄγει
1093 908 1156 961 R.
1192 899 1331 961 κατὰ
1370 897 1597 979 ἡσυχίαν
1635 897 1785 975 ἀλγεῖ

257 1004 334 1058 Μ.
367 995 495 1056 Ald.
526 992 907 1074 καταχλευάζει
928 997 1018 1067 V.,
1045 990 1148 1071 qui
1173 987 1359 1056 αὖτοὺς
1379 1001 1442 1048 et
1465 986 1555 1047 καὶ
1589 1006 1703 1045 om.
1721 1023 1783 1038 -

258 1089 293 1145 6
325 1080 773 1167 περιεργαζόμεθα
801 1085 871 1144 V.

336 1176 473 1246 230,
501 1174 537 1230 8
566 1169 747 1243 ἐπειδὴ
791 1188 909 1229 om.
934 1174 1030 1242 V.,
1057 1167 1158 1246 qui
1190 1187 1228 1242 9
1257 1167 1398 1225 δοκεῖ
1425 1168 1453 1223 ὁ
1478 1167 1617 1226 Πᾶν.
1642 1165 1784 1241 αἰγι-

257 1260 416 1321 edm
443 1259 579 1319 libri
600 1271 813 1338 praeter
843 1263 914 1316 V.
937 1291 1004 1308 -
1028 1275 1097 1314 10
1125 1251 1483 1336 κερατοὸαλής
1506 1252 1708 1311 codex.
1723 1289 1789 1304 .-

263 1371 286 1409 ι
304 1371 327 1408 1
357 1348 446 1409 ἰπὶ
473 1347 543 1408 τὰ
568 1345 768 1429 κέρατα
792 1346 1001 1408 suidas
1025 1366 1074 1405 s.
1098 1342 1425 1425 Κεροὸάτης.
1451 1348 1591 1403 Post
1614 1343 1786 1423 ἀκρω·

255 1436 414 1520 τήρια
460 1437 649 1515 pergit
687 1442 788 1511 V.,
836 1433 1027 1501 ἄλλως.
1069 1430 1150 1494 ὅτι
1197 1434 1245 1492 οἱ
1287 1432 1632 1513 ἀρχαῖοι-ὧς
1667 1429 1806 1517 περὶ·

255 1525 417 1608 λύρας
443 1525 541 1605 (ex
559 1524 782 1583 scholio
807 1542 868 1581 v.
898 1524 1060 1598 231).
1088 1520 1273 1586 ἄλλως.
1295 1518 1586 1600 κεροὸάτας
1608 1515 1787 1589 ἐπειδὴ

259 1612 428 1694 χηλὰς
474 1611 617 1694 ἔχειν
663 1613 806 1677 δοκεῖ
846 1607 1063 1692 τράγου.
1114 1606 1193 1667 διὸ
1239 1615 1331 1665 καὶ
1374 1604 1664 1686 αἶγοὸάταν
1700 1603 1789 1664 καὶ

258 1699 635 1783 τραγοὸάμονα
677 1696 907 1777 λέγουσι.
937 1696 1166 1774 Δίδυμος
1200 1709 1314 1755 etc.
1349 1698 1521 1773 Reg.,
1545 1692 1581 1766 ἢ
1605 1696 1660 1753 ἐν
1684 1701 1789 1759 τοῖς

258 1787 473 1871 κέρασιν
502 1787 620 1860 ἤτοι
640 1794 751 1857 τοῖς
778 1784 955 1870 ἄκροις
982 1787 1088 1844 τῶν
1119 1785 1253 1867 ὀρῶν
1285 1782 1498 1863 βαίνων.
1517 1820 1582 1833 -
1605 1784 1676 1840 13
1699 1804 1792 1840 κε-

263 1876 469 1961 ράτινον
498 1882 568 1936 R.
595 1887 655 1935 et
678 1875 903 1935 Suidas.
923 1873 1063 1954 ἥπερ
1085 1877 1159 1933 V.
1199 1874 1360 1938 oen.
1378 1872 1663 1951 ἱστορεῖται
1689 1867 1792 1951 γὰρ

260 1964 484 2026 snidas.
504 2000 570 2015 -
594 1972 663 2033 14
695 1961 834 2042 ἔχειν
864 1962 994 2021 Ald.

343 2053 481 2127 231,
514 2053 692 2109 18-22
722 2048 855 2109 Ὀτι
882 2038 1129 2121 οἱ-ἦσαν
1175 2060 1309 2127 post
1346 2047 1602 2126 καλάμων
1645 2048 1683 2109 l.
1716 2051 1791 2107 23

264 2141 434 2220 ponit
463 2144 565 2212 R.,
598 2138 838 2218 praefixo
870 2136 1058 2204 ἄλλως.
1182 2158 1254 2214 19
1281 2134 1525 2213 καλάμου
1559 2134 1675 2195 ἀντὶ
1700 2139 1795 2194 τοῦ

263 2227 507 2311 κερατίου
533 2231 627 2300 V.,
651 2226 755 2305 qui
782 2245 901 2286 om.
936 2226 1184 2308 ἐχρῶντο.
1205 2226 1315 2285 Hic
1337 2223 1499 2283 addit
1523 2223 1653 2282 Ald.
1682 2225 1795 2284 Σο-

263 2311 711 2398 φοκλῆς-λύρας,
758 2334 882 2393 quae
912 2332 1032 2374 om.
1085 2318 1157 2372 R.
1190 2326 1249 2372 et
1291 2313 1529 2384 Suidas,
1557 2312 1708 2371 infra
1734 2311 1798 2371 in

265 2405 383 2464 alio
407 2404 628 2463 scholio
654 2403 894 2463 exhibet
916 2409 985 2463 V.
1011 2399 1048 2475 ἢ
1073 2422 1188 2461 om.
1217 2407 1288 2462 V.
1308 2415 1368 2461 et
1393 2402 1622 2462 Susidas·
1657 2400 1796 2481 ᾔδει-

264 2513 365 2550 σαν
386 2497 453 2550 V.
470 2489 663 2562 ἔδησαν
689 2497 757 2550 G.
767 2512 909 2549 -20
924 2489 1304 2573 ἀναφαίροντας
1318 2497 1419 2562 V.,
1441 2491 1545 2569 qui
1574 2510 1645 2548 2ι
1678 2509 1794 2549 om.

265 2584 353 2648 ὣς.
377 2582 450 2646 ὣς
475 2577 565 2637 καὶ
593 2583 685 2636 νῦν
713 2578 944 2638 Suidas.
982 2580 1044 2637 ἐκ
1071 2598 1185 2637 om.
1214 2584 1320 2650 V.,
1350 2580 1451 2657 qui
1482 2598 1556 2636 22
1579 2576 1641 2637 τὸ
1668 2579 1798 2637 παλ.

1863 560 2039 617 μενον.
2078 543 2293 598 Totum
2333 539 2525 596 locum
2572 558 2688 596 om.
2739 541 2808 594 V.
2850 542 3052 616 Neque
3090 541 3150 598 in
3197 540 3268 601 Θ.
3312 548 3391 600 Μ.

1860 628 2044 686 ullum
2085 640 2172 686 est
2221 626 2527 704 vestigium
2572 647 2772 685 versus
2809 647 2880 686 ex
2928 629 3237 688 Theocrito
3283 630 3393 688 ad-

1862 717 2064 793 scripti
2094 730 2153 775 et
2175 729 2604 794 postremorum
2647 717 2960 775 verborum
2987 722 3080 776 τοῦ
3101 715 3157 777 δὲ
3180 718 3396 790 ἡλίου-

1862 802 2239 886 ἐφαλλόμενον.
2281 843 2345 855 -
2383 806 2421 863 8
2477 802 2644 866 Φλίω
2688 810 2761 864 R.
2830 803 3166 888 Θεόφραστος
3187 852 3204 875 ,
3266 806 3397 866 vide

1863 893 2282 953 Schneiderum
2322 892 2437 953 vol.
2475 894 2529 966 5,
2561 913 2622 972 p.
2677 895 2952 970 537.-9
2983 893 3241 973 ποτάμιος
3282 916 3395 955 om.

1863 1038 1934 1093 R.
1960 1056 1976 1092 t
2009 1034 2187 1094 habet
2221 1035 2425 1095 Suidas
2450 1055 2496 1093 s,
2534 1034 2713 1095 Φλέω.
2754 990 3017 1114 ποταμίὲς
3019 1041 3101 1095 Μ.
3124 1073 3189 1085 -
3213 1039 3281 1095 ι3
3308 1060 3401 1095 κυ-

1863 1122 2044 1203 πειρὸν
2069 1124 2163 1183 hic
2193 1137 2253 1182 et
2277 1125 2430 1184 infra
2452 1129 2522 1183 V.
2545 1123 2862 1184 Annotatio
2887 1125 3085 1203 inepta
3109 1145 3399 1203 gramma-

1869 1210 1967 1268 tici
1991 1208 2160 1291 φλέως
2196 1225 2255 1270 et
2278 1209 2493 1293 φελλεύς
2523 1210 2950 1272 confundentis.
2977 1212 3199 1271 Deinde
3226 1233 3400 1273 mon-

1865 1300 1985 1356 'tem
2017 1298 2232 1359 Φελλέα
2261 1301 2433 1372 dicit,
2473 1301 2546 1359 de
2574 1319 2692 1378 quo
2730 1320 2786 1358 v.
2818 1299 3020 1378 steph.
3052 1304 3190 1378 Byz.
3219 1307 3398 1361 Dinn.

1865 1429 1933 1443 ...
1959 1392 2029 1449 16
2054 1390 2175 1473 περὶ
2193 1399 2262 1452 G.

1952 1491 2068 1557 246
2093 1489 2155 1547 iu
2180 1491 2478 1568 principio
2507 1490 2713 1549 scholii
2751 1509 2803 1548 v.
2841 1498 2957 1557 240
2982 1490 3150 1567 ponit
3178 1494 3248 1549 V.
3266 1533 3281 1561 ‚
3303 1496 3404 1570 qui

1874 1595 1949 1634 20
1990 1577 2141 1650 ἥλιον
2181 1575 2264 1649 δὲ,
2309 1598 2383 1636 22
2424 1576 2514 1636 ἐπὶ
2548 1580 2679 1637 τῶν.
2720 1577 2995 1658 χειμάρων
3039 1583 3112 1638 G.
3147 1583 3405 1658 ποταμῶν

1869 1666 1975 1724 τῶν
2020 1664 2401 1748 πληρουμένων
2439 1668 2499 1726 ἐκ
2535 1670 2642 1727 τῶν
2673 1669 2837 1727 ὑετῶν
2881 1664 3024 1733 ὅπως
3062 1665 3139 1744 μὴ
3172 1670 3410 1751 παρασύ-

1873 1773 2070 1833 ρωνται
2096 1759 2167 1814 V.
2190 1760 2338 1814 Tum
2362 1757 2556 1834 pergit
2575 1753 2766 1823 ἄλλως.
2791 1753 2875 1815 ὅτι
2896 1768 3005 1816 etc.

1956 1858 2095 1925 247,
2134 1861 2203 1920 24
2223 1850 2482 1934 Ἔνυδρον
2502 1849 2559 1911 δὲ
2595 1852 2651 1911 ἐν
2677 1855 2819 1935 βυθῷ
2841 1851 3078 1934 χορείαν,
3103 1850 3184 1913 ὅτι
3218 1858 3318 1914 οὐκ
3341 1854 3405 1914 ἂν

1874 1935 2086 1997 δύναιτο
2105 1937 2422 2021 φθέγξασθαι
2442 1937 2582 1999 κατὰ
2607 1938 2782 2019 βυθὸν,
2807 1941 2925 2000 ἀλλ’
2942 1939 3053 2001 ἄνω
3070 1944 3409 2026 κεκράγασιν.

1873 2026 2067 2093 ἄλλως.
2095 2029 2193 2099 τὴν
2222 2032 2309 2100 V.,
2336 2029 2439 2106 qui
2464 2027 2576 2088 ἄνω
2592 2026 2866 2110 κε’κραγεν.
2893 2032 3083 2091 Ceteri
3105 2032 3408 2116 ἀνέκραγεν.

1874 2150 1940 2162 -
1956 2116 2033 2172 26
2056 2112 2264 2194 εἴρηται
2290 2116 2416 2174 Ald.

1960 2211 2075 2279 249
2103 2208 2174 2262 R.
2198 2201 2376 2261 habet
2401 2201 2736 2283 πομφόλυγες
2767 2207 2823 2264 αἱ
2844 2207 3254 2287 φλυκταινώδεις
3273 2210 3412 2270 δῖναι

1877 2288 1984 2348 ἀπὸ
2006 2294 2101 2348 τοῦ
2129 2288 2443 2371 παφλάζειν.
2473 2289 2681 2350 Verbis
2702 2289 2739 2364 ἢ
2765 2288 2848 2351 ὅτι
2876 2294 3000 2372 (sic)
3031 2297 3139 2355 τῶν
3171 2294 3225 2366 ἐξ
3261 2299 3412 2357 ὑετοῦ

1876 2400 2058 2436 -τινα
2102 2379 2285 2437 32-35
2329 2378 2628 2457 praemittit
2657 2384 2800 2459 neg.
2828 2381 3174 2464 πομφόλυγας
3209 2386 3418 2466 παφλά-

1879 2488 2061 2543 σματα
2099 2467 2148 2525 οἱ
2184 2464 2404 2527 παλαιοὶ
2434 2466 2598 2549 φασὶ,
2626 2466 2725 2536 τὰς
2763 2471 2824 2528 ἐκ
2863 2474 2959 2530 τοῦ
3001 2476 3160 2551 βυθοῦ
3185 2476 3292 2532 τῶν
3322 2478 3417 2554 βα-

1877 2553 2093 2635 τράχων
2121 2552 2398 2633 ἀνιεμένας
2435 2555 2638 2637 φωνάς·
2676 2557 2941 2639 παφλάζει
2968 2557 3069 2641 γὰρ
3106 2560 3196 2619 καὶ
3225 2560 3419 2644 ἀναφέ-

265 2668 387 2748 γὰρ.
412 2674 644 2748 νευρῖναι
666 2666 738 2725 Θ.
764 2661 967 2735 Ἄλλως
1003 2686 1120 2724 om.
1153 2672 1222 2727 R.
1254 2665 1390 2725 Ald.
1426 2664 1607 2738 ἐπειδὴ
1652 2672 1735 2725 Μ.
1764 2664 1800 2737 ἢ
1883 2665 2030 2723 θεταῑ
2055 2639 2174 2702 τότε
2196 2643 2257 2704 τὸ
2283 2642 2423 2727 ὕδωρ
2443 2652 2558 2713 ταῖς
2575 2643 2775 2705 τούτων
2798 2654 3014 2727 φωναῖς)
3037 2649 3110 2715 ὣς
3133 2647 3236 2708 ὑπὸ
3257 2650 3421 2732 πυρὸς

268 2755 386 2818 ἐπεὶ
413 2757 547 2817 Ald.
574 2753 666 2814 καὶ
689 2751 795 2835 γὰρ
818 2756 1131 2836 ἐπισυριγγῆ
1159 2753 1213 2814 δὲ
1254 2758 1284 2814 ὀ
1325 2757 1446 2814 Πᾶν
1472 2760 1547 2813 V.
1576 2753 1663 2814 ἐπὶ
1701 2753 1802 2814 σύ-
1880 2731 1943 2792 τὸ
1970 2730 2108 2814 ὕδωρ
2131 2730 2193 2792 τὸ
2213 2735 2268 2793 3⁹
2295 2739 2374 2816 τῷ
2396 2733 2585 2808 Mem.
2602 2757 2615 2772 ⁶
2640 2734 2676 2807 ἢ
2705 2733 2786 2795 ὅτι
2807 2749 2918 2796 θῑθ·

271 2869 411 2927 ριγγι
430 2834 553 2918 ἧδεν
583 2845 612 2902 ὁ
641 2844 760 2904 Πᾶν
788 2847 860 2903 G.
883 2881 948 2895 -
969 2844 1040 2901 23
1072 2841 1188 2915 ἥτις
1205 2833 1270 2915 ἦν
1299 2847 1371 2902 V.
1392 2842 1534 2902 ἐστὶν
1563 2864 1677 2903 om.
1710 2848 1796 2903 M.

1966 2823 2075 2882 251
2092 2868 2111 2882 .
2133 2823 2367 2885 Scholia
2392 2825 2632 2884 metrica
2660 2824 2755 2883 hic
2779 2835 2838 2884 et
2865 2845 2922 2886 v.
2951 2825 3063 2899 257
3087 2846 3202 2886 om.
3230 2827 3304 2887 Θ.
3334 2830 3418 2886 Μ.

268 2940 410 2994 Post
452 2930 709 3009 καλάμων
751 2933 941 3009 pergit
977 2933 1047 2992 Θ,
1076 2930 1264 2999 ἄλλως,
1313 2930 1367 3000 ἐξ
1399 2923 1458 2989 οὗ
1494 2938 1530 3005 ἡ
1560 2930 1807 3014 ⁶⁶9²·{5-
1884 2948 1947 2960 —
1968 2914 2043 2981 46
2065 2911 2129 2971 τὸ
2152 2913 2322 2992 λέγειν
2351 2911 2479 2995 φησὶ
2516 2918 2594 3014 Μἶ
2630 2913 2693 2973 τὸ
2732 2912 2789 2973 δὲ
2823 2911 2941 2985 ἑξῆς
2979 2912 3044 2972 τὸ
3072 2913 3245 2992 λέγειν
3284 2915 3418 2975 Ald.

269 3027 496 3103 νευρῖναι
541 3009 698 3088 ἦσαν.
753 3022 836 3075 Μ.
870 3029 1098 3092 autem,
1135 3017 1171 3090 ἢ
1202 3015 1256 3085 ἐξ
1283 3009 1344 3077 οὗ
1369 3017 1576 3099 σύριγξ·
1607 3022 1655 3079 οἱ
1701 3017 1805 3098 γὰρ
1883 2998 2206 3079 ’τὸ-ἔμαθον
2235 3022 2351 3061 0¹1¹·
2378 3003 2476 3075 Θυ
2495 3021 2599 3079 qm
2625 3002 2804 3060 schol·
2831 3004 2945 3061 252
2970 2999 3163 3076 habet,
3187 3023 3308 3063 non
3336 3010 3419 3065 Μ.

271 3110 486 3189 ἀρχαῖοι
507 3102 733 3185 καλάμῳ
760 3106 994 3185 ἐχρῶντο
1017 3105 1134 3163 ἀντὶ
1158 3104 1393 3186 κέρατος.
1413 3145 1476 3157 -
1497 3117 1568 3176 24
1597 3112 1632 3181 ἡ
1656 3103 1806 3186 χώδη

274 3192 474 3252 codex.
502 3190 729 3250 Deinde
765 3191 1137 3250 scribendum
1172 3192 1402 3254 videtur
1438 3192 1474 3264 ἢ
1516 3192 1649 3253 διότι
1683 3194 1807 3254 ἀπὸ.
1887 3186 2087 3249 Verba
2135 3186 2170 3244 l.
2214 3187 2254 3244 6
2295 3206 2380 3264 sq.
2423 3185 2852 3247 διαλελοίπασι-
2875 3185 2949 3246 ad
2980 3208 3034 3246 v.
3066 3190 3181 3247 268
3209 3193 3423 3252 iterum
3525 3239 3540 3252 .

1971 3099 2106 3171 257,
2133 3100 2165 3156 3
2191 3119 2315 3177 sqq.
2350 3103 2588 3176 Spectat
2620 3099 2741 3158 haec
2764 3100 3066 3159 annotatio
3086 3100 3163 3160 ad
3203 3123 3258 3161 v.
3283 3104 3419 3162 268.

273 3287 458 3340 Dum.
485 3316 545 3329 -·
564 3279 638 3337 25
662 3275 821 3357 κέρας
845 3279 1050 3340 codex.
1072 3318 1139 3331 —
1167 3300 1240 3353 27
1272 3281 1645 3361 Αίχμαλωτίσι
1671 3283 1802 3343 ΑΙά.
1889 3276 2166 3355 ponitV.‚
2190 3274 2584 3334 διαλελοίπασιν
2612 3274 2702 3334 καὶ
2729 3274 2882 3356 χορὸς
2919 3277 3148 3357 ἐγεγόνει
3181 3277 3425 3358 λέγοντος

277 3365 640 3447 αἰχμαλώτοις
665 3371 736 3424 V.
766 3388 860 3425 σου
888 3367 1019 3427 Ald.
1059 3380 1119 3426 ct
1153 3368 1359 3428 Pollux
1390 3380 1446 3442 4,
1489 3370 1584 3428 62.
1622 3393 1707 3429 σοι
1739 3375 1806 3430 V.
1887 3369 2046 3424 τοῦτο
2100 3366 2194 3423 τοῦ
2228 3360 2503 3424 Διονύσου.
2544 3363 3035 3444 Parachoregema
3080 3367 3142 3426 in
3183 3369 3425 3429 chorum

275 3456 526 3515 Restitui
547 3455 661 3530 σοῦ,
681 3452 745 3513 id
773 3467 861 3513 est
887 3477 971 3514 σοι
1007 3459 1073 3514 ὁε
1102 3456 1427 3534 cujusmodi
1467 3470 1555 3515 est
1599 3460 1702 3536 μοῦ
1738 3479 1812 3518 ex

278 3567 370 3625 μοι
414 3547 444 3602 ὁ
486 3555 876 3616 contractum,
924 3543 997 3602 de
1031 3563 1150 3622 quo
1182 3544 1305 3603 dixi
1345 3545 1405 3603 in
1437 3547 1813 3606 annotatione

276 3634 351 3693 ad
373 3638 548 3712 Vesp.
573 3653 711 3710 902.
731 3638 912 3693 Dum.
929 3670 993 3683 —
1012 3635 1087 3692 28
1106 3633 1333 3716 ὡσπερεὶ
1352 3635 1574 3694 Pollux.
1595 3637 1667 3703 ὡς
1692 3636 1810 3719 περὶ

277 3729 351 3785 V.
372 3720 555 3803 ὥσπερ
582 3722 718 3781 ΔΜ.
747 3760 805 3771 -
827 3722 1013 3781 30-32
1053 3742 1169 3781 om.
1195 3724 1369 3782 etiam
1397 3725 1468 3784 Θ.
1497 3726 1574 3785 Μ.

361 3811 497 3882 236,
526 3810 596 3881 37
618 3807 1007 3889 λείπει-χερσί
1030 3830 1146 3870 om.
1171 3815 1259 3886 V.,
1285 3812 1384 3889 qui
1410 3813 1484 3888 39
1513 3811 1724 3885 ἐνόησεν
1743 3819 1809 3874 V.

362 3907 435 3966 24
451 3918 496 3954 1.
526 3896 798 3955 Scholion
824 3899 1128 3972 metricum
1152 3919 1270 3958 om.
1297 3901 1471 3959 etiam
1496 3900 1567 3961 Θ.
1595 3906 1680 3961 Μ.
1705 3908 1813 3964 Re·

280 3988 413 4066 gius
443 3985 721 4044 tredecim
751 3987 899 4045 κῶλα
930 3987 1083 4045 facit.
1105 4025 1166 4038 -
1190 4009 1211 4044 1
1246 3987 1405 4059 οὔσης
1442 3990 1700 4050 additum
1742 4012 1815 4051 ex

283 4075 508 4134 scholio
534 4073 768 4147 Aldine,
792 4074 948 4151 quod
976 4074 1103 4133 vide
1129 4076 1201 4134 ad
1226 4096 1275 4134 v.
1304 4085 1439 4146 244.

365 4163 479 4231 243
518 4165 589 4221 R.
612 4160 784 4220 habet
825 4162 1039 4239 glossas
1064 4162 1453 4243 ἕσκιρτήσαμεν
1486 4177 1543 4223 et
1565 4155 1698 4234 εἶδος
1720 4171 1816 4247 βο-

284 4245 463 4319 τάνης.

367 4342 507 4410 244,
535 4335 690 4392 8-ι2
731 4334 815 4394 sic
850 4336 910 4394 in
954 4336 1098 4410 Ald„
1123 4335 1293 4420 φλέως
1321 4339 1594 4418 λοχμῶδες
1628 4340 1818 4423 φυτὸν,

284 4413 348 4482 οὗ
386 4419 701 4501 μνημονεύει
741 4421 1095 4504 Θεόφραστος.
1137 4423 1399 4506 πρόδηλον
1441 4425 1521 4485 ὅτι
1565 4428 1821 4510 ποτάμιός

286 4514 401 4571 ἐστι
422 4509 640 4591 βοτάνη,
661 4512 732 4577 ὣς
762 4507 1036 4589 βούτομον.
1056 4512 1137 4572 διὸ
1161 4513 1249 4572 καὶ
1273 4512 1363 4573 τὸν
1392 4514 1636 4598 κύπειρον
1656 4542 1822 4601 προσ-

287 4594 495 4673 ίθηκεν,
514 4600 586 4666 ὣς
614 4596 707 4656 καὶ
729 4596 1012 4679 Θεόκριτος
1028 4621 1043 4636 ·

446 4694 573 4744 ἔνθεν
593 4695 822 4760 βούτομον
845 4696 950 4758 ὀξὺ,
970 4697 1116 4761 βαθὺν
1132 4697 1175 4746 δ’
1193 4697 1416 4761 &dumo
1438 4716 1655 4767 κύπειρον

293 4771 564 4852 μέμνηται
586 4775 744 4834 αὐτοῦ
771 4775 860 4834 καὶ
881 4778 934 4834 ἐν
959 4773 1293 4860 Ἀμφιαράῳ·
1769 4767 1776 4776 ⁸

445 4869 586 4919 πόθεν
604 4871 863 4937 ἄν’λάδοιμι
886 4874 1045 4937 βύσμα
1065 4879 1134 4938 τῷ
1155 4881 1357 4941 πρωκτῷ
1379 4877 1545 4941 φλὲωνς

291 4952 389 5008 τοῦ
413 4947 471 5007 δὲ
491 4948 645 5019 ἡλίου
667 4950 968 5030 λάμποντος
987 4952 1078 5013 καὶ
1106 4958 1412 5033 θαυμαστῆς
1434 4958 1592 5031 οὔσης
1624 4958 1827 5041 αἰθρίας

290 5033 358 5095 τὸ
377 5037 496 5113 τῶν,
508 5036 788 5118 βατράχων
807 5040 952 5117 γένος
970 5041 1079 5100 ἄνω
1096 5041 1186 5100 καὶ
1209 5042 1357 5103 κάτω
1377 5045 1506 5124 πρὸς
1527 5043 1618 5114 τὰς
1637 5046 1826 5125 λίμνας

1893 3454 2104 3514 mutari
2129 3452 2271 3513 dicit
2304 3452 2630 3512 scholiasta.
2654 3457 2906 3514 Duum-
2930 3457 2966 3515 6
2988 3454 3171 3535 γέγονε
3194 3464 3277 3518 Μ.
3303 3496 3365 3509 -
3390 3481 3422 3533 7

1892 3540 2142 3608 Διόνυσος
2169 3539 2339 3620 λέγων
2369 3540 2501 3601 libri
2538 3556 2753 3623 praeter
2780 3548 2848 3603 R.

1976 3633 2113 3703 260,
2142 3653 2180 3709 9
2204 3630 2421 3690 δύναται
2456 3637 2527 3691 R.
2565 3629 2688 3692 ὅσον
2728 3632 2946 3705 δύνηται
2986 3640 3056 3693 G.
3105 3636 3319 3719 ἐξισχύῃ
3360 3645 3426 3695 G.

1895 3718 2126 3801 ἐξισχύει
2147 3724 2218 3778 V.
2241 3716 2508 3799 ἔξισχύσει
2530 3724 2599 3779 R.

1977 3811 2113 3869 263.
2140 3808 2373 3867 Scholia
2397 3811 2639 3868 metrica
2662 3809 2757 3870 hic
2795 3819 2853 3869 et
2882 3832 2939 3872 v.
2970 3814 3084 3890 269
3107 3833 3219 3872 om.
3246 3816 3318 3875 Θ.
3346 3821 3422 3875 Μ.

1978 3896 2113 3970 268,
2148 3917 2219 3974 19
2241 3899 2484 3958 σιωπῶσι
2504 3895 2686 3957 λοιπὸν
2710 3899 2759 3956 οἱ
2778 3899 2910 3958 ΔΙά.

1980 3986 2125 4061 269,
2162 3994 2236 4047 24
2276 3991 2418 4063 Reg.
2462 3984 2572 4063 μξ’,
2611 3987 2774 4065 quod
2808 3992 3024 4049 recenti
3049 4010 3223 4049 manu
3252 3992 3309 4049 in
3341 4015 3416 4067 μη

1899 4085 2201 4131 mutatum.
2224 4108 2285 4120 -
2306 4092 2380 4149 29
2417 4077 2557 4132 παῦε
2577 4079 2660 4133 Μ.
2686 4075 3000 4156 παραὸαλοῦ
3037 4076 3094 4136 δὲ
3123 4076 3292 4136 idem.
3320 4101 3431 4136 πα-

1900 4160 2193 4242 ραὸαλοῧσι
2217 4164 2284 4220 V.
2310 4161 2384 4220 Θ.
2409 4161 2819 4244 παραὸάλλουσι
2847 4169 2920 4224 R.
2949 4163 3208 4246 πλοιαρίῳ
3232 4173 3304 4225 G.

1982 4268 2120 4322 270,
2149 4249 2221 4305 35
2247 4244 2330 4305 ὅτι
2356 4269 2473 4309 om.
2501 4254 2608 4323 M„
2630 4252 2733 4328 qui
2777 4253 2851 4310 36
2875 4253 3161 4334 ἀρσενικῶς
3185 4276 3316 4336 φησι
3341 4253 3432 4313 καὶ

1898 4336 2018 4416 οὐχὶ
2045 4334 2109 4395 τὸ
2125 4336 2335 4396 ναῦλον.
2361 4335 2451 4396 καὶ
2477 4336 2629 4419 παρὰ
2661 4347 2771 4406 τοῖς
2810 4338 3266 4422 μεταγενεστέροις
3302 4347 3430 4418 ἡμῖν

1898 4430 1934 4499 ἡ
1964 4426 2153 4491 ναῦλος
2175 4427 2270 4495 τ’ἤς
2294 4423 2439 4491 νεώς.
2462 4431 2537 4484 V.
2570 4426 2702 4487 Ald.
2729 4427 2847 4486 ἀλλ’
2872 4427 3092 4508 οὗχὶ.-
3110 4429 3181 4500 37
3215 4426 3327 4488 ἔστι
3358 4434 3428 4488 R.

1900 4516 1970 4575 Θ.
1993 4512 2075 4572 ὅτι
2102 4512 2233 4572 Ald.
2250 4512 2498 4572 «Addidi
2520 4515 2764 4574 alterum
2785 4519 2821 4586 ἡ
2841 4517 3047 4587 ναῦλος,
3063 4516 3222 4594 quod
3244 4517 3436 4577 Suidae

1902 4619 2137 4681 quoque
2199 4601 2620 4660 restituendum
2680 4622 2726 4659 s.
2789 4603 3016 4668 Ναῦλος.
3074 4608 3178 4662 Est
3235 4624 3436 4663 versus

1903 4702 2092 4769 poetae
2128 4689 2334 4766 ignoti.
2361 4714 2387 4742 ιι
2424 4694 2607 4748 Dum.
2637 4726 2698 4739 —
2721 4691 2796 4767 39
2815 4690 2902 4749 διὰ
2922 4689 3013 4750 δύο
3045 4691 3111 4751 R.
3154 4694 3346 4753 Ceteri
3381 4694 3436 4753 ἐν

1903 4786 2011 4846 τοῖς
2044 4776 2154 4836 δύο.
2177 4817 2240 4829 -
2264 4788 2338 4847 40
2379 4775 2593 4856 λέγεται
2629 4779 2718 4837 καὶ
2759 4777 2897 4838 οὕτω
2933 4781 3155 4840 ναῦλλον
3184 4785 3333 4841 R.—
3359 4790 3431 4852 41

1903 4865 2064 4952 ᾍδου
2083 4863 2187 4948 γὰρ
2221 4872 2282 4924 V.

1989 4956 2123 5024 280,
2168 4963 2199 5022 4
2235 4953 2491 5015 ἀλλὀιῐι.
2526 4961 2597 5016 R.

1989 5046 2125 5116 282,
2156 5064 2187 5114 7
2220 5042 2349 5123 πρὸς
2366 5043 2432 5102 τὰ
2455 5046 2584 5106 Ald.
2610 5045 2878 5107 Scholion
2914 5066 3027 5106 om.
3060 5053 3129 5108 R.
