3859 5725
312 250 420 301 144

305 373 365 430 ἐκ
392 372 485 428 τοῦ
502 364 679 448 ὀρνέου
705 366 800 434 τῆς
815 358 1020 432 κίττης,
1044 355 1173 438 ὅπερ
1198 357 1580 432 ἐπιθυμητικῶς
1613 352 1733 434 ἔχον
1753 355 1858 411 τῶν

1455 222 1831 285 SCflOLlA
1882 223 1970 282 ΙΝ
2015 223 2360 285 VESPAS.

2033 371 2127 412 370.
2174 352 2368 432 (ἔπαγε
2394 353 2490 428 τὴν
2517 355 2703 435 γνάθον
2729 378 2744 419 :
2786 359 2922 422 ’Λντὶ
2955 367 3048 422 τοῦ
3074 363 3203 424 δάκε
3235 369 3303 447 τῇ
3337 367 3513 452 γνάθῳ

306 453 606 538 ἀκροδρύων
623 449 825 531 ταχέως
854 445 1274 526 δυσαρεστεῖται,
1298 443 1351 512 ἐξ
1395 433 1466 500 ῶν
1497 443 1541 501 δ’
1576 440 1640 500 ἃν
1676 439 1863 511 ἐσθίοι,
1952 435 2012 496 τὸ
2037 438 2260 501 δίκτυον.
2351 445 2455 511 τοῖς
2475 444 2697 515 δικτύοις
2714 446 2880 529 ἔπαγε
2896 450 2992 524 τὴν
3015 452 3203 531 γνάθον
3222 454 3315 514 καὶ
3334 457 3511 518 διάκο-

304 545 396 605 καὶ
422 543 582 602 πάλιν
613 538 803 620 ἑτέρων
833 538 1104 612 ἐπιθυμεῖ,
1145 531 1236 591 καὶ
1276 529 1593 609 μεταὸάσεις
1638 530 1866 588 ποιεῖται
1952 528 2050 606 ψον
2079 529 2261 608 αὐτά.)

306 635 377 700 εἷς
389 630 608 690 ἕκαστον
631 630 735 686 τῶν
764 625 1006 705 δένδρων.

253 737 279 777 3
386 716 471 777 διὰ
486 720 589 775 τῶν
618 712 840 774 σανίδων
881 731 897 771 z
930 712 1055 770 Τῶν
1093 705 1399 789 δρυφάκτων
1439 709 1543 765 τῶν
1576 703 1864 764 ταὸλωτῶν

303 813 395 867 τοῦ
419 799 780 882 δικαστηρίου,
813 795 900 856 ἵνα
927 798 1057 877 λέγῃ
1089 797 1326 873 ἐπιθυμῶ
1358 795 1412 853 ἐν
1438 797 1514 875 τῷ
1545 789 1866 873 δικαστηρίῳ

306 895 487 954 ἐλθεῖν.
518 890 554 963 ἢ
580 891 803 950 σανίδων
831 885 961 968 φησὶ
998 888 1103 943 τῶν
1129 886 1484 964 περιεχουσῶν
1532 879 1599 940 τὰ
1630 879 1865 957 ὀνόματα

183 984 193 997 ’
305 985 408 1040 τῶν
435 973 894 1057 εἷσαχθησομένων
919 975 992 1040 εἰς
1016 970 1078 1030 τὸ
1109 969 1464 1050 δικαστήριον,
1507 971 1657 1029 ποῖον
1693 966 1868 1039 δεήσει

304 1072 510 1150 πρῶτον
534 1068 844 1144 εἰσαχθῆναι
871 1060 962 1120 καὶ
986 1056 1125 1118 κατὰ
1150 1056 1336 1135 τάξιν.)

231 1171 280 1211 10
383 1175 480 1216 351.
512 1152 605 1212 ’ὅτι
631 1152 693 1211 τὸ
712 1148 1003 1209 παλλάδιον
1029 1147 1093 1206 δι’
1117 1144 1398 1228 ὑδρορρόας
1413 1145 1649 1215 εἰσῆλθον
1674 1143 1721 1202 οἱ
1744 1139 1867 1222 περὶ

303 1243 393 1303 τὸν
419 1239 704 1303 Ὀδυσσέα.
730 1250 791 1297 Β.

382 1350 480 1391 353.
525 1329 632 1388 οὐδ’
670 1329 716 1386 εἶ
746 1324 922 1406 σέρφῳ
948 1343 964 1384 :
993 1321 1140 1401 (Ότι
1174 1322 1229 1380 ἐν
1261 1318 1472 1401 Ὄρνισι
1506 1318 1605 1398 [82]
1639 1316 1775 1387 τινὲς
1807 1313 1868 1375 τὸ

306 1446 331 1474 α
356 1419 492 1478 εὕδει
537 1412 858 1496 καταφαγὼν
890 1410 1064 1493 μύρτα
1092 1409 1185 1468 καὶ
1229 1407 1446 1489 σέρφους
1494 1433 1519 1460 n
1563 1405 1867 1483 ἐξηγοῦνται

304 1505 504 1590 καρπὸν
530 1504 618 1564 τὸν
648 1501 856 1583 σέρφον.
880 1500 991 1559 ἔστι
1011 1496 1067 1558 δὲ
1091 1495 1317 1579 θηρίδιόν
1343 1519 1395 1554 τι
1418 1492 1621 1577 μικρόν.
1652 1492 1869 1574 Κράτης

230 1614 281 1653 15
305 1594 360 1654 δὲ
391 1593 462 1673 μύ
499 1614 646 1671 μηκα
664 1588 794 1672 φησὶ
808 1588 897 1648 τὸν
914 1586 1119 1669 σέρφον.
1139 1589 1187 1645 οἱ
1211 1583 1266 1644 δὲ
1285 1577 1506 1665 ζωύφιον
1524 1581 1867 1653 κωνωπῶδες,

304 1685 376 1764 ἀφ
415 1704 443 1740 ο
502 1685 537 1752 ἡ
565 1675 822 1760 παροιμία

489 1820 637 1870 ἔνεστι
658 1818 747 1867 κάν
761 1816 965 1881 μύρμηκι
980 1813 1068 1863 κᾶν
1091 1812 1247 1877 σέρφῳ
1264 1811 1402 1875 χολή·

302 1945 655 2025 παρεγγυῶσα
676 1938 812 2018 μηδὲ
824 1943 928 1997 τῶν
944 1939 1144 2019 μικρῶν
1163 1935 1545 2016 καταφρονεῖν.)
1567 1968 1636 1978 -
1652 1931 1829 2015 σέρφῳ
1851 1950 1867 1994 t

303 2030 562 2113 παροιμία
588 2054 612 2081 α
637 2025 755 2086 οὐδὲ
787 2025 1025 2107 μύρμηκι
1051 2021 1167 2090 ὁδός
1185 2024 1316 2084 ἐστι.
1348 2051 1373 2075 ι»
1398 2035 1461 2084 Β.

225 2145 280 2185 20
384 2138 482 2179 353.
529 2115 703 2194 (ὀπίαν
727 2114 772 2172 δ’
800 2117 892 2172 οὐκ
930 2111 1042 2171 ἔστι
1071 2129 1086 2172 :
1127 2108 1291 2190 Παρὰ
1311 2109 1407 2182 τὴν
1436 2108 1572 2182 ὀπὴν
1596 2108 1658 2168 τὸ
1681 2109 1866 2186 ὄνομα.

304 2207 396 2267 καὶ
426 2205 581 2287 τυρὸν
607 2202 663 2263 δὲ
677 2201 889 2281 λέγουσι
912 2199 1068 2259 ὀπίαν
1096 2197 1185 2257 τὸν
1213 2202 1290 2279 τῷ
1312 2199 1426 2280 ὀπῷ
1446 2202 1540 2269 τῆς
1567 2200 1733 2270 συκῆς
1754 2219 1869 2270 πη-

366 2295 398 2354 ύ
499 2317 574 2354 ον.

250 2426 279 2444 ..
303 2320 365 2376 γν
384 2318 496 2444 ἑξεῖ
525 2295 817 2461 (ιίέμνησαι
832 2377 943 2450 δῆθ’
966 2397 981 2437 :
1011 2373 1439 2453 Ὑπομιμνήσκει
1463 2373 1619 2435 αὐτὸν
1638 2375 1871 2443 παλαιᾶς

304 2469 541 2554 πράξεως
567 2467 815 2545 τόλμαν.)
1862 2500 1867 2505 ·

226 2588 278 2627 2⁶
384 2578 481 2619 355.
512 2555 615 2636 (ὅτε
644 2553 813 2623 Νάξος
834 2552 976 2611 ἑάλω
996 2573 1011 2612 :
1028 2550 1145 2624 Τὴν
1165 2549 1338 2620 Νάξον
1362 2548 1704 2634 ἕπιτετήρηκε
1740 2550 1872 2633 πρὸς

304 2647 391 2707 τὸν
414 2645 649 2727 γέροντα.
689 2642 830 2701 ἑάλω
853 2639 954 2722 γὰρ
977 2638 1067 2699 ἐπὶ
1090 2637 1499 2721 Πεισιστράτου.
1530 2645 1623 2699 τοῦ
1647 2637 1701 2699 δὲ
1728 2639 1870 2699 ἑάλω

306 2733 590 2795 ἕκτείνουσι
612 2731 672 2790 τὸ
700 2754 734 2788 α
758 2728 1009 2800 συνήθως.
1043 2724 1155 2785 ἔστι
1202 2724 1258 2785 δὲ
1300 2725 1398 2806 μία
1431 2728 1534 2786 τῶν
1574 2726 1869 2788 Κυκλάδων

304 2822 496 2899 νῆσος)

384 2929 483 2973 357.
527 2905 861 2988 ἷσχυρότερος
892 2902 1123 2984 (ἰσχυρὸς
1147 2904 1230 2980 G.)
1262 2899 1568 2982 ἐτύγχανον.
1600 2922 1666 2969 v.

225 3021 279 3062 30
383 3017 481 3059 301.
526 2999 938 3074 σκοπιωροῦνται
975 3012 991 3051 2
1038 2989 1439 3052 Κατοπτεύουσι
1487 2988 1579 3048 καὶ
1620 3012 1868 3073 παραφυ-

302 3085 598 3145 λάττουσιν.
631 3080 959 3162 (Ἕρμιππος
986 3077 1043 3139 δὲ
1069 3077 1160 3138 καὶ
1183 3076 1268 3138 ἐπὶ
1301 3082 1396 3136 τοῦ
1420 3076 1527 3136 ἀπὸ
1550 3080 1641 3147 τῆς
1669 3083 1870 3152 σκοπῆς

305 3178 406 3233 θεω
441 3177 532 3231 εῖν.

384 3197 484 3321 3Ξε.
527 3172 698 3338 ἔχοντ’
718 3254 1022 3322 ὀὸελίσκους
1056 3276 1070 3317 :
1097 3253 1178 3314 Τὸ
1204 3255 1402 3333 πλῆρες
1421 3249 1599 3333 ἔχοντε
1614 3296 1631 3327 ,
1655 3253 1863 3321 δυῖκῶς.

303 3348 397 3408 δύο
422 3347 526 3428 γάρ
561 3349 690 3404 εἰσιν
726 3346 775 3403 οἱ
808 3341 1037 3423 [ἔχοντες
1074 3341 1376 3408 ὀὸελίσκους
1412 3340 1524 3412 καὶ]
1563 3346 1863 3422 τηροῦντες.

224 3454 277 3495 35
301 3447 365 3496 V.
386 3443 516 3496 Vict-

383 3543 480 3584 335.
557 3521 695 3581 ἀλλὰ
714 3527 804 3582 νῦν
832 3521 1072 3602 ἐκπόριζε
1095 3539 1110 3579 :
1137 3518 1210 3578 ‘H
1223 3517 1482 3595 ἀμοιὸαία
1510 3515 1644 3589 αὕτη
1666 3518 1865 3599 στροφὴ

302 3610 466 3670 ἔοικεν
491 3634 517 3668 ε
538 3633 623 3668 ναι
651 3607 966 3690 ἀντιστροφὴ
982 3612 1075 3681 τῆς
1104 3604 1214 3664 ἄνω
1240 3605 1479 3686 ρηθείσης
1498 3603 1681 3681 ὁμοίας
1706 3628 1866 3687 στρο-

301 3704 428 3780 φῆς,
457 3698 574 3758 ἀλλ’
607 3695 747 3756 ἔστιν
785 3695 1016 3768 ἐλλιπής.
1053 3692 1248 3773 στίχων
1284 3691 1388 3774 γάρ
1419 3695 1532 3751 ἐστι
1560 3691 1652 3751 καὶ
1681 3691 1866 3753 κώλων

301 3788 469 3858 ὀκτὼ,
502 3776 577 3845 ὧν
598 3783 661 3844 τὸ
683 3789 892 3866 πρῶτον
919 3780 1200 3867 τροχαῖκὸν
1234 3778 1587 3862 τετράμετρον
1628 3783 1865 3853 καταλη-

221 3897 276 3937 40
302 3872 500 3934 κτικόν.
544 3872 605 3932 τὸ
635 3870 686 3952 β’
717 3872 963 3952 ἰαμὸικὸν
1002 3869 1240 3950 δίμετρον
1273 3864 1640 3940 ἀκατάληκτον
1669 3867 1760 3928 καὶ
1804 3870 1866 3929 τὸ

300 3961 369 4030 ς’.
397 3959 465 4020 τὰ
494 3960 538 4019 δ’
573 3959 711 4020 ἄλλα
734 3959 888 4038 ὅμοια
912 3961 989 4039 τῷ
1017 3955 1231 4038 πρώτῳ.
1252 3954 1344 4014 ἐπὶ
1357 3956 1432 4035 τῷ
1445 3952 1581 4013 τέλει
1599 3956 1863 4038 κορωνίς.]

380 4055 477 4110 333.
525 4046 638 4127 (ἕως
648 4036 819 4128 γὰρςίῖι
843 4043 1103 4126 μελίττιον
1127 4064 1142 4105 :
1170 4042 1398 4124 Ὀρθρος
1422 4040 1552 4123 γὰρ,
1575 4032 1620 4101 ὦ
1641 4065 1864 4125 προσφι-

302 4134 552 4194 λέστατον
579 4133 858 4212 μελίττιον.
888 4133 1103 4204 δηλοῦσι
1130 4129 1233 4211 γὰρ
1261 4127 1340 4188 ὅτι
1370 4126 1548 4208 ἡμέρα
1575 4126 1836 4210 γέγονεν.)

382 4221 479 4289 ἕως
515 4241 530 4283 t
554 4219 702 4289 Ἕως
724 4219 899 4302 ὄρθρος
921 4218 1123 4298 ἡμέρα,
1152 4216 1258 4276 ἀπὸ
1283 4220 1376 4275 τοῦ
1405 4215 1501 4284 ἕως
1527 4215 1693 4296 ταύτῃ
1723 4220 1867 4296 ἡμᾶς

223 4311 283 4384 {5'
304 4311 769 4380 κατακεκλεῖσθαι,
797 4305 832 4379 ἢ
862 4305 949 4365 διὰ
976 4305 1037 4365 τὸ
1061 4303 1234 4365 ἵεσθαι
1256 4306 1310 4362 ἐν
1335 4304 1492 4384 αὐτῇ.
1529 4314 1654 4362 Vict.

383 4419 479 4460 333.
522 4397 581 4476 (ἡ
611 4396 667 4455 δέ
688 4418 778 4474 μοι
796 4393 1054 4454 Δίκτυννα
1080 4412 1095 4453 :
1125 4391 1267 4473 Πρὸς
1289 4390 1385 4463 τὴν
1413 4388 1660 4472 Ἄρτεμιν
1682 4397 1866 4468 τοῦτο,

305 4485 484 4557 ἐπειδὴ
515 4483 750 4564 ἀγρευτὶς
770 4473 856 4555 ἦν.
880 4481 1028 4564 παρὰ
1056 4479 1111 4540 δὲ
1140 4478 1200 4539 τὸ
1226 4478 1391 4557 ὄνομα
1413 4479 1687 4556 γελοιάζει.
1717 4479 1867 4562 παρὰ

304 4575 407 4656 γὰρ
428 4573 489 4632 τὸ
526 4571 730 4632 δίκτυον
759 4569 995 4650 ἐπήγαγε
1026 4568 1088 4628 τὸ
1114 4566 1404 4629 Δίκτυνναν
1436 4564 1685 4648 Ἄρτεμιν
1713 4566 1865 4629 ἵλαον

306 4660 531 4721 ἔσεσθαι.

226 4776 280 4816 ω
384 4767 484 4808 333.
535 4661 760 4825 ()ἄνοντος
788 4766 804 4807 t
832 4743 971 4806 ’Λντὶ
989 4747 1080 4803 τοῦ
1104 4741 1344 4810 ἀνύοντος
1369 4739 1438 4800 τὰ
1458 4740 1586 4822 πρὸς
1600 4741 1864 4823 σωτηρίαν

305 4834 398 4895 καὶ
426 4833 765 4911 εὑρίσκοντος.
803 4832 865 4892 τὸ
901 4831 956 4892 δὲ
991 4832 1199 4898 ἄνοντος
1232 4830 1432 4909 γίνεται
1468 4826 1617 4910 παρὰ
1653 4829 1714 4888 τὸ
1755 4830 1864 4889 ἄνω

308 4922 610 5004 βαρύτονον,
639 4913 699 4980 οὗ
726 4920 787 4980 τὸ
813 4919 984 5001 τρίτον
1005 4926 1098 4979 τοῦ
1122 4923 1412 4990 παθητικοῦ
1436 4919 1715 4985 ἐνεστῶτος
1738 4917 1862 4978 ἄνε-

303 5034 409 5071 ται.
438 5013 507 5079 ὡς
533 5009 595 5069 τὸ
625 5017 713 5082 [11.
743 5020 814 5082 K,
841 5016 940 5081 351]
972 5035 997 5061 α
1022 5007 1169 5086 μάλα
1198 5007 1300 5089 γὰρ
1324 5004 1412 5076 νὺξ
1443 5005 1641 5067 ἄνεται.
1672 5008 1726 5085 ν)

2035 633 2132 676 371.
2176 617 2354 676 δακεῖν
2394 639 2409 679 2
2458 619 2595 680 Ἀντὶ
2633 626 2725 681 τοῦ
2755 623 3014 703 δηχθῆναι
3062 627 3155 687 καὶ
3196 630 3514 705 λυπηθῆναι.

1955 700 2072 759 ἀντὶ
2097 709 2190 763 τοῦ
2214 706 2452 786 ἐκφυγεῖν
2477 706 2721 768 σώσαντα
2743 710 2840 782 τὴν
2869 713 3107 794 καρδίαν.
3153 729 3275 778 Vict.
3543 696 3572 789 ἰ

1954 808 2131 955 ψυ375.
2159 792 2180 959 3
2186 790 2273 850 τὸν
2297 793 2418 875 περὶ
2440 797 2613 876 ψυχῆς
2632 816 2647 857 z
2672 796 2873 876 Ἧγουν
2893 802 3133 883 ἐκφυγεῖν
3161 804 3400 869 σώσοντα
3421 808 3518 881 τὴν

2026 900 2066 956 χ
2103 902 2150 939 ν.

2036 984 2131 1025 370.
2177 967 2270 1047 (ἵν’
2296 971 2409 1050 εἰδῇ
2440 970 2515 1048 μὴ
2556 974 2742 1032 πατεῖν
2769 993 2785 1035 :
2826 975 2936 1034 Καὶ
2963 982 3117 1037 τοῦτο
3142 981 3212 1047 ὥς
3239 981 3517 1062 φιλόδικος.

1957 1049 2200 1133 ἔγκλημα
2224 1055 2280 1115 δὲ
2308 1049 2372 1129 ἧν
2397 1056 2610 1140 ὕδρίσαι
2632 1060 2701 1119 τὰ
2724 1062 3007 1143 μυστήρια.
3036 1063 3071 1137 ἢ
3094 1059 3183 1126 οῧν
3205 1068 3365 1128 πάλιν
3393 1071 3517 1130 πλέ-

1957 1162 2039 1197 κει
2076 1143 2246 1223 αὐτῷ,
2279 1141 2314 1215 ἢ
2352 1143 2608 1205 δείκνυσιν
2632 1151 2703 1215 ὥς
2731 1152 2789 1208 οὔ
2823 1149 2928 1231 χρὴ
2968 1151 3038 1212 τὰ
3069 1155 3334 1237 μυστήρια
3374 1160 3517 1217 εὖτε·
3550 1183 3599 1223 ις

1956 1226 2135 1303 λίζειν,
2164 1228 2327 1299 οὕτως
2351 1230 2467 1290 οὐδὲ
2493 1239 2663 1293 ταῦτα
2690 1239 2907 1317 ποιεῖν.)

2035 1321 2222 1376 πατεῖν
2247 1337 2264 1379 :
2295 1318 2578 1401 Ὑὸρίζειν.
2615 1334 2740 1382 Vici.
2767 1327 2782 1341 ⁸

2036 1423 2136 1465 377.
2179 1403 2247 1464 τὰ
2286 1408 2402 1467 ταῖν
2430 1410 2573 1468 θεαῖν
2601 1410 2919 1492 ψηφίσματα
2960 1435 2975 1475 :
3012 1414 3147 1474 Ἀντὶ
3175 1423 3269 1477 τοῦ
3301 1416 3371 1476 τὰ
3401 1428 3518 1479 ταῖν

1957 1494 2100 1551 θεαῖν
2128 1492 2392 1576 μυστήρια
2420 1498 2604 1572 εἰπεῖν,
2638 1499 2956 1580 ψηφίσματα
2980 1493 3144 1575 εἶπεν,
3174 1506 3245 1572 ὡς
3282 1504 3396 1565 δέον
3419 1510 3520 1588 οὐχ

1956 1569 2113 1650 ἧττον
2141 1581 2264 1661 περὶ
2291 1588 2461 1643 ταῦτα
2486 1583 2521 1657 ἢ
2545 1585 2668 1667 περὶ
2692 1588 2866 1647 ἐκεῖνα
2891 1591 3287 1653 ἐσπουδακέναι.
3315 1594 3517 1674 καθίμα
3550 1617 3599 1657 15

1957 1665 2013 1724 δὲ
2041 1666 2331 1748 ὑποχύλα.)
2363 1703 2431 1713 -
2455 1672 2569 1733 ἀντὶ
2590 1680 2680 1735 τοῦ
2706 1674 2876 1756 ὄργια.
2901 1689 2961 1738 Β.

2036 1773 2133 1815 373.
2168 1756 2370 1837 καθίμα
2402 1779 2417 1819 :
2450 1759 2630 1823 Χάλα.
2670 1773 2796 1822 Vicc.

2037 1862 2133 1903 330.
2175 1843 2268 1903 καὶ
2305 1844 2402 1918 τὴν
2430 1847 2602 1928 ψυχὴν
2633 1850 3036 1930 ἱμπλησάμενος
3066 1872 3082 1914 2
3116 1852 3211 1923 Ὡς
3236 1857 3517 1937 παράστη-

1960 1930 2037 2008 μά
2072 1956 2123 1991 τι
2153 1939 2245 1993 τοῦ
2284 1935 2589 2004 Διοπείθους
2617 1937 2828 2019 ἔχοντος
2855 1942 3128 2017 μανιῶδες.
3157 1935 3222 2016 ἦν
3252 1944 3307 2003 δὲ
3333 1949 3361 2004 δ
3389 1949 3519 2008 Διο-

1958 2019 2141 2092 πείθης
2166 2022 2358 2104 ῥήτωρ.
2388 2024 2624 2103 (μήποτε
2648 2025 2702 2085 δὲ
2720 2018 2868 2096 οὗτός
2889 2030 3031 2088 ἔστιν
3049 2036 3078 2089 ὃ
3096 2030 3187 2091 καὶ
3204 2032 3352 2114 παρὰ
3375 2036 3519 2117 Φρυ·
3546 2060 3603 2101 ²0
3711 2060 3716 2073 “

1958 2106 2143 2188 vsu»)
2695 2178 2706 2191 .

2037 2215 2137 2256 331.
2180 2198 2523 2276 καλαμᾶσθαι
2553 2218 2569 2261 :
2612 2199 2998 2282 (Ἀναρπάσαι,
3028 2205 3136 2264 ἀπὸ
3162 2208 3268 2265 τῶν
3295 2206 3392 2280 τὴν
3418 2231 3524 2268 και

1956 2281 2137 2360 λάμην
2177 2284 2304 2362 [τῶν
2342 2286 2694 2368 σπερμάτων]
2734 2290 3111 2365 ἀνασπώντων,
3145 2291 3296 2352 ἕνεκα
3338 2296 3524 2375 στέγης

1958 2374 2061 2429 τῶν
2082 2370 2405 2449 οἰκημάτων.
2430 2370 2467 2444 ἢ
2491 2372 2608 2433 ἀντὶ
2626 2379 2719 2433 τοῦ
2744 2376 2957 2453 ἀνιμᾶν,
2977 2380 3047 2446 ὡς
3069 2381 3119 2438 οἱ
3136 2384 3243 2449 τοῖς
3263 2382 3522 2460 καλάμοις

1959 2457 2079 2526 τοὺς
2103 2457 2284 2539 ἰχθύας
2298 2458 2649 2539 ἀνέλκοντες.)
2671 2497 2751 2507 -
2778 2461 2885 2522 ἀπὸ
2911 2476 3210 2548 μεταφορᾶς
3241 2471 3346 2528 τῶν
3367 2470 3521 2549 ἷχθύ-
3552 2497 3607 2537 2⁸

1959 2570 2033 2606 ων
2059 2550 2163 2606 τῶν
2198 2546 2494 2626 ἑλκομένων
2522 2548 2801 2627 καλάμοις.
2844 2561 2903 2610 Β.
2927 2587 3007 2598 -
3030 2554 3144 2632 (τὸν
3185 2554 3421 2636 πρινώδη
3461 2557 3517 2617 δὲ

1958 2635 2045 2694 τὸν
2061 2634 2289 2716 σκληρόν
2301 2659 2314 2673 ·
2336 2635 2441 2695 ἀπὸ
2454 2641 2545 2696 τοῦ
2566 2636 2718 2706 ξύλου
2732 2643 2825 2698 τοῦ
2845 2640 3069 2721 πρίνου.)
3087 2642 3396 2724 -παρόσον
3407 2646 3523 2727 πρί-

1958 2746 2048 2782 νου
2075 2722 2169 2782 καὶ
2197 2722 2408 2803 σχοίνου
2435 2723 2528 2784 καὶ
2554 2724 2735 2793 ἐλαίας
2760 2726 3078 2808 θερμότατον
3105 2733 3231 2810 πῦρ.
3262 2741 3323 2789 Β.
3352 2734 3522 2810 (μαν-

1959 2809 2139 2871 θάνετε
2168 2808 2224 2871 δὲ
2262 2815 2524 2872 σκοπεῖτε.
2560 2813 2622 2873 τὸ
2657 2813 2714 2874 δὲ
2751 2814 2816 2887 ἤν
2853 2837 2905 2874 τι
2941 2816 3125 2892 πάθω,
3163 2817 3280 2878 ἀντὶ
3310 2825 3401 2879 τοῦ
3429 2820 3523 2880 ἐὰν

1959 2899 2138 2979 συμὸῇ
2165 2923 2234 2978 με
2253 2897 2484 2960 πεσόντα
2512 2903 2834 2982 ἀποθανεῖν.)
3550 2933 3606 2973 30

2037 3010 2134 3051 335.
2178 2987 2358 3071 δράσω
2393 2988 2563 3050 τοίνυν
2597 3010 2612 3051 2
2643 2990 2901 3056 Βούλεται
2929 2993 3090 3052 εἰπεῖν
3125 3018 3177 3053 τι
3202 2998 3395 3065 αὐτοῖς.
3428 2999 3520 3057 καὶ

1959 3076 2248 3155 μανθάνετε
2274 3096 2288 3138 :
2321 3075 2458 3137 Ἀντὶ
2478 3082 2572 3136 τοῦ
2601 3076 2777 3138 οἴδατε
2798 3078 2850 3137 τί
2872 3079 3147 3152 ποιήσατε.
3187 3092 3309 3140 Vict.

2036 3193 2133 3236 333.
2160 3172 2441 3241 ἀνελόντες
2461 3173 2554 3233 καὶ
2581 3175 2936 3244 κλαύσαντεςε
2968 3175 3098 3238 Ἐὰν
3124 3178 3305 3258 συμὸῇ
3334 3201 3402 3255 με
3423 3201 3517 3237 πε·

1959 3259 2117 3322 σόντα
2146 3265 2442 3334 ἀποθανεῖν,
2470 3262 2525 3321 ἐν
2546 3265 2623 3342 τῷ
2645 3263 2967 3345 δικαστηρίῳ
2995 3288 3060 3338 με
3084 3263 3306 3346 θάψατε.
3331 3265 3521 3347 δρύφα·

1956 3371 2072 3408 κτοι
2092 3347 2195 3430 γὰρ
2223 3346 2417 3416 ξύλινοι
2442 3345 2702 3428 θώρακες,
2728 3347 2796 3407 τὰ
2825 3350 3229 3432 διαφράγματα,
3257 3350 3292 3424 ἢ
3320 3351 3389 3412 τὰ
3414 3376 3517 3411 πε·-
3546 3383 3602 3424 35

1959 3434 2356 3517 ριτειχίσματα,
2404 3432 2439 3506 ἢ
2491 3435 2777 3514 κιγκλίδες,
2823 3436 3259 3519 περιφράγματα,
3313 3438 3381 3498 τὰ
3426 3444 3517 3498 νῦν

1956 3520 2205 3581 ταὸλωτὰ
2227 3519 2527 3599 καλούμενα
2540 3566 2555 3596 ,
2584 3519 2655 3580 τὰ
2676 3526 2779 3581 τῶν
2803 3524 3234 3602 οἰκοδομημάτων
3270 3523 3515 3604 ἐξέχοντα
3623 3577 3629 3582 .

1958 3609 2105 3679 ξύλα.
2131 3611 2354 3667 ἐνταῦθα
2383 3605 2438 3667 δὲ
2468 3608 2537 3667 τὰ
2563 3608 2891 3687 ταὸλώματα
2917 3615 3010 3669 τοῦ
3037 3611 3399 3693 δικαστηρίου,
3428 3612 3517 3671 διὰ

1953 3696 2014 3755 τὸ
2041 3699 2103 3755 ἐκ
2130 3694 2353 3755 σανίδων
2381 3695 2471 3754 καὶ
2499 3694 2662 3764 ξύλων
2684 3700 2787 3755 τῶν
2813 3699 2874 3756 ἐκ
2901 3697 3050 3779 δρυὸς
3075 3688 3208 3757 εἶναι
3229 3723 3515 3759 κατεσκευ·

1955 3782 2178 3861 ασμένα.
2202 3781 2345 3861 λέγει
2368 3779 2424 3840 δὲ
2452 3782 2556 3840 ἀπὸ
2584 3779 2768 3863 μέρους
2792 3781 2853 3841 τὸ
2880 3784 3265 3866 δικαστήριον.)
3544 3819 3599 3862 ⁴⁰

2032 3891 2130 3931 330.
2171 3869 2300 3951 πρὸς
2317 3870 2423 3937 τοῖς
2444 3869 2793 3951 δικαστηρίοις
2810 3868 2983 3939 Λύκος
3004 3871 3142 3953 ἥρως
3154 3872 3348 3955 ἵδρυτο.
3371 3872 3519 3950 ἔθυον

1955 3957 2010 4018 δὲ
2039 3959 2183 4039 αὐτῷ
2205 3956 2297 4015 καὶ
2324 3955 2585 4035 ἀπένεμον
2620 3956 2920 4016 δικαστικὸν
2950 3956 3151 4033 μισθόν.
3184 3968 3243 4017 Β.
3275 3950 3348 4037 (ὦ
3371 3960 3515 4022 Λύκε

1956 4044 2186 4105 δέσποτα
2208 4063 2223 4105 :
2245 4041 2410 4125 Παρὰ
2430 4044 2538 4111 τοῖς
2555 4042 2907 4125 δικαστηρίοις
2926 4043 2987 4103 τὸ
3008 4049 3099 4104 τοῦ
3122 4042 3300 4107 Λύκου
3323 4050 3513 4128 ἡρῷον.

1954 4130 2067 4192 ὅθεν
2108 4130 2266 4213 φασὶν
2308 4134 2544 4213 εἰρῆσθαι
2585 4128 2760 4192 Λύκου
2806 4132 2976 4200 δεκάς.
3084 4130 3303 4200 Ἄλλως.
3337 4133 3516 4195 Λύκου

1954 4224 2123 4303 ἡρῷον
2150 4243 2193 4278 π
2228 4219 2241 4236 “
2299 4223 2376 4301 τῷ
2403 4218 2724 4301 δικαστηρίῳ
2751 4211 2834 4293 ἦν,
2871 4212 2917 4302 ᾧ
2944 4219 3200 4302 ἐμέριζον,
3237 4220 3325 4280 ὅτε
3368 4223 3519 4281 δικα-
3547 4254 3599 4295 ⁴5

1955 4305 2144 4389 στήρια
2168 4243 2280 4379 ff
2270 4304 2359 4364 τὸν
2386 4303 2534 4387 παρὰ
2558 4310 2666 4373 τοῖς
2688 4308 2913 4385 λαχοῦσι
2935 4311 3038 4366 τῶν
3059 4306 3342 4380 Ἀθηναίων
3368 4307 3517 4367 δικά·

1955 4398 2057 4465 ζειν
2087 4392 2383 4454 δικαστικὸν
2409 4392 2592 4470 μισθὸν
2625 4417 2658 4452 τ
2692 4393 2958 4473 ιώὸολον.)

2032 4481 2330 4564 κεχάρησαι
2352 4500 2368 4540 :
2398 4479 2590 4561 Χαίρει
2616 4417 2691 4547 οἷς
2716 4480 2808 4539 καὶ
2835 4481 2956 4561 ἐγώ.
2992 4494 3117 4542 Vici.

2032 4588 2130 4629 330.
2174 4566 2467 4649 φευγόντων
2492 4586 2508 4626 2
2531 4568 2650 4627 Τῶν
2679 4569 3160 4648 κατηγορουμένων.
3203 4578 3328 4627 Wct.

2033 4676 2132 4718 392.
2174 4652 2322 4736 παρὰ
2343 4653 2431 4713 τὸν
2459 4652 2687 4712 κλάοντα
2715 4659 2976 4726 καθῆσθαι
3005 4676 3021 4716 :
3051 4655 3146 4723 Ὡς
3163 4660 3275 4736 τῶν
3296 4662 3519 4720 καταδι-
3548 4694 3600 4736 ⁶⁰

1953 4742 2249 4803 κασθέντων
2277 4740 2396 4801 εὐθὺ
2428 4740 2556 4822 πρὸς
2578 4739 2640 4799 τὸ
2662 4745 2833 4823 ἡρῷον
2859 4743 3249 4806 ἀποκλαόντων.
3278 4748 3519 4831 εὐφημό-

1951 4855 2099 4914 τερον
2130 4830 2185 4890 δὲ
2202 4828 2441 4909 λέγωσιν
2473 4828 2591 4887 ἀντὶ
2611 4832 2704 4887 τοῦ
2731 4828 2907 4889 κλάων
2937 4835 3184 4904 καθῆστο.

2031 4937 2130 4980 334.
2168 4915 2358 4985 κάννας
2398 4937 2413 4976 z
2448 4914 2589 4992 (Τὰς
2620 4915 2853 4998 ψιάθους.
2890 4918 3096 4998 λέγεται
3137 4919 3310 4981 δὲκαὶ
3350 4924 3516 4997 κάνης

1952 5004 2044 5065 καὶ
2071 5005 2301 5065 κλίνεται
2337 5009 2427 5062 τοῦ
2456 5001 2697 5076 κάνητος.
2728 5007 2827 5084 ὡς)
2870 5006 3072 5086 ψιάθοις
3100 5007 3153 5065 δὲ
3181 5032 3509 5094 περιπεφρα-
