3859 5725
406 279 518 331 296

1602 276 1697 337 SC
1713 278 1984 340 HOLIA
2038 279 2129 339 IN
2182 281 2484 343 RANAS.

403 397 451 454 οῖ
474 394 529 454 δὲ
555 396 600 455 δ’
626 394 829 479 ἔφυγον.
862 396 988 467 ἴσως
1012 397 1065 458 δὲ
1095 400 1185 459 καὶ
1209 402 1263 459 ἐν
1291 404 1397 482 τῷ,
1426 401 1550 469 εἴτις
1575 401 1780 484 ἥμαρτε
1809 407 1968 487 Φρυ-
2050 405 2353 488 τραμέτρων
2400 412 2801 484 καταληκτικῶν
2842 417 3202 497 συγκείμενον,
3248 413 3321 482 ὧν
3363 428 3391 483 ὁ
3438 429 3631 488 τελευ-

403 482 549 562 νίχου
573 485 911 564 παλαίσμασι
927 531 944 558 ,
973 487 1094 569 περὶ
1122 492 1224 546 τῶν
1251 492 1423 547 αὐτῶν
1448 491 1494 548 δ’
1519 490 1678 569 λέγει·
1708 482 1841 569 οἷον,
1871 492 1967 551 καὶ

399 570 525 638 εἴτις
551 571 758 653 ἥμαρτε
786 574 1027 655 σφαλεὶς,
1057 575 1478 652 ἀπολογησάσθω
1503 578 1896 657 κατακληθείς.)

478 679 578 721 703.
623 664 668 719 εἰ
714 660 770 720 δὲ
813 665 964 721 ταῦτ’
1000 663 1321 740 ὀγκωσόμεθ’
1347 684 1363 724 :
1390 663 1523 724 Ἐὰν
1570 665 1624 723 δὲ
1665 670 1736 734 ὣς
1760 668 1968 746 μεγάλα

346 771 374 829 ,⁸
400 747 765 830 ἁμαρτήματα
800 750 1242 833 ὑπερφονήσωμεν
1269 751 1360 811 καὶ
1388 752 1464 830 μὴ
1494 754 1798 832 θελήσωμεν
1821 760 1968 815 ἀνεῖ-

397 858 486 894 ναι
507 844 616 908 τοῖς
646 838 1141 920 συνναυμαχῆσασι.
1187 838 1740 922 [ὑπερφρονήσωμεν,
1771 846 1968 917 ἀλαζο-

398 927 679 1001 νευθῶμεν,
711 926 1270 1009 μεγαλαυχ·ι(,σωμεν]ι

476 1030 573 1072 704.
616 1012 866 1091 κυμάτων
904 1016 958 1072 ἐν
1009 1014 1264 1092 ἀγκάλαις
1302 1035 1315 1075 :
1357 1015 1613 1094 (Δίδυμός
1661 1041 1788 1100 φησι
1820 1018 1967 1100 παρὰ

395 1104 473 1182 τῷ
502 1101 774 1185 Αἰσχύλῳ.
804 1101 916 1162 ἔστι
939 1101 994 1162 δὲ
1030 1102 1187 1171 ὄντως
1212 1102 1360 1184 παρὰ
1385 1104 1677 1187 Ἀρχιλόχῳ

318 1316 371 1355 10
581 1298 738 1363 ψυχὰς
761 1299 944 1363 ἔχοντες
966 1300 1187 1364 κυμάτων
1202 1301 1248 1350 ἐν
1264 1297 1506 1365 ἀγκάλαις.

395 1446 542 1513 θέλεί
561 1453 615 1514 δὲ
641 1458 850 1535 εἰπεῖν,)
873 1458 964 1517 καὶ
991 1465 1159 1518 ταῦτα
1191 1459 1333 1528 ὄντες
1359 1464 1412 1520 ἐν
1449 1462 1661 1528 πολλοῖς
1690 1458 1959 1528 κινδύνοις.

393 1541 679 1615 ἐνειστήκει
706 1543 807 1626 γὰρ
840 1549 868 1604 ὁ
893 1547 1385 1621 Πελοποννησιακὸς
1409 1548 1653 1625 πόλεμος.

473 1652 570 1692 706.
612 1632 643 1714 [
671 1632 874 1715 ὑστέρῳ
906 1654 922 1695 :
951 1631 1090 1695 Ὅτε
1120 1635 1498 1714 βλαὸησόμεθα
1526 1639 1603 1716 τῷ
1632 1635 1919 1718 πολέμῳ]

472 1740 570 1780 700.
615 1723 689 1799 (εἶ
714 1723 759 1780 δ’
784 1721 888 1800 ἐγὼ
916 1724 1076 1803 ὀρθῶς
1104 1724 1228 1782 ἰδεῖν
1257 1744 1271 1784 2
1302 1727 1475 1787 Τοῦτο
1507 1719 1692 1792 Ἴωνός
1728 1728 1867 1784 ἐστιν
1901 1728 1963 1784 ἐκ

314 1831 366 1871 ιε
394 1805 641 1877 Φοίνικος
668 1807 704 1879 ἢ
733 1808 967 1877 Καινέως
1005 1838 1029 1863 ιι
1060 1812 1103 1868 εἷ
1131 1810 1177 1868 δ’
1207 1809 1312 1889 ἐγὼ
1348 1810 1495 1892 ὀρθὸς
1534 1812 1660 1875 ἰδεῖν
1699 1810 1810 1890 βίον
1841 1811 1960 1870 ἀνέ-

391 1917 503 1975 ρος,
531 1885 577 1955 ὦ
598 1899 865 1966 πολιῆται.
896 1926 919 1950 n
945 1896 1082 1956 θέλει
1109 1898 1165 1956 δὲ
1198 1901 1361 1957 εἰπεῖν
1397 1898 1476 1957 ὅτι
1506 1901 1551 1961 εἰ
1588 1898 1820 1976 δύναμαι
1845 1900 1957 1987 κρί-

387 1986 545 2061 νειν.)
572 1983 603 2065 [
633 1983 912 2064 οἰμώξεται
944 1984 1025 2059 δὲ,
1048 1992 1411 2068 τιμωρηθῆναι
1452 1987 1664 2075 ὀφείλει.
1705 1987 1765 2051 τὸ
1805 1987 1859 2047 δὲ
1898 1991 1957 2048 οὔ

390 2071 573 2146 πολὺν,
598 2073 828 2134 σύναπτε
850 2078 922 2143 εἰς
947 2074 1008 2134 τὸ
1033 2075 1281 2157 χρόνον.]
1303 2111 1382 2125 --
1409 2075 1713 2155 ἐπιστήμων
1747 2077 1839 2136 καὶ
1867 2079 1956 2136 δυ-

388 2160 558 2230 νατός.
583 2171 643 2219 R.
1767 2178 1774 2184 '

313 2274 372 2322 20
468 2261 567 2302 707.
611 2240 775 2302 πολύν
797 2262 812 2302 :
835 2242 1136 2302 Συναπτέον
1161 2246 1234 2311 εἰς
1250 2243 1311 2302 τὸ
1328 2243 1533 2324 χρόνον.
1552 2246 1622 2305 Θ.
1649 2249 1678 2303 ὃ
1700 2243 1918 2318 πίθηκος
1938 2266 1954 2308 :

389 2327 459 2389 ‘O
483 2327 667 2397 ἐοικὼς
683 2328 822 2389 κατὰ
845 2328 940 2403 τὴν
956 2330 1167 2407 ἠλικίαν
1191 2329 1415 2412 πιθήκῳ.
1440 2334 1512 2393 Θ.
1549 2343 1677 2391 Vict.

467 2438 567 2479 700.
611 2421 640 2476 ὁ
669 2417 855 2498 μικρὸς
890 2439 905 2479 :
948 2417 1082 2498 [Τῷ
1112 2417 1319 2495 σώματι
1350 2418 1648 2501 δηλονότι]
1679 2420 1957 2502 [φαίνεται

387 2503 445 2563 δὲ
486 2509 515 2564 ὁ
549 2503 836 2584 Κλειγένης
865 2506 985 2586 περὶ
1019 2504 1086 2563 τὰ
1122 2505 1387 2565 πολιτικά.
1417 2508 1508 2565 καὶ
1547 2511 1653 2566 τῶν
1689 2505 1954 2570 πλουσίων

388 2590 485 2670 μέν
516 2594 658 2666 ἔστι,
685 2590 819 2661 ξένος
842 2590 896 2651 δὲ
919 2593 1009 2652 καὶ
1036 2592 1300 2674 βάρὸαρος
1326 2588 1527 2673 οὗτος]

305 2710 360 2750 2⁸
466 2701 565 2742 710.
609 2680 790 2741 ὀπόσοι
815 2687 1064 2762 κρατοῦσι
1088 2701 1101 2740 :
1124 2681 1254 2742 Δέον
1280 2684 1461 2756 εἰπεῖν,
1485 2682 1680 2755 ὁπόσης
1702 2691 1955 2765 κρατοῦσι

386 2774 512 2847 γῆς,
536 2771 633 2829 οὐκ
663 2759 829 2842 εἶπεν,
859 2770 974 2828 ἀλλ’
1003 2768 1305 2846 ἐτι-ἤνεγκεν,
1338 2768 1438 2830 ὅσα
1461 2771 1755 2851 παρέχεται
1784 2775 1954 2852 βαλα-

384 2856 502 2930 νεὺς
534 2868 642 2926 τοῖς
671 2858 972 2936 λουομένοις
1016 2857 1326 2936 σμῆγματα.
1359 2888 1430 2900 -·
1473 2862 1520 2918 οἱ
1569 2864 1813 2940 βαλανεῖς
1851 2872 1956 2930 τοῖς

383 2945 681 3026 λουομένοις
709 2944 990 3028 ἐχορήγουν
1021 2944 1312 3026 σμήγματα
1332 2971 1344 2983 ·
1382 2953 1562 3007 τοῦτον
1602 2946 1657 3007 δὲ
1685 2951 1755 3017 ὣς
1786 2952 1955 3031 βαλα-

384 3033 478 3093 νέα
506 3033 696 3114 ἐξάγει.
726 3042 785 3093 V.
815 3046 874 3094 θ.
898 3046 967 3095 Μ.

303 3152 360 3193 ⁸⁰
462 3144 560 3185 711.
606 3122 988 3206 κυκησιτέφρου
1029 3125 1145 3183 κτλ.
1198 3144 1212 3184 :
1253 3126 1440 3184 Ταῦτα
1487 3130 1706 3185 τοιαῦτα
1751 3127 1955 3208 καθάρ-

384 3210 531 3288 ματά
571 3212 731 3285 ἐστιν,
776 3203 848 3280 οἷς
900 3214 948 3278 οἱ
991 3210 1263 3289 λουόμενοι
1290 3217 1523 3294 χρῶνται
1551 3213 1655 3273 τῶν
1684 3211 1953 3294 βαλανέων

383 3297 715 3359 πωλούντων.
740 3297 939 3377 γίνεται
963 3297 1017 3358 δὲ
1041 3299 1421 3382 κυκησίτεφρον
1446 3301 1553 3360 ἀπὸ
1575 3307 1668 3361 τοῦ
1692 3306 1836 3360 κυκῶ
1852 3347 1868 3374 ,
1890 3302 1953 3361 τὸ

381 3384 662 3468 ταράσσω,
687 3387 778 3446 καὶ
801 3393 891 3454 τοῦ
919 3386 1102 3469 τέφρα.
1131 3397 1262 3446 vict.

463 3494 561 3534 712.
605 3473 696 3532 καὶ
726 3474 1005 3552 Κιμωλίας
1027 3479 1124 3550 γῆς
1159 3496 1172 3534 :
1207 3474 1324 3535 Μία
1351 3479 1455 3534 τῶν
1489 3475 1784 3534 Κυκλάδων
1819 3474 1952 3548 αὕτη

304 3599 360 3640 ³5
383 3565 416 3632 ἡ
443 3566 597 3632 νῆσος
620 3560 642 3640 (
655 3565 689 3633 ἡ
715 3561 991 3639 Κιμωλία)
1011 3608 1026 3634 ,
1050 3561 1338 3643 νιτροποιὸς
1363 3568 1460 3641 γῆ,
1487 3561 1570 3641 (ἐξ
1598 3555 1659 3634 ἧς
1686 3563 1743 3622 τὸ
1765 3562 1935 3645 νίτρον

381 3647 418 3719 ἢ
444 3653 547 3708 τῶν
571 3650 839 3730 Ἐρυθρῶν
867 3654 960 3718 τῆς
987 3649 1190 3716 Ἰωνίας
1215 3649 1561 3731 ἀκρωτήριον,
1589 3651 1747 3731 φέρον
1770 3650 1952 3728 ἅμμον

384 3735 675 3808 στυπτικήν
692 3738 732 3814 ).
761 3736 849 3794 τὸν
879 3727 965 3794 οὖν
997 3736 1287 3815 Κλειγένην
1315 3741 1369 3795 ἐν
1393 3736 1609 3819 τοιούτῳ
1632 3737 1746 3809 ἤθει
1780 3737 1923 3816 λέγει
1941 3762 1954 3776 ·

382 3824 564 3907 ὥσπερ
601 3827 647 3883 εἰ
678 3823 826 3900 ἔλεγε
843 3868 860 3896 ,
886 3823 1244 3905 πονηρότατός
1268 3830 1380 3884 ἐστι
1405 3824 1583 3896 πάσης
1610 3830 1731 3902 γῆς,
1760 3825 1957 3899 ὁπόσης

381 3917 430 3973 οἱ
476 3914 720 3994 βαλανεῖς
749 3916 1025 3992 κρατοῦσι,
1060 3910 1335 3988 Κιμωλίας
1380 3910 1472 3970 καὶ
1505 3910 1710 3994 τέφρας
1737 3912 1829 3972 καὶ
1861 3918 1958 3985 τῆς

298 4040 354 4081 ⁴0
380 4003 569 4075 λοιπῆς
592 4005 686 4073 τῆς
707 3998 974 4072 τοιαύτης.
1004 4032 1076 4042 -
1094 3999 1206 4059 ἔστι
1230 3999 1284 4059 δὲ
1312 3992 1445 4068 εἶδος
1467 4003 1657 4072 λευκῆς
1685 4005 1799 4080 γῆς.
1855 4013 1913 4060 R.

459 4110 554 4151 714.
598 4087 746 4156 εἰδὼς
769 4086 969 4147 δὲτάδε
996 4107 1011 4148 2
1035 4085 1099 4148 Ἃ
1122 4086 1394 4160 πείσεται,
1419 4090 1515 4147 οὐκ
1535 4088 1729 4155 ἄοπλος
1753 4087 1956 4168 διάγει,

378 4179 497 4240 ἀλλ’
540 4181 594 4238 ἰν
624 4176 765 4258 χειρὶ
802 4174 954 4245 ξύλον
994 4175 1077 4234 ἀεὶ
1114 4174 1293 4258 φέρει,
1332 4174 1538 4253 μήποτε
1576 4176 1667 4235 καὶ
1701 4178 1957 4260 ἀποδυθῇ,

378 4268 564 4328 πολλοὶ
587 4264 690 4347 γὰρ
721 4267 865 4348 αὐτῷ
894 4265 1188 4325 ἀπειλοῦσι.
1216 4276 1312 4324 Br.
1340 4265 1456 4324 ἀντὶ
1476 4271 1569 4325 τοῦ
1601 4264 1850 4345 βιώσεται
1873 4268 1958 4327 ὅτι

377 4353 681 4433 οἰμώξεται.
710 4356 771 4404 R·

298 4483 350 4524 15
457 4465 553 4506 715.
597 4443 693 4502 οὔκ
734 4438 992 4523 εἰρηνικὸς
1032 4459 1047 4500 t
1098 4439 1235 4500 Ἀντὶ
1279 4444 1373 4499 τοῦ
1417 4442 1520 4526 οῧχ
1560 4439 1787 4520 ἥσυχος,
1839 4444 1957 4503 ἀλλ’

377 4524 485 4592 οἷον
516 4529 748 4597 ἔνοπλος.
779 4528 927 4596 εἰδὼς
951 4529 1038 4600 δὲ,
1067 4527 1222 4609 φησὶ,
1249 4527 1407 4600 τάδε,
1435 4532 1800 4608 προσεποιεῖτο
1825 4531 1958 4612 πρό-

378 4643 535 4703 φασιν
564 4617 657 4679 καὶ
682 4617 905 4697 μανίαν,
933 4614 1082 4683 εἰδὼς
1105 4615 1186 4675 ὅτι
1215 4619 1448 4694 μισεῖται
1481 4613 1623 4695 παρὰ
1652 4621 1754 4674 τῶν
1790 4622 1950 4678 πολι·-

376 4711 502 4768 τῶν.
528 4705 608 4767 διὸ
636 4705 728 4765 καὶ
759 4701 1051 4784 βακτηρίαν
1082 4701 1220 4782 ἔχων
1261 4702 1504 4783 περιῄει,
1531 4702 1596 4766 δι’
1624 4694 1688 4774 ἧς
1724 4703 1954 4781 ἠμύνετο

377 4793 496 4864 τοὺς
535 4790 919 4874 ἐπερχομένους
967 4793 1130 4872 αὐτῷ.
1161 4825 1241 4836 -
1266 4788 1353 4848 ἵνα
1396 4788 1471 4867 μή
1503 4811 1633 4848 ποτε
1671 4813 1724 4850 κ.
1762 4815 1811 4850 τ.
1839 4793 1891 4851 λ.
1936 4814 1951 4853 t

298 4928 354 4969 w
377 4880 581 4944 Πολλοὶ
607 4880 710 4961 γὰρ
739 4881 884 4960 αὐτῷ
913 4878 1208 4937 ἀπειλοῦσι.
1244 4896 1368 4944 Vict.

456 4992 556 5035 717.
600 4966 898 5052 [πολλάκις
921 4968 1049 5045 ἡμῖν
1075 4964 1214 5035 ἔδοξε
1235 4987 1250 5027 t
1277 4965 1356 5026 Τὸ
1377 4964 1742 5046 ἀντεπίρρημα
1776 4965 1955 5043 ὅμοιον

377 5058 516 5120 κατὰ
538 5056 712 5118 πάντα
727 5058 804 5137 τῷ
823 5051 1142 5136 ἐπιρρήματι
1154 5096 1171 5126 ,
1190 5057 1249 5114 ἐκ
1270 5051 1466 5133 στίχων
1480 5052 1530 5110 κ’
1550 5055 1845 5134 τροχαῖκῶν
1866 5076 1953 5112 τε·
1992 5107 1998 5128 ,

2049 498 2196 562 ταῖος

2234 636 2291 696 ἡν
2307 655 2352 686 τι
2367 639 2447 687 καὶ
2465 639 2684 704 πάσχητε
2702 677 2717 704 ,
2740 644 2941 710 πάσχειν
2959 654 3055 706 τοῖς
3070 656 3231 715 σοφοῖς
3248 653 3496 713 δοκήσετε.

2048 758 2135 818 ἐπὶ
2160 763 2237 841 τῷ
2259 759 2397 820 τέλει
2421 763 2581 836 διπλῆ
2606 764 2703 834 ἔξω
2723 771 3052 853 νενευκυῖα]

2126 848 2187 907 τὸ
2217 849 2344 908 αὐτὸ
2383 850 2635 911 πέπονθεν
2673 859 2707 926 ἡ
2749 855 2900 927 πόλις
2932 863 3003 926 εἰς
3045 860 3165 930 τοὺς
3205 866 3475 945 χρηστοὺς
3516 872 3632 929 τῶν

2049 936 2335 1017 ἀνθρώπων
2362 938 2453 997 καὶ
2476 943 2547 1008 εἰς
2574 941 2633 1000 τὸ
2657 945 2876 1023 ἀρχαῖον
2903 946 3157 1025 νόμισμα.
3202 950 3383 1035 ὥσπερ
3408 955 3517 1037 γὰρ
3546 962 3631 1040 τῷ
3658 980 3687 1018 s

2047 1022 2262 1105 παλαιῷ
2289 1025 2576 1104 νομίσματι
2613 1033 2671 1087 οὐ
2712 1032 2966 1111 χρώμεθα
3007 1040 3157 1118 καλῷ
3194 1039 3335 1113 ὄντι,
3375 1043 3516 1101 ἀλλὰ
3548 1051 3633 1105 τῶ

2048 1115 2210 1192 καινῷ
2233 1117 2384 1194 κακῷ
2407 1114 2543 1189 ὄντι,
2567 1116 2704 1176 οὕτω
2727 1119 2819 1177 καὶ
2853 1121 2958 1189 τοῖς
2983 1124 3224 1204 ἀρχαίοις
3248 1130 3547 1209 ἀνθρώποις
3565 1108 3631 1193 οίῖι

2046 1196 2298 1309 χρώμεθα
2322 1202 2502 1270 καλοῖς
2534 1194 2684 1278 οὖσι,
2721 1213 2828 1275 τοῖς
2862 1206 2917 1267 δὲ
2950 1215 3042 1268 νῦν
3074 1191 3398 1295 ’στρατηγοῖς
3432 1223 3633 1289 κακοῖς

2047 1307 2162 1342 ουσι
2187 1285 2455 1365 χρώμεθα.
2478 1328 2549 1336 —
2569 1292 2883 1353 πεπονθέναι
2907 1316 2922 1356 t
2950 1296 3093 1357 Ἀντὶ
3122 1306 3214 1359 τοῦ
3242 1307 3627 1378 πεποιηκέναι.

2047 1371 2319 1432 διαὸάλλει
2364 1375 2483 1443 τοὺς
2528 1377 2827 1449 Ἀθηναίους
2873 1386 2942 1450 ὡς
2985 1387 3379 1473 φιλοπονήρους.
3404 1409 3467 1458 R.
3659 1421 3717 1463 ιο

2124 1478 2219 1519 720.
2267 1461 2370 1539 (εἷς
2410 1486 2467 1521 τε
2502 1467 2756 1546 τάρχαῖον
2787 1468 3022 1550 νόμισμα
3051 1494 3066 1535 :
3097 1478 3149 1535 Τ
3148 1480 3193 1556 ῷ
3233 1481 3477 1565 προτέρῳ
3514 1483 3631 1545 ἔτει

2046 1547 2131 1606 ἐπὶ
2160 1547 2474 1628 Ἀντιγένους
2500 1551 2814 1624 Ἑλλάνικός
2841 1580 2969 1639 φησι
2996 1569 3225 1643 χρυσοῦν
3253 1566 3494 1648 νόμισμα
3521 1596 3631 1633 κο-

2043 1641 2222 1708 πῆναι.
2243 1637 2334 1697 καὶ
2351 1638 2648 1722 Φιλόχορος
2660 1643 2853 1720 ὁμοίως
2867 1647 2926 1705 τὸ
2947 1650 3007 1707 ἐκ
3024 1654 3128 1709 τῶν
3147 1658 3361 1733 χρυσῶν
3382 1661 3629 1740 Νεκῶν.)

2120 1746 2217 1785 721.
2264 1727 2349 1803 (οὐ
2394 1727 2879 1807 κεκιὸδηλευμένοις
2922 1754 2938 1795 :
2967 1734 3106 1795 Ἀντὶ
3132 1744 3255 1814 τοῦ,
3284 1745 3344 1800 οὗ
3383 1746 3625 1826 κακούρ-

2041 1837 2180 1891 γοις,
2209 1813 2325 1873 οὐδὲ
2362 1818 2877 1899 κεκαπηλευμένοις,
2909 1823 3049 1882 ἀλλὰ
3079 1831 3346 1909 καθαροῖς.
3374 1835 3485 1902 τοῖς
3508 1858 3626 1894 πα·
3662 1869 3713 1909 15

2041 1903 2206 1969 λαιοῖς
2234 1901 2471 1974 δηλονότι
2496 1905 2766 1987 ἀνδράσι.)
3034 1960 3043 1970 .

2119 2009 2214 2048 72³.
2259 1991 2735 2071 κεκωδωνισμένοις
2773 2015 2789 2056 :
2824 1998 3333 2079 Δεδοκιμασμένοις,
3372 2009 3631 2084 (ἐκλελε-

2039 2074 2247 2153 γμένοις
2265 2078 2542 2159 ἀκριὸῶς).
2557 2121 2626 2129 -
2640 2087 3007 2165 χαραχθεῒσιν,
3026 2087 3400 2170 ἐξητασμένοις
3422 2098 3516 2158 καὶ
3539 2101 3629 2159 δε-

2040 2164 2458 2242 δοκιμασμένοις.
2483 2170 2553 2228 Θ.

2117 2272 2215 2314 725.
2258 2260 2366 2321 τοῖς
2406 2257 2649 2335 πονηροῖς
2683 2259 2923 2337 χαλκίοις
2971 2281 2987 2323 2
3036 2264 3193 2341 (Τοῖς
3227 2271 3451 2348 χαλκοῖς
3492 2273 3618 2333 κτί-
3646 2297 3705 2336 20

2039 2340 2266 2420 σμασι,)
2290 2342 2398 2407 τοῖς
2420 2341 2687 2419 ἀδοκίμοις
2710 2347 2801 2405 καὶ
2829 2350 3170 2429 μεμιγμένοις
3188 2358 3399 2439 χαλκῷ.
3432 2365 3506 2428 ὡς
3534 2364 3628 2423 ἐπὶ

2036 2425 2397 2505 νομισμάτων.
2425 2429 2441 2505 (
2453 2429 2650 2508 χαλκία
2669 2433 2724 2491 δὲ
2743 2438 2816 2500 ὣς
2832 2436 3029 2515 χρυσία
3047 2437 3224 2518 ἔλεγον
3245 2447 3321 2525 τῷ
3343 2446 3590 2525 σχήματι
3606 2494 3626 2521 ,

2036 2517 2214 2594 χαλκᾶ
2244 2514 2425 2589 σκεύη.
2451 2525 2540 2576 νῦν
2566 2518 2619 2577 δὲ
2644 2524 2713 2588 ὥς
2738 2523 2901 2581 κακὸν
2923 2523 3161 2605 νόμισμα
3184 2529 3246 2588 τὸ
3269 2541 3506 2612 χρυσοῦν
3531 2536 3630 2596 οὕ-

2036 2627 2138 2669 τως
2186 2592 2348 2664 εἶπεν.
2398 2604 2606 2666 δύναιτο
2641 2608 2687 2666 δ’
2729 2608 2792 2667 ἂν
2822 2610 2912 2668 καὶ
2940 2611 3001 2670 τὸ
3033 2616 3268 2692 χαλκοῦν
3300 2619 3496 2699 λέγειν.
3527 2624 3625 2683 ἐπὶ

2036 2688 2139 2771 γὰρ
2170 2689 2405 2750 Καλλίου
2438 2694 2671 2772 χαλκοῦν
2700 2694 2934 2774 νόμισμα
2960 2700 3145 2772 ἐκόπη.
3654 2732 3711 2770 a

2115 2797 2213 2838 726.
2262 2777 2416 2856 (χθές
2437 2802 2494 2836 τε
2522 2780 2613 2837 καὶ
2636 2782 2821 2864 πρώην
2851 2803 2866 2843 :
2904 2784 3040 2846 Ἀντὶ
3065 2794 3159 2848 τοῦ
3183 2801 3401 2860 καινοῖς.
3433 2799 3508 2865 ὡς
3530 2800 3625 2858 ἐπὶ

2035 2865 2356 2943 νομίσματος
2385 2865 2439 2924 δὲ
2466 2871 2542 2949 τῷ
2565 2868 2856 2950 κόμματι.)

2115 2975 2213 3016 730.
2256 2957 2617 3032 προσελοῦμεν
2639 2978 2654 3019 :
2678 2958 2814 3019 Ἀντὶ
2828 2966 2919 3019 τοῦ
2942 2967 3430 3048 προπηλακίζομεν,
3453 2975 3623 3034 έλαύ-

2038 3065 2212 3118 νομεν,
2237 3039 2584 3121 ἐκὸάλλομεν.
2610 3080 2681 3116 ῖ-
2702 3050 3058 3128 προσὲλοῦμεν
3082 3073 3097 3113 :
3124 3054 3475 3136 “Υ6ρίζομεν,
3500 3066 3627 3122 ἀτι-

2037 3129 2289 3209 μάζομεν.
2321 3147 2413 3195 Br.
2445 3132 2784 3211 ἀτιμάζομεν.
2825 3146 2945 3195 vict.
2976 3144 3248 3218 προσελεῖν
3290 3145 3351 3205 τὸ
3388 3148 3619 3231 ὓὸρίζειν
3650 3181 3711 3222 ³0

2036 3219 2260 3280 Ἀττικοὶ
2275 3221 2457 3304 φασίν.
2477 3234 2532 3279 Ε.
2558 3223 2831 3301 προσελεῖν
2852 3223 2913 3281 τὸ
2937 3226 3181 3307 ὑδρίζειν.
3218 3243 3348 3292 Vict.

2115 3309 2207 3368 καὶ
2230 3311 2474 3392 πυρρίαις
2504 3331 2517 3369 :
2542 3308 2680 3368 Ἀντὶ
2703 3315 2794 3367 τοῦ
2816 3309 3032 3380 δούλοις.
3063 3316 3227 3395 ὄνομα
3253 3321 3357 3402 γὰρ
3380 3324 3570 3385 δούλου
3590 3331 3620 3386 δ

2039 3397 2291 3476 Πυρρίας.
2322 3397 2464 3478 [ἀπό
2491 3420 2628 3462 τινος
2660 3395 2845 3456 δούλου
2879 3402 3143 3482 Πυρρίου,
3168 3410 3239 3474 ὣς
3264 3409 3355 3472 καὶ
3380 3412 3619 3482 Ξανθίας

2037 3482 2143 3541 ἀπὸ
2178 3485 2408 3544 Ξανθίου
2435 3484 2589 3551 τινός.
2620 3474 2693 3541 ὧν
2721 3487 2749 3541 ὃ
2792 3484 2886 3562 μὲν
2915 3490 3110 3570 πυρρὸς
3132 3484 3196 3564 ἦν
3234 3493 3330 3566 τὴν
3359 3497 3554 3576 κόμην,
3586 3506 3617 3561 ὁ

2038 3569 2091 3628 δὲ
2117 3569 2309 3639 ξανθός.
2343 3581 2670 3654 φαρμακοῖσι
2703 3569 2833 3653 δὲ,]
2857 3580 2962 3642 τοῖς
2993 3579 3295 3658 λεγομένοις
3321 3588 3611 3667 καθάρμα-
3644 3631 3703 3672 25

2037 3680 2136 3716 σιν.
2161 3689 2230 3699 —
2253 3658 2609 3740 καθάρμασιν.
2638 3674 2728 3721 ΒΓ.
2753 3665 3107 3741 φαρμακοῖσι,
3132 3669 3461 3750 καθάρμασι.
3487 3674 3617 3743 τοὺς

2035 3742 2138 3826 γὰρ
2162 3744 2388 3826 φαύλους
2402 3745 2494 3805 καὶ
2517 3747 2663 3828 παρὰ
2686 3753 2779 3820 τῆς
2799 3746 3000 3828 φύσεως
3020 3753 3516 3833 ἐπιδουλευομένους
3538 3765 3619 3831 εἶς

2038 3831 2352 3911 ἀπαλλαγὴν
2373 3836 2581 3914 αὐχμοῦ
2601 3835 2636 3906 ἢ
2656 3839 2810 3913 λιμοῦ
2830 3836 2869 3908 ἤ
2887 3861 3021 3906 τινος
3044 3844 3147 3899 τῶν
3166 3844 3415 3904 τοιούτων
3435 3846 3616 3927 ἔθυον,

2037 3917 2123 3985 οὓς
2151 3919 2369 3978 ἐκάλουν
2394 3920 2730 4000 καθάρματα.
2758 3933 2817 3979 0.
3232 3937 3237 3942 “
3300 3915 3307 3922 “
3574 3975 3593 3990 .

2117 4025 2214 4065 736.
2260 4010 2491 4086 χρῆσθαι
2519 4007 2773 4078 δηλονότι.
2797 4022 2857 4068 R.
2885 4010 2939 4078 ἐξ
2967 4011 3112 4081 ἀξίου
3135 4020 3259 4093 γοῦν
3287 4026 3381 4079 τοῦ
3410 4020 3564 4089 ξύλου
3599 4045 3617 4084 :
3648 4064 3707 4104 ⁴0

2041 4094 2203 4176 Παρὰ
2243 4095 2339 4166 τὴν
2374 4095 2689 4175 παροιμίαν,
2715 4097 2820 4156 ἀπὸ
2855 4101 3021 4158 καλοῦ
3045 4100 3198 4169 ξύλου
3231 4105 3332 4165 κᾶν
3364 4109 3621 4190 ἀπάγξα-

2041 4185 2181 4241 σθαι.
2212 4182 2348 4239 θέλει
2376 4173 2464 4241 οὗν
2496 4183 2685 4261 λέγειν,
2715 4183 2920 4263 βέλτιόν
2956 4188 3068 4247 ἐστι
3095 4195 3330 4271 χρῆσθαι
3356 4201 3464 4265 τοῖς
3492 4222 3620 4277 γεν-

2039 4267 2200 4335 ναίοις
2228 4274 2536 4350 στρατηγοῖς
2563 4269 2655 4329 καὶ
2680 4272 3141 4352 δεδοκιμασμένοις
3169 4277 3205 4349 ἢ
3241 4283 3350 4349 τοῖς
3375 4284 3616 4366 φαύλοις.

2039 4353 2139 4413 κᾶν
2161 4353 2263 4437 γὰρ
2288 4354 2379 4435 δέῃ
2398 4359 2603 4430 παθεῖν,
2627 4366 2860 4440 κρεῖττον
2886 4362 2977 4420 ἀπ’
3009 4365 3209 4443 ἀγαθοῦ
3231 4366 3267 4439 ἢ
3292 4371 3493 4448 φαύλου
3512 4375 3623 4433 πά-

2040 4463 2205 4521 σχειν.
2850 4503 2855 4507 -

2119 4548 2215 4595 738.
2261 4527 2323 4600 νὴ
2364 4527 2453 4587 τὸν
2482 4529 2585 4598 Δία
2613 4530 2702 4590 τὸν
2733 4534 2962 4614 Σωτῆρα
3008 4555 3022 4595 z
3059 4535 3304 4615 [Αἰακὸς
3328 4540 3403 4623 ἢ]
3427 4545 3623 4605 Πλού-
3651 4510 3704 4549 ⁴⁵

2036 4639 2197 4683 τωνος
2219 4614 2422 4688 οἰκέτης
2446 4618 2575 4699 πρὸς
2600 4618 2689 4676 τὸν
2717 4625 2808 4678 τοῦ
2833 4622 3083 4682 Διονύσου
3111 4627 3365 4689 Ξανθίαν.
3393 4631 3619 4711 [κορω-

2037 4702 2111 4769 νὶς
2134 4701 2190 4761 δὲ
2214 4702 2476 4764 εἰσιόντων
2498 4696 2644 4772 αὗθις
2663 4710 2766 4763 τῶν
2790 4710 3102 4789 ὑποκριτῶν.
3131 4716 3179 4772 οἱ
3205 4714 3259 4774 δὲ
3286 4717 3458 4798 στίχοι
3486 4722 3621 4796 ἰαμ-

2038 4790 2180 4851 euml
2201 4790 2469 4873 τρίμετροι
2493 4793 2855 4865 ἀκατάληκτοι
2883 4798 2984 4864 ος’.
3009 4790 3082 4857 ῶν
3109 4804 3408 4873 τελευταῖος

2231 4931 2580 4996 ἐσπουδάκωσι,
2600 4934 2830 4999 κλαύμαθ’
2852 4940 2963 5000 ἡμῖν
2977 4939 3271 5020 γενήσεται]
3649 4982 3706 5019 ω

2116 5073 2219 5115 7⁴0.
2264 5053 2469 5135 [βινεῖν
2497 5073 2512 5115 :
2545 5057 2934 5136 Συνουσιάζειν,
2958 5064 3164 5141 γαμεῖν.
3190 5063 3273 5124 ὅτι
3295 5069 3343 5126 01
3368 5067 3617 5150 κομίζον-

3816 1262 3822 1303 d
