3859 5725
1373 285 1539 347 SCH
1555 285 1759 346 OLIA
1810 287 1904 349 IN
1957 289 2339 352 PLUTUM.

3349 306 3455 357 341

248 442 332 486 τες
359 414 559 497 σχολὴν
594 415 750 497 χάριν
796 418 899 474 τῶν
934 412 1119 496 ἔργων.
1153 417 1216 474 V.
1263 414 1379 474 ἀντὶ
1416 422 1507 475 τοῦ
1547 418 1643 475 οὒκ
1670 414 1815 482 ὄντος
1854 457 1865 485 ,
1901 420 2211 499 θρεττανελὸ
2245 424 2339 491 τῆς
2380 418 2542 500 λύρας
2584 417 2884 500 ἀπήχημα,
2915 419 3007 478 καὶ
3043 421 3460 487 οὖσυνάπτεται

247 511 452 588 καιροῦ.
484 518 545 566 R.
560 518 624 566 V.

1899 504 2029 586 πρὸς
2060 505 2155 578 τὴν
2201 506 2458 576 σύνταξιν·
2495 505 2633 566 ἀλλὰ
2660 507 2790 567 διότι
2817 508 2908 568 καὶ
2937 508 3088 576 αὐτὸς
3122 501 3241 589 ᾖδε,
3276 513 3463 572 τούτου

331 626 429 665 288.
470 606 678 663 πολλῶν
699 599 876 678 θύμων
902 619 918 660 t
940 598 1050 681 [Τὸ
1070 601 1279 659 πολλῶν
1299 599 1477 678 θύμων
1496 600 1638 681 ῥίζας
1654 603 1814 659 ἐκπε-
1898 591 2055 674 χάριν
2098 592 2356 665 ἐνέθηκεν.
2398 599 2445 654 οἱ
2492 592 2546 653 δὲ
2591 593 2825 674 λέγοντες
2857 595 2944 654 τὸν
2985 597 3305 677 θρεττανελὸ
3351 599 3464 661 Κύ-

252 697 445 777 ρῶντες
467 695 696 751 τοιοῦτον
722 688 834 769 ἔχει
857 687 946 747 τὸν
971 693 1111 747 νοῦν.
1137 691 1185 746 οἱ
1216 687 1311 760 τὴν
1341 687 1581 759 Ἀττικὴν
1609 690 1815 746 οἷκοῧν-
1900 683 2090 739 κλωπα
2110 726 2126 755 ,
2146 683 2303 760 ἤγουν
2328 682 2416 742 τὸν
2440 682 2629 764 ᾄδοντα
2644 683 2704 743 τὸ
2719 683 3040 765 θρεττανελὼ
3056 729 3072 757 ,
3094 685 3185 744 καὶ
3208 686 3294 745 διὰ
3311 694 3463 748 τοῦτο

194 801 222 840 5
246 805 334 848 τες
375 779 620 853 πένητες,
664 778 778 837 ἐπεὶ
822 775 897 857 μὴ
925 769 1067 856 εἶχον
1108 774 1202 842 τὰς
1243 777 1302 833 ἐκ
1346 779 1450 833 τῶν
1497 773 1815 855 σπερμάτων
1855 845 1863 869 ι
1899 768 1991 827 καὶ
2017 768 2078 827 τὸ
2102 771 2181 827 λω
2209 769 2596 850 μεγεθύνοντες,
2623 774 2857 847 ἀμαθεῖς.
2887 778 3041 830 τοῦτο
3067 771 3121 831 δὲ
3146 775 3207 832 ἐκ
3237 772 3460 835 Κύκλω-
3488 798 3514 836 5

246 871 444 949 τροφὰς
490 865 865 946 (ἀνεπιτήδειος
907 863 1009 945 γὰρ
1054 868 1083 922 6
1117 862 1273 930 τόπος
1314 854 1377 934 ἦν
1423 865 1493 929 εἰς
1537 859 1815 941 γεωργίαν,

246 956 544 1036 κατάξηρος
566 952 638 1013 ὧν
653 958 670 1032 )
686 1000 702 1027 ,
722 954 900 1028 ἤσθιον
926 953 1118 1030 θύμους
1134 998 1149 1024 ,
1177 950 1266 1018 οὓς
1285 955 1334 1010 οἱ
1356 951 1518 1010 κοινοὶ
1542 949 1762 1031 βολὸοὸς
1780 949 1814 1019 ἢ

246 1044 653 1126 ἀγριοκρόμμυα
679 1041 854 1123 φασίν.
882 1040 1026 1119 λέγει
1053 1046 1177 1119 γοῦν
1203 1044 1232 1098 6
1257 1038 1411 1119 χορὸς
1438 1042 1542 1098 τῶν
1574 1038 1813 1110 πενήτων

244 1134 331 1194 ὅτι
369 1138 524 1211 ἡμεῖς
562 1131 736 1191 πολλὰ
775 1129 1150 1202 κοπιάσαντες,
1188 1128 1279 1187 καὶ
1317 1133 1489 1186 ταῦτα
1526 1129 1620 1186 οὐκ
1660 1126 1818 1197 οὔσης

171 1249 220 1290 10
245 1222 429 1290 ἀδείας
467 1224 623 1298 ἡμῖν,
649 1220 876 1297 ἤλθομεν
914 1216 1049 1296 μετὰ
1082 1215 1374 1297 προθυμίας
1404 1208 1525 1276 ὧδε.
1550 1227 1686 1274 sunt.
1721 1213 1815 1274 θύ-

244 1333 364 1389 μων
391 1330 406 1371 :
437 1309 900 1391 Ἀγριοκρόμμυον.
933 1320 1026 1365 Dv.
1069 1303 1533 1386 σκυλοκρομμύων.
1565 1302 1658 1384 R]
1700 1302 1817 1362 ἀντὶ

249 1404 342 1458 τοῦ
369 1396 595 1464 πολλοὺς
618 1393 819 1478 ἀγρούς.
849 1391 1137 1475 θυμοφόρος
1166 1391 1269 1474 γὰρ
1299 1397 1334 1464 ἡ
1357 1392 1582 1463 Ἀττική.
1610 1402 1671 1450 R.

330 1508 701 1585 διεκπερῶντες
731 1523 745 1563 :
776 1500 914 1561 Ἀντὶ
950 1506 1041 1559 τοῦ
1067 1502 1397 1580 παρορῶντες
1428 1495 1518 1556 καὶ
1548 1494 1817 1577 παρατρέ-

241 1617 428 1675 χοντες
453 1591 553 1651 {mh
574 1597 668 1664 τῆς
704 1591 838 1669 ἄγαν
878 1588 1132 1659 σπουδῆς,
1168 1586 1259 1644 καὶ
1284 1585 1446 1652 αὐτὰς
1483 1584 1546 1656 δὴ
1580 1583 1676 1651 τὰς
1711 1588 1816 1643 τῶν

172 1701 221 1739 15
248 1682 433 1760 θύμων
459 1680 601 1762 ῥίζας
635 1679 847 1737 πολλῶν
880 1675 1060 1749 ὄντων,
1090 1673 1150 1742 ἃς
1179 1672 1232 1743 ἐξ
1265 1672 1408 1738 ἔθους
1446 1671 1655 1752 εἴχομεν
1689 1673 1816 1731 συλ-

239 1768 437 1847 λέγειν.
462 1781 600 1828 sunt.
636 1768 992 1832 ἀνασπῶντες.
1015 1776 1113 1823 Dv.
1142 1762 1484 1827 διασπῶντες.
1518 1771 1582 1819 Ρ.

326 1896 427 1936 284.
472 1877 589 1933 ἀλλ’
612 1874 708 1932 οὒκ
735 1871 809 1931 ἔτ’
837 1891 851 1932 :
873 1872 1153 1946 Οὐδαμῶς.
1173 1869 1411 1927 Πλοῦτον
1439 1887 1452 1924 :
1472 1864 1580 1925 Τὸν
1599 1863 1732 1923 θεόν.
1751 1874 1813 1922 Ρ.

332 1984 429 2023 285.
474 1962 615 2043 ἄγων
649 1966 677 2020 6
710 1958 966 2030 δεσπότης
995 1978 1009 2018 :
1038 1955 1214 2033 Ἄγω,
1249 1955 1308 2013 τὸ
1338 1953 1506 2035 φέρω,
1528 1951 1590 2010 τὸ
1622 1953 1814 2030 ὁδηγῶ·

240 2052 393 2130 ἄγω,
419 2051 479 2111 τὸ
506 2049 728 2127 νομίζω,
763 2048 874 2127 ἄγω
902 2046 962 2105 τὸ
988 2048 1146 2123 τιμῶ·
1175 2042 1268 2103 καὶ
1298 2041 1411 2121 ἄγω
1433 2040 1492 2100 τὸ
1529 2038 1812 2120 συντρίὸω,

155 2154 212 2196 2⁰
240 2144 339 2222 ἀφ’
368 2131 428 2199 οὗ
447 2138 506 2197 τὸ
530 2136 808 2211 κατέαξαν,
822 2135 936 2195 ἀντὶ
949 2139 1039 2193 τοῦ
1062 2130 1394 2213 συνέτριψαν.
1414 2141 1551 2189 sunt.
1571 2126 1813 2199 ποιήσειε

239 2226 608 2299 Καταστήσει.
645 2237 703 2287 Ρ.

324 2346 423 2387 28⁶.
467 2325 626 2390 ὅντως
656 2343 671 2383 :
694 2318 859 2382 Ἐστι
883 2321 1179 2388 πλουτῆσαι
1204 2318 1365 2392 ἡμᾶς.
1393 2326 1455 2373 Ρ.
1481 2313 1609 2392 ἡμὶν
1638 2302 1771 2370 εἶναι
1797 2331 1812 2371 :

236 2415 343 2475 Ἐν
390 2413 651 2494 Σοφοκλεῖ
692 2408 896 2490 εἴρηται
922 2405 1046 2489 περὶ
1088 2410 1181 2464 τοῦ
1210 2402 1356 2482 ἡμὶν,
1385 2400 1465 2462 ὅτι
1495 2401 1587 2462 καὶ
1633 2397 1809 2482 βραχύ

238 2505 391 2575 ἐστι,
419 2500 498 2560 διὸ
525 2500 617 2558 καὶ
639 2497 891 2567 ὀξύνεται.
923 2508 977 2554 Ρ.

152 2629 209 2670 25
323 2626 423 2666 287.
467 2602 641 2671 Μίδας
668 2600 762 2680 μὲν
792 2592 882 2661 οὗν
915 2620 930 2661 2
958 2597 1168 2676 Μίδας,
1208 2592 1452 2676 βασιλεὺς
1478 2590 1552 2651 ὢν
1575 2590 1815 2674 Φρυγίας

233 2691 663 2764 πλουσιώτατος,
690 2680 803 2750 ὦτα
825 2688 942 2749 ὄνου
970 2687 1116 2767 ἔσχε.
1151 2691 1304 2744 τοῦτο
1330 2674 1417 2742 οὖν
1446 2681 1815 2763 παροιμιωδῶς

234 2782 455 2862 ἐλέγετο
470 2781 557 2840 ἐπὶ
583 2777 770 2839 τούτου
787 2823 803 2851 ,
821 2778 941 2850 ἤτοι
959 2775 1039 2834 ὅτι
1059 2772 1280 2840 πολλοὺς
1302 2768 1639 2837 ὠτακουστὰς
1654 2760 1811 2847 εἶχεν,

237 2871 278 2945 ἢ
313 2870 396 2930 ὅτι
426 2868 612 2947 κώμην
645 2867 887 2949 Φρυγίας
922 2863 1197 2943 κατέσχεν,
1225 2859 1339 2933 ἥτις
1370 2849 1520 2920 ιιὨτα
1551 2858 1671 2918 ὄνου
1695 2856 1813 2917 ἐλέ-

235 2983 388 3040 γετο.
414 2957 626 3036 λέγεται
655 2955 710 3015 δὲ
742 2954 912 3034 τούτῳ
940 2952 1028 3011 τὸν
1054 2948 1349 3012 Πακτωλὸν
1384 2945 1579 3027 χρυσὸν
1608 2949 1809 3028 ῥεῦσαι.

151 3067 211 3108 ³0
238 3048 461 3126 λέγεται
489 3045 543 3104 δὲ
571 3043 728 3103 αὐτὸν
764 3041 923 3101 πάλιν
949 3038 1194 3107 εὔξασθαι
1220 3035 1356 3095 ὥστε
1383 3033 1557 3092 πάντα
1573 3031 1811 3112 γενέσθαι

242 3135 465 3218 χρυσὸν,
487 3124 561 3191 ῶν
585 3131 649 3191 ἂν
677 3131 890 3212 ἅψαιτο.
920 3127 956 3199 ἢ
990 3126 1105 3186 ἐπεὶ
1137 3124 1248 3192 ὄνος
1264 3125 1475 3199 ’μᾶλλον
1499 3119 1678 3181 ἀκούει
1705 3123 1810 3179 τῶν

236 3226 420 3285 ἄλλων
448 3221 596 3302 ζῴων
619 3218 758 3289 πλὴν
793 3216 934 3297 μυός·
955 3215 1046 3275 καὶ
1070 3213 1242 3279 Μίδας
1257 3211 1311 3270 δὲ
1333 3207 1556 3276 πολλοὺς
1574 3210 1811 3268 ὠτακου-

236 3311 372 3378 στὰς
395 3302 554 3391 εἶχεν.
586 3309 634 3368 οἵ
658 3307 715 3366 δέ
743 3328 925 3388 φασιν,
953 3302 1035 3363 ὅτι
1061 3300 1220 3383 ψέξας
1245 3297 1374 3359 ποτὲ
1395 3297 1483 3356 τὸν
1506 3297 1753 3357 Διόνυσον
1781 3300 1810 3355 6

240 3401 420 3466 Μίδας
451 3395 747 3476 μετεὸλήθη
779 3396 851 3461 εἰς
889 3393 1024 3452 ὄνον.
1053 3388 1088 3461 ἢ
1125 3387 1206 3448 ὅτι
1250 3387 1397 3453 ὄνους
1431 3390 1523 3444 τοῦ
1557 3383 1809 3445 Διονύσου

149 3513 207 3552 35
234 3486 527 3569 παριόντας
552 3484 792 3557 ἠδίκησε·
823 3480 902 3541 διὸ
925 3477 1177 3562 ὀργισθεὶς
1200 3480 1228 3534 6
1256 3475 1367 3542 θεὸς
1389 3463 1499 3532 ὦτα
1523 3472 1640 3532 ὄνου
1665 3475 1810 3554 αὐτῷ

233 3582 400 3659 περιῆ
443 3599 512 3633 εν.
542 3577 591 3633 οἱ
621 3573 703 3640 δὲ,
723 3569 802 3630 ὅτι
834 3560 947 3630 ὦτα
977 3565 1183 3647 μεγάλα
1212 3561 1361 3645 φύσει
1385 3551 1543 3641 εἶχεν.
1651 3558 1810 3641 [Ἄλ-

233 3669 368 3733 λως.
397 3687 427 3724 ο
520 3687 544 3730 ς
563 3666 591 3721 6
615 3661 791 3727 Μίδας
818 3657 1017 3740 σφόδρα
1036 3652 1281 3718 πλούσιος
1298 3643 1382 3723 ἦν·
1404 3650 1570 3729 ᾔτησε
1598 3649 1720 3730 γὰρ,
1739 3649 1810 3716 ὥς

234 3776 401 3837 φασι,
433 3751 552 3818 τοὺς
573 3747 717 3815 θεοὺς
737 3792 753 3820 ,
781 3745 815 3805 6'
836 3769 888 3805 τι
915 3744 979 3804 ἂν
1005 3746 1078 3811 εἰς
1111 3750 1292 3822 χεῖρας
1317 3737 1461 3818 λάὸῃ
1492 3737 1684 3819 χρυσὸν
1720 3737 1808 3817 γίκ

235 3846 440 3902 νεσθαι·
464 3837 556 3898 καὶ
579 3836 753 3916 τυχὼν
772 3840 867 3907 τῆς
895 3835 1084 3913 εὐχῆς,
1108 3826 1513 3907 λιμαγχονηθεὶς
1532 3825 1806 3886 ἀπέθανεν·

145 3953 205 3992 ιο
232 3930 342 3990 ὅσα
381 3927 483 4008 γὰρ
509 3924 804 4002 ἔλάμὸανεν
834 3924 932 4002 [εἰς
968 3917 1165 4001 τροφὴν
1191 3924 1348 3987 Junt.]
1381 3917 1452 3981 εἰς
1480 3914 1677 3994 χρυσὸν
1713 3938 1809 3993 με,

232 4015 544 4078 τεὸάλλετο.
595 4011 902 4091 μυθεύονται
939 4006 994 4067 δὲ
1023 4004 1178 4065 αὐτὸν
1219 4002 1310 4062 καὶ
1351 3992 1462 4061 ὦτα
1490 4002 1612 4062 ὄνου
1648 4002 1806 4082 ἔχειν,

229 4105 319 4165 ὅτι
347 4101 416 4161 τὰ
459 4106 553 4173 τῆς
597 4105 758 4171 ἀκοῆς
794 4095 1112 4177 αἰσθητήρια
1146 4092 1370 4171 μέγιστα
1415 4077 1574 4169 εἶχεν,
1621 4081 1808 4173 οἷάπερ

231 4194 372 4258 ὄνος·
399 4190 461 4249 τὸ
486 4190 532 4248 δ’
565 4185 785 4259 ἀληθὲς,
813 4185 894 4245 ὅτι
917 4181 1139 4250 πολλοὺς
1163 4171 1301 4259 εἶχεν
1337 4177 1703 4253 ὠτακουστὰς,
1738 4184 1808 4248 ὣς

229 4279 395 4341 πάντ’
418 4278 559 4358 ἔχειν
579 4275 849 4354 γινώσκειν
864 4273 932 4331 τὰ
954 4274 1007 4330 ἐν
1020 4272 1195 4349 τῆ·ὓπ’
1212 4270 1356 4348 αὐτῷ
1375 4266 1528 4349 χώρᾳ
1547 4267 1807 4346 λεγόμενά

139 4391 200 4434 45
230 4394 293 4429 τε
322 4366 416 4427 καὶ
441 4364 803 4447 πραττόμενα.
831 4360 892 4420 τὸ
913 4358 969 4421 δὲ
994 4357 1088 4436 μὲν
1109 4349 1216 4429 οὗν,
1244 4355 1361 4415 ἀντὶ
1383 4362 1474 4414 τοῦ
1506 4354 1580 4415 δέ.
1607 4356 1807 4437 ἐμφαί-

228 4482 315 4518 νει
345 4455 401 4515 δὲ
431 4458 683 4526 ἐντεῦθεν,
710 4455 780 4520 ὡς
805 4453 907 4531 οὔχ
928 4450 1107 4515 ἁπλῶς
1125 4445 1404 4512 πλουσίους
1428 4443 1662 4518 ποιήσει,
1692 4445 1806 4506 Μί-

232 4548 337 4612 δας
363 4543 418 4602 δὲ
439 4540 593 4602 οἱονεὶ
616 4537 973 4620 ὖπερὸολικῶς
994 4534 1300 4606 πλουσίους,
1329 4525 1431 4599 οἶος
1458 4535 1487 4589 6
1527 4532 1752 4614 Μίδας]

313 4651 413 4692 288.
457 4634 526 4698 ὥς
551 4628 747 4705 ἥδομαι
787 4625 958 4687 :Acen
986 4623 1349 4705 εὖφραίνομαι.
1381 4631 1446 4680 P.

316 4756 415 4796 που.
458 4733 766 4817 θρεττανελὸ
794 4732 883 4791 τὸν
914 4729 1187 4791 Κύκλωπα
1214 4748 1228 4788 :
1261 4727 1361 4808 [Ἡ
1393 4732 1484 4786 τοῦ
1515 4725 1806 4794 Κύκλωπος

134 4863 199 4902 50
228 4822 445 4906 ἱστορία
470 4822 622 4895 δήλη·
642 4820 722 4880 ὅτι
743 4818 944 4898 ποιμὴν
966 4815 1038 4875 ὧν
1053 4816 1145 4876 καὶ
1159 4814 1323 4898 λύραν
1345 4814 1607 4895 κατέχων,
1626 4818 1806 4893 ἠγεῖτο

226 4922 343 4981 τοῖς
368 4913 525 4971 αὐτοῦ
555 4908 849 4992 θρέμμασι,
875 4907 966 4967 καὶ
988 4906 1069 4964 ὅτι
1089 4905 1245 4963 αὐτὸν
1268 4903 1557 4970 Ὀδυσσεὺς
1581 4901 1807 4982 ἐτύφλω-

232 5024 346 5063 σεν.
376 4998 556 5079 ὥσπερ
585 4989 674 5057 οῧν
704 5000 925 5069 ἐκεῖνος,
959 4994 1095 5053 οὕτω
1129 4991 1221 5052 καὶ
1258 4983 1403 5059 οὗτος
1434 4983 1495 5063 ἦν
1530 4990 1658 5069 πρὸς
1687 4988 1806 5056 τοὺς

229 5089 513 5172 γέροντας,
538 5084 675 5168 ᾄδων
697 5085 788 5144 καὶ
808 5081 1156 5164 πορευόμενος
1179 5082 1292 5159 μετ’
1314 5083 1504 5139 αὐτῶν.
1528 5079 1639 5138 ἔστι
1662 5075 1714 5136 δὲ
1742 5076 1803 5136 τὸ

1899 878 1997 921 πος
2016 855 2299 925 Φιλοξένου
2328 856 2456 915 ἐστί·
2491 856 2746 930 πεποίηκε
2773 857 2876 940 γὰρ
2902 849 3049 926 οὗτος
3075 858 3161 918 τὸν
3194 860 3467 923 Κύκλωπα

1900 942 2246 1024 κιθαρίζοντα.
2276 944 2361 1003 διὰ
2387 943 2442 1003 δὲ
2463 952 2557 1004 τοῦ
2581 947 2765 1018 εἰπεῖν,
2789 945 2880 1005 καὶ
2902 954 3011 1005 τοῖν
3033 948 3213 1006 ποδοῖν
3235 949 3331 1008 ὡδὶ
3358 975 3462 1011 πα-

1903 1030 2245 1112 ρενσαλεύων,
2271 1030 2458 1100 ἔδειξεν
2483 1031 2563 1092 ὅτι
2577 1031 2706 1115 πρὸς
2726 1032 2823 1106 τὴν
2842 1034 3014 1113 πυγὴν
3035 1034 3221 1103 αὐτοὺς
3238 1042 3314 1118 τῷ
3341 1041 3463 1100 ποδὶ

1901 1116 2137 1199 ἔτυψεν]
2224 1119 2302 1196 (τὸ
2330 1118 2386 1179 δὲ
2415 1121 2562 1193 ἑξῆς,
2591 1119 2681 1180 καὶ
2703 1121 2807 1199 μὴν
2833 1120 2939 1200 ἐγὼ
2971 1121 3300 1202 βουλήσομαι
3329 1131 3464 1205 ὑμᾶς

1903 1202 2065 1281 ἄγειν.
2094 1205 2326 1288 διασύρει
2360 1208 2414 1265 δὲ
2431 1207 2711 1277 Φιλόξενον
2737 1209 2826 1268 τὸν
2849 1209 3118 1289 τραγικὸν,
3143 1210 3196 1278 ὃς
3214 1213 3463 1295 εἰσήγαγε
3497 1236 3547 1276 Ιο

1901 1292 2230 1374 κιθαρίζοντα
2265 1294 2354 1354 τὸν
2397 1292 2743 1377 Πολύφημον.
2787 1297 2848 1355 τὸ
2885 1295 2940 1356 δὲ
2977 1300 3284 1378 θρεττανελὸ
3315 1303 3463 1363 ποιὸν

1903 1378 2059 1456 μέλος
2080 1380 2172 1440 καὶ
2190 1382 2505 1463 κρουμάτιόν
2535 1387 2663 1443 ἐστι·
2694 1384 2755 1443 τὸ
2776 1385 2830 1443 δὲ
2847 1430 2863 1457 ,
2892 1414 2917 1439 σι
2941 1387 3059 1444 ἀλλ’
3079 1376 3161 1444 εἶα
3189 1386 3343 1447 τέκεα
3369 1396 3464 1450 θα-

1903 1465 2007 1544 μίν’
2025 1470 2445 1543 ἐπαναὸοῶντες,
2470 1498 2493 1523 υ
2511 1475 2571 1531 ἐκ
2586 1478 2674 1531 τοῦ
2696 1471 2992 1541 Κύκλωπος
3011 1472 3296 1542 Φιλοξένου
3310 1479 3462 1559 ἔστί.)

1982 1556 2266 1626 Φιλόξενον
2293 1559 2383 1617 τὸν
2413 1560 2854 1641 διθυραμὸοποιὸν
2881 1560 2933 1639 (ἢ
2965 1564 3463 1643 τραγῳδοδιδάσκα-

1900 1643 2011 1720 λον)
2039 1642 2302 1726 διασύρει,
2324 1645 2378 1713 ὃς
2402 1645 2462 1725 ἔγ
2496 1650 2598 1729 αψε
2623 1647 2711 1707 τὸν
2741 1647 2909 1730 ἔρωτα
2935 1655 3030 1709 τοῦ
3055 1650 3349 1721 Κύκλωπος
3374 1656 3463 1715 τὸν
3495 1681 3543 1720 ιε

1900 1730 1989 1789 ἐπὶ
2011 1735 2077 1811 τῆ
2102 1732 2396 1816 Γαλατείᾳ·
2427 1759 2452 1794 ε
2476 1759 2542 1794 τα
2570 1735 2787 1818 κιθάρας
2808 1729 2939 1816 ῆχον
2971 1737 3291 1816 μιμούμενος
3312 1745 3366 1801 ἐν
3388 1747 3464 1826 τῷ

1901 1818 2308 1898 συγγράμματι,
2350 1822 2506 1881 τοῦτό
2536 1822 2664 1904 φησὶ
2704 1822 2765 1881 τὸ
2806 1828 2951 1905 ῥῆμα
2988 1826 3313 1904 θρεττανελό.
3356 1832 3469 1889 ἐκεῖ

1899 1905 2002 1988 γὰρ
2027 1908 2227 1988 εἰσάγει
2257 1909 2345 1969 τὸν
2377 1909 2654 1971 Κύκλωπα
2690 1910 3020 1994 κιθαρίζοντα
3055 1914 3146 1974 καὶ
3174 1916 3464 1995 ἐρεθίζοντα

1898 1994 1997 2065 τὴν
2037 1996 2350 2057 Γαλάτειαν.
2393 1999 2509 2057 ἐπεὶ
2550 1990 2638 2059 οῧν
2667 2000 2767 2082 ἔφη
2806 2004 2834 2059 6
2869 2000 3050 2081 χορὸς,
3095 2030 3118 2055 α
3148 2003 3344 2082 ἥδομαι
3373 2008 3464 2068 καὶ

1899 2079 2164 2163 τέρπομαι
2200 2087 2291 2144 καὶ
2339 2086 2595 2166 βούλομαι
2634 2094 2915 2169 χορεῦσαι,
2957 2118 2980 2141 α
3009 2094 3037 2148 6
3064 2090 3269 2164 οἰκέτης
3304 2096 3462 2176 φησὶ,
3490 2131 3544 2170 20

1902 2195 1927 2220 n
1957 2169 2106 2248 κάγὼ
2148 2172 2476 2250 βουλήσομαι
2503 2174 2754 2256 χορεύειν.
2782 2203 2808 2228 π
2836 2176 2927 2235 καὶ
2960 2176 3076 2255 ἅμα
3118 2180 3381 2263 ἅναφωνεῖ
3403 2184 3465 2244 τὸ

1901 2255 2059 2333 μέλος
2087 2260 2269 2318 ἐκεῖνο.
2298 2265 2331 2331 ἡ
2360 2259 2460 2341 γὰρ
2487 2260 2678 2342 κιθάρα
2706 2261 2998 2343 κρουομένη
3039 2272 3270 2327 τοιοῦτον
3309 2269 3465 2346 μέλος

1897 2352 2066 2419 ποιεῖ,
2096 2347 2401 2428 θρεττανελὸ
2429 2349 2757 2429 θρεττανελό.
2794 2385 2871 2394 -
2897 2349 3032 2418 τινὲς
3060 2354 3366 2435 ἀγροικικὴν
3389 2349 3465 2417 εἷ·

1899 2432 1988 2491 ναί
2018 2456 2146 2513 φασι
2172 2432 2269 2507 τὴν
2298 2436 2494 2516 φωνήν.
2521 2446 2583 2494 V.
2706 2435 2928 2505 Ἄλλως.
2959 2442 2988 2496 6
3017 2440 3295 2512 Φιλόξενος
3330 2449 3358 2503 6
3386 2448 3465 2505 δι-

1900 2521 2285 2602 θυραμὸοποιὸς
2312 2525 2365 2582 ἐν
2389 2523 2607 2605 Σικελίᾳ
2625 2516 2690 2596 ἦν
2713 2523 2860 2608 παρὰ
2883 2528 3155 2610 Διονυσίῳ.
3178 2530 3389 2610 λέγουσι
3408 2533 3463 2593 δὲ
3491 2561 3544 2599 25
3649 2554 3656 2560 '

1898 2605 1979 2665 ὅτι
2005 2608 2132 2668 ποτὲ
2161 2610 2429 2692 Γαλατείᾳ
2465 2612 2611 2691 [τινὶ]
2637 2614 2926 2672 παλλακίδι
2962 2617 3236 2676 Διονυσίου
3267 2620 3464 2700 προσέ-

1901 2695 2058 2755 ὅαλε·
2097 2697 2188 2756 καὶ
2228 2697 2409 2776 μαθὼν
2443 2700 2712 2768 Διονύσιος
2742 2699 2982 2781 ἐξώρισεν
3013 2704 3170 2763 αὐτὸν
3207 2708 3280 2773 εἰς
3305 2709 3461 2768 λατο·

1900 2784 2045 2860 μίαν.
2070 2784 2273 2867 φεύγων
2296 2786 2350 2845 δὲ
2371 2789 2565 2847 ε’κεῖθεν
2585 2780 2739 2860 ἦλθεν
2760 2792 2832 2855 εἰς
2851 2787 2919 2847 τὰ
2941 2789 3038 2870 ὅρη
3062 2796 3164 2851 τῶν
3188 2795 3461 2879 Κυθήρων,

1897 2875 1989 2933 καὶ
2013 2877 2122 2934 ἐκεῖ
2142 2878 2320 2958 δρᾶμα
2337 2876 2435 2949 τὴν
2457 2877 2754 2939 Γαλάτειαν
2774 2878 3039 2952 ἐποίησεν,
3061 2883 3114 2939 ἐν
3132 2873 3177 2963 ᾧ
3196 2885 3463 2965 εἰσήνεγκε

1894 2959 1984 3020 τὸν
2011 2961 2288 3022 Κύκλωπα
2311 2968 2510 3046 ἐρῶντα
2528 2970 2622 3037 τῆς
2643 2965 2964 3034 Γαλατείας·
2987 2973 3142 3027 τοῦτο
3162 2971 3217 3029 δὲ
3242 2974 3460 3034 αἰνιττό-
3489 3009 3542 3048 m

1897 3071 2050 3123 μενος
2073 3051 2144 3116 εἰς
2166 3052 2463 3111 Διονύσιον·
2488 3052 2747 3112 ἀπείκασε
2769 3052 2873 3133 γὰρ
2899 3054 3054 3114 αὐτὸν
3074 3060 3151 3138 τῷ
3174 3059 3460 3137 Κύκλωπι,

1895 3136 2011 3195 ἐπεὶ
2038 3136 2129 3195 καὶ
2152 3137 2306 3205 αὐτὸς
2328 3143 2357 3198 6
2385 3138 2653 3207 Διονύσιος
2680 3143 2773 3200 οὐκ
2803 3140 3101 3223 ὠξυδόρκει.

1908 3291 1920 3302 ·
1974 3244 2071 3284 εει.
2115 3225 2211 3284 ὡδὶ
2248 3246 2262 3286 2
2306 3226 2508 3295 Οὕτως.
2540 3228 2927 3309 παρασαλεύων
2954 3231 3250 3311 ε’Μετρίως
3285 3239 3460 3310 κινῶν,

1895 3308 2052 3393 ἔτυψε
2074 3311 2176 3394 γὰρ
2205 3314 2389 3382 αὐτοὺς
2411 3314 2537 3396 πρὸς
2558 3314 2654 3386 τὴν
2682 3315 2875 3393 πυγήν.
2906 3328 2969 3375 Ρ.
2999 3322 3408 3399 παρενσαλεύων
3440 3347 3456 3385 1

1894 3400 2234 3480 Παρακινῶν.
2277 3413 2405 3461 νισι.
3487 3445 3539 3484 :3⁸

1976 3506 2073 3546 292.
2117 3487 2263 3566 ἄγειν
2307 3510 2322 3550 t
2367 3489 2628 3569 Ὁδηγεῐν.
2671 3490 2790 3550 ἀλλ’
2834 3481 2919 3550 εἶα
2965 3513 2980 3553 :
3021 3489 3165 3572 Ἄγε.
3211 3496 3387 3574 θαμίν’
3442 3521 3456 3560 :

1894 3575 2138 3654 Συχνῶς,
2161 3577 2419 3646 πολλάκις
2441 3577 2694 3657 λέγοντες.
2721 3590 2784 3638 Ρ.
2811 3578 3056 3659 χλευάζει
3079 3579 3264 3649 αὐτοὺς
3284 3587 3355 3652 ὡς
3376 3586 3463 3664 γέ-

1894 3685 2092 3742 ροντας.
2118 3676 2175 3723 R.
2201 3677 2265 3723 V.

1972 3770 2069 3810 298.
2115 3749 2480 3832 βληχώμενοιζ
2506 3753 2664 3834 (Ποιᾷ
2680 3756 2826 3835 φωνῇ
2846 3752 3136 3834 χρώμενοι·
3161 3758 3461 3838 βληχᾶσθαι

1891 3836 1994 3919 γὰρ
2020 3838 2081 3898 τὸ
2102 3838 2170 3898 τὰ
2197 3840 2461 3922 προὸάτια
2488 3850 2616 3922 ποιᾷ
2644 3847 2936 3922 κεχρῆσθαι
2961 3848 3125 3924 φωνῇ.
3153 3845 3213 3905 τὸ
3237 3846 3291 3905 δὲ
3316 3847 3458 3922 ἑξῆς,
3487 3886 3540 3926 40

1895 3924 2230 4005 βληχώμενοι
2282 3926 2418 4003 μέλη
2460 3930 2530 3994 ὥς
2574 3930 2622 3986 οῖ
2667 3929 2853 4009 τράγοι
2895 3928 3071 3990 ἕπεσθ’
3109 3932 3462 4009 ἀπομύζοντες
3484 3975 3490 3982 -

1870 4012 2124 4082 ἑαυτούς.
2153 4013 2378 4094 κινάὸρα
2408 4013 2462 4073 δὲ
2500 4018 2533 4084 ἡ
2567 4014 2796 4073 δυσωδία
2823 4019 2928 4074 τῶν
2954 4020 3272 4097 μασχαλῶν,
3294 4017 3330 4090 ἢ
3357 4025 3460 4079 τῶν

1893 4101 2055 4178 αἰγῶν
2070 4126 2083 4138 ·
2110 4100 2480 4181 κιναόρῶντων
2507 4091 2617 4173 οῧν,
2635 4105 2740 4159 τῶν
2764 4101 3024 4162 δυσωδίαν
3040 4103 3314 4184 ἐχόντωνῆ
3333 4111 3456 4184 τῶν)

1891 4188 2178 4268 δυσοσμίαν
2205 4188 2492 4249 ποιούντων
2528 4192 2588 4248 ἐκ
2619 4192 2723 4247 τῶν
2765 4194 3078 4270 μασχαλῶν.
3108 4192 3298 4273 κυρίως
3340 4193 3395 4253 δὲ
3423 4199 3457 4265 ἡ

1888 4279 1993 4334 τῶν
2017 4280 2183 4336 κυνῶν
2215 4274 2372 4358 βορὰ,
2398 4274 2658 4358 κυνοὸορά
2679 4299 2758 4344 τις
2786 4268 2936 4339 οῧσα.
2966 4313 3047 4323 -
3073 4280 3410 4358 βληχώμενοι
3439 4302 3453 4340 :
3485 4321 3536 4356 ,ὅ

1894 4366 2149 4438 Βοῶνι-ες,
2174 4363 2416 4445 ᾅδοντες,
2445 4363 2699 4442 λέγοντες.
2729 4363 2790 4422 τὸ
2822 4365 3123 4444 βληχᾶσθαι
3149 4365 3458 4448 ἐπὶπραὸά-

1887 4475 2011 4513 των.
2042 4453 2360 4512 συνάπτεται
2380 4451 2510 4534 πρὸς
2532 4452 2592 4510 τὸ
2619 4450 2940 4531 προὸατίων.
2970 4465 3034 4512 P.

1968 4560 2064 4600 2⁹⁴.
2108 4538 2477 4621 κιναὸρώντων
2504 4560 2518 4600 :
2547 4537 2755 4616 Ὀσμὴν
2785 4538 3224 4618 ἀποπεμπόντων.
3264 4542 3400 4619 μέλη
3436 4564 3451 4604 t

1885 4626 2149 4714 ᾌσματα.
2175 4641 2237 4687 Ρ.

1967 4746 2064 4785 295.
2107 4724 2284 4783 ἕπεσθ’
2314 4743 2328 4784 2
2365 4724 2715 4784 Ἀκολουθεῖτε
2742 4721 2810 4781 τὰ
2838 4722 3011 4781 αἰδοῖα
3048 4722 3352 4791 δεικνύντες.
3391 4738 3450 4785 Ρ.
3482 4767 3533 4807 50

1886 4813 2071 4893 τράγοι
2094 4812 2139 4870 δ’
2167 4814 2498 4892 ἀκρατιεῖσθε
2525 4830 2539 4870 z
2572 4811 2691 4890 [Τὸ
2718 4809 2859 4882 ἑξῆς,
2881 4808 3066 4889 τράγοι
3094 4810 3137 4867 δ’
3169 4813 3452 4893 ἀπεψωλη-

1890 4901 2037 4978 μένοι
2060 4899 2428 4981 ἀκρατιεῖσθε]
2452 4897 2670 4975 [λείπει]
2699 4897 2759 4955 τὸ
2784 4901 2886 4972 ὥς,
2919 4897 3035 4955 ἀντὶ
3057 4902 3148 4956 τοῦ
3175 4901 3246 4965 ὡς
3270 4899 3453 4980 τράγοι

1888 4991 2096 5069 ἀκρατῆ
2122 4984 2410 5067 πράσσετε·
2441 4984 2555 5043 ἐπεὶ
2588 4983 2724 5062 μετὰ
2757 4982 2854 5055 τὴν
2885 4984 3159 5044 συνουσίαν
3190 4990 3238 5045 οἱ
3269 4987 3452 5065 τράγοι

1886 5074 2151 5154 λείχουσιν
2181 5076 2378 5133 ἑαυτῶν
2400 5072 2469 5132 τὰ
2495 5073 2664 5131 αἰδοῖα
2693 5073 2747 5130 ἐν
2768 5075 2845 5154 τῷ
2865 5070 3012 5153 ἄκρῳ
3043 5072 3207 5155 μέρει.
3229 5109 3309 5120 --
3334 5074 3451 5134 ἀντὶ
