3859 5725
1412 287 1793 350 SCHOLIA
1845 287 1936 348 IN
1990 287 2290 352 NUBES.

315 445 413 485 121.
457 423 582 506 [οὔκ
601 421 706 505 ἄρα
720 420 799 501 μὰ
811 420 908 494 τὴν
923 419 1187 501 Δήμητρα
1208 439 1223 481 :
1247 419 1481 488 Εἰκότως
1498 418 1595 493 τὴν
1618 418 1802 498 Δήμη-

224 537 334 594 τρα
376 513 618 592 ὄμνυσιν,
649 509 765 570 ἐπεὶ
790 510 912 591 περὶ
944 512 1147 591 τροφῶν
1184 511 1213 568 6
1239 507 1391 587 λόγος
1431 506 1562 569 ἐστί.
1605 506 1804 567 τούτων

224 601 337 683 γὰρ
377 606 413 675 ἡ
442 601 554 669 θεὸς
600 595 844 682 εὖρετίς]
885 597 991 657 ἔδει
1034 616 1051 658 2
1094 594 1209 655 ἀντὶ
1253 601 1344 655 τοῦ
1381 593 1567 677 φάγει,
1608 591 1805 675 θρέψει.

222 701 273 752 R
304 703 355 751 V
379 691 399 709 ⁶

166 794 199 834 5
317 757 412 838 123⁰.
453 776 560 837 οὔθ’
601 779 631 835 6
658 772 828 854 ζύγιος
860 772 968 832 οὗθ’
1008 776 1038 831 6
1077 768 1393 853 σαπφόραςε
1438 767 1620 846 Ζύγιοι
1649 767 1807 829 ἵπποι

228 867 520 925 καλοῦνται
553 866 603 924 οἱ
641 860 1059 938 ὁποὸαλλόμενοι
1102 862 1178 941 τῷ
1216 863 1311 918 τοῦ
1355 856 1588 939 ἅρματος
1633 860 1803 936 ζυγῷ,

227 950 501 1012 τουτέστιν
524 954 554 1011 6
581 950 740 1029 μέσος
767 947 927 1018 δεξιὸς
952 945 1044 1007 καὶ
1072 949 1102 1006 6
1142 944 1297 1024 μέσος
1318 943 1602 1026 ἀριστερός.
1630 943 1805 1025 [σαπ-

228 1040 392 1123 φόραι
415 1038 472 1100 δὲ
502 1042 553 1100 οῖ
587 1047 755 1119 σῖγμα
783 1037 991 1118 ἔχοντες
1014 1035 1135 1116 περὶ
1161 1033 1250 1093 τὸν
1280 1033 1466 1116 μηρόν.
1490 1032 1582 1092 καὶ
1604 1030 1690 1090 διὰ
1712 1037 1805 1091 τοῦ

232 1153 279 1208 μ
318 1127 413 1187 καὶ
451 1150 497 1186 π
545 1124 853 1209 γράφεται]
895 1165 974 1179 .-.
1016 1119 1291 1205 σαμφόρας
1339 1124 1369 1180 6
1424 1119 1562 1200 ἔχων
1611 1121 1683 1186 εἰς
1715 1116 1804 1177 τὸν

150 1237 205 1277 ιο
233 1215 404 1299 μηρὸν
440 1239 493 1277 σ.
512 1227 573 1275 Β.

316 1323 410 1364 123.
454 1303 592 1380 (ἀλλ’
607 1300 769 1370 ἐξελῶ
792 1299 840 1359 σ’
861 1300 914 1366 ἐς
935 1296 1167 1380 κόρακας
1187 1317 1203 1357 :
1224 1295 1365 1356 Ἀλλ’
1388 1294 1602 1355 ἱκὸαλῶ
1630 1318 1687 1354 σε
1712 1295 1804 1354 καὶ

232 1389 512 1461 ἀποδιώξει)
529 1393 589 1450 ἐκ
613 1393 709 1461 τῆς
729 1386 898 1455 οἰκίας
917 1391 1012 1460 τῆς
1039 1388 1185 1463 ἐμῆς.
1219 1383 1537 1465 τραχύτερον
1565 1382 1620 1443 δὲ
1659 1384 1803 1466 αὐτῷ

232 1478 532 1560 διαλέγεται
545 1477 637 1538 καὶ
658 1475 1029 1558 ἀπηνέστερον,
1053 1473 1133 1534 ὅτι
1155 1471 1250 1545 τὴν
1279 1473 1466 1532 ἐλπίδα
1488 1478 1581 1533 τοῦ
1604 1470 1803 1532 πείσειν

232 1569 390 1630 αὐτὸν
413 1567 694 1644 ἀπώλεσε.)

148 1673 207 1713 ιε
310 1677 412 1718 ηε.
453 1655 600 1738 [ἀλλ’
626 1656 687 1713 οὗ
709 1647 1014 1734 περιόψεταί
1042 1671 1109 1728 με
1136 1670 1150 1711 :
1177 1647 1336 1715 Εἰκὸς
1356 1648 1460 1729 γὰρ
1478 1639 1543 1720 ἦν
1563 1646 1655 1707 καὶ
1679 1651 1804 1706 τοῦ-

232 1770 343 1819 τον,
388 1741 768 1822 σεμνυνόμενον
814 1738 903 1799 ἐπὶ
927 1739 1044 1806 ταῖς
1080 1736 1220 1819 τρισὶ
1252 1736 1420 1803 νίκαις
1457 1740 1548 1795 τοῦ
1577 1734 1800 1817 πατρὸς,

232 1836 453 1909 ἥδεσθαι
494 1831 584 1892 τὸν
613 1828 883 1890 νεανίσκον
910 1831 1113 1910 ὁρῶντα
1152 1824 1536 1907 μετερχόμενον
1569 1822 1639 1884 τὰ
1664 1847 1801 1907 προ-

231 1920 416 1995 γονικὰ
439 1915 887 1997 ἐπιτηδεύματι]

315 2031 409 2071 125·
438 2007 666 2068 ἄνιππον
698 2029 715 2068 :
746 2005 929 2065 ἵππων
965 1998 1328 2085 ἐστερημένον.
1371 2004 1464 2061 σοῦ
1499 2021 1514 2061 :
1552 2004 1657 2061 τῶν
1694 2004 1800 2059 σῶν

146 2118 207 2158 20
232 2100 482 2159 ἀπειλῶν.
510 2108 571 2156 Β.

313 2188 450 2266 (133).
492 2183 610 2244 ἀλλ’
642 2182 750 2243 οὐδ’
783 2179 888 2261 ἐγὼ
912 2178 1131 2260 μέντοι;
1175 2177 1315 2239 Ἀλλ’
1356 2177 1463 2237 οὐδ’
1492 2175 1596 2256 ἐγὼ
1623 2177 1801 2255 μέντοι

230 2272 548 2353 [ἀθυμήσω,
598 2270 729 2330 διότι
775 2267 850 2347 μὴ
895 2265 1124 2326 πέπεικα
1163 2266 1254 2325 τὸν
1301 2264 1428 2337 υἱὸν,
1475 2263 1594 2324 οὐδὲ
1622 2263 1800 2324 τέλεον

236 2360 493 2443 ἀφέξομαι
502 2363 597 2431 τῆς
616 2356 833 2437 γνώμης
854 2361 949 2429 τῆς
970 2352 1331 2437 προκειμένης.
1359 2344 1487 2433 οἷον,
1506 2354 1595 2432 οὗ]
1618 2377 1800 2433 παρα-

229 2446 387 2507 δώσω
408 2445 634 2521 ἐμαυτὸν
660 2451 777 2511 ταῖς
792 2442 1001 2509 λύπαις.
1018 2475 1099 2487 -
1119 2444 1215 2501 οὐκ
1239 2439 1509 2518 ἀθυμήσω.
1539 2451 1597 2498 Β.

312 2535 448 2613 (127).
493 2531 771 2611 διδάξομαι
795 2552 810 2591 2
833 2534 944 2593 Νῦν
964 2528 1061 2607 μὲν
1082 2532 1383 2600 παθητικῶς
1406 2526 1717 2589 ἀποδεκτέον
1741 2527 1802 2588 τὸ

232 2613 528 2699 διδάξομαι.
557 2617 801 2702 βούλεται
817 2616 922 2698 γὰρ
946 2613 1119 2693 λέγειν
1145 2614 1553 2695 διδαχθήσομαι.
1599 2614 1711 2674 ἔστι
1744 2615 1799 2676 δὲ

231 2712 340 2775 τῶν,
389 2708 582 2786 μέσων·
622 2703 913 2777 παθητικὸν
968 2702 1071 2785 γὰρ
1120 2700 1231 2783 ἔχει
1278 2702 1368 2762 τὸν
1402 2703 1799 2783 σχηματισμὸν,

234 2796 497 2880 ἐνέργειαν
560 2793 616 2855 δὲ
673 2795 838 2866 δηλοῖ.
899 2790 1174 2870 διδάξομαι
1223 2791 1277 2849 δὲ
1333 2790 1421 2851 τὸν
1474 2792 1581 2851 υἱὸν
1647 2796 1798 2876 φιλο-

233 2893 410 2968 σοφεῖν
451 2880 763 2964 κυριώτερον
802 2878 837 2953 ἢ
885 2879 1093 2948 διδάξω.
1138 2877 1329 2948 διδάξω
1370 2876 1465 2956 μὲν
1514 2880 1618 2963 γὰρ
1653 2885 1681 2939 6
1723 2883 1801 2941 δι-

149 2997 208 3038 30
234 2973 500 3039 δάσκαλος
542 2974 676 3053 ἐρεῖ,
722 2966 1001 3046 διδάξομαι
1052 2966 1109 3027 δὲ
1157 2972 1186 3027 6
1242 2965 1420 3048 πατὴρ
1474 2968 1567 3027 καὶ
1625 2979 1730 3038 πᾶς
1772 2974 1802 3030 6

229 3058 745 3209 ξὸαραῦδζὸδοὺῖς,ἕτξρω
766 3055 1301 3212 μανθάνεὲιὲδιὲναται
1326 3048 1416 3202 Ξῦν
1427 3055 1531 3203 {mg
1558 3062 1648 3204 νῖν
1668 3048 1801 3204 εξγαι

231 3172 461 3315 ἔμαυτόνα
464 3192 486 3292 .’
529 3172 557 3206 ν
582 3171 678 3293 τέῦ
686 3166 1018 3314 νέέοζρἭκ
1038 3166 1427 3312 ιέτῖιζὲῗτιτιόντῖ
1451 3168 1641 3290 εἷπέῖνν
1656 3170 1802 3292 gagg-’-

233 3323 336 3398 ξω,
375 3323 476 3406 ἔφη
523 3321 798 3400 διδάξομαι
833 3319 987 3389 αὐτὸς
1019 3319 1242 3402 βαδίζων
1283 3322 1356 3386 εἷς
1391 3318 1453 3378 τὸ
1491 3322 1803 3401 φροντιστή-

144 3451 204 3491 ³⁶
230 3435 397 3579 52⁰3..
431 3406 1662 3578 {Afflaffilsssssffssfflffissssss
1683 3410 1801 3578 {³55}

231 3588 361 3670 ρεῖ.]
379 3618 458 3632 -
488 3583 897 3665 διδαχθῆσομαι.
925 3586 984 3633 R·

316 3675 456 3753 (120).
499 3675 610 3740 πῶς
633 3662 723 3730 οὖν
744 3668 909 3753 γέρων
931 3668 1005 3729 ὢν
1035 3689 1051 3730 :
1076 3670 1287 3749 [Ταῦτα
1313 3669 1429 3730 καθ’
1449 3670 1637 3730 ἑαυτὸν
1653 3672 1799 3751 λογί-

230 3766 378 3833 ζεται
406 3763 461 3821 ἐν
496 3764 574 3839 τῷ
614 3757 872 3838 ἀπιέναι.]
905 3757 969 3817 τὸ
1006 3756 1061 3817 δὲ
1095 3756 1287 3838 βραδὺς
1328 3763 1419 3816 νῦν
1457 3759 1552 3817 οὐκ
1587 3759 1676 3819 ἐπὶ
1707 3765 1803 3833 τῆς

144 3884 204 3925 ⁴0
229 3856 323 3911 τοῦ
353 3847 599 3926 σώματος
634 3844 887 3918 κιιῖήσεως
910 3843 1260 3926 παρείληφεν,
1297 3842 1434 3903 ἀλλὰ
1482 3843 1544 3903 τὸ
1585 3845 1661 3923 μὴ
1705 3849 1801 3925 ἀγ·-

227 3937 409 4021 χίνουν
423 3935 517 3997 καὶ
537 3935 695 4003 νωθὲς
715 3939 810 4007 τῆς
824 3930 1054 4001 διανοίας
1072 3934 1264 4005 δηλοῦν
1279 3932 1465 3993 ἐθέλει.
1481 3967 1562 3977 -
1577 3934 1693 3994 ἀντὶ
1710 3941 1800 3995 τοῦ

229 4024 309 4106 μή
332 4021 597 4104 ἀγχίνους.
623 4034 682 4081 Β.

315 4098 410 4173 150.
453 4109 621 4190 λόγων
651 4107 883 4193 ἀκριόῶν
931 4106 1282 4185 σκινδαλμοὺς
1310 4128 1325 4168 :
1360 4106 1577 4188 [Λόγων
1606 4112 1800 4191 ἰσχνῶν

227 4199 592 4281 λεπτολογίας.
627 4196 799 4257 λεπτὰ
831 4193 933 4276 γὰρ
961 4194 1053 4255 καὶ
1094 4193 1251 4275 ἰσχνὰ
1285 4193 1355 4253 τὰ
1386 4199 1489 4254 τῶν
1515 4193 1682 4275 λόγων
1711 4202 1802 4272 ζη-

145 4318 207 4358 65
228 4287 465 4367 τῆματα.
491 4282 837 4362 σκινδαλμοὺς
865 4282 921 4342 δὲ
943 4281 1304 4360 λεπτολογίας
1334 4282 1441 4341 ἀπὸ
1464 4287 1559 4354 τῆς
1577 4284 1800 4364 σχίσεως

228 4380 336 4435 τῶν
361 4372 669 4453 καλάμων]
693 4371 932 4450 ἐξήγησις
954 4370 1045 4431 καὶ
1069 4368 1412 4452 έπεξεργασία
1440 4374 1543 4429 τῶν
1566 4371 1799 4453 ἀκριὸῶν

229 4461 401 4542 λόγων
424 4466 473 4522 οἱ
502 4458 831 4539 σκινδαλμοί.
862 4458 1004 4526 ἰδίως
1035 4456 1139 4539 γὰρ
1163 4457 1511 4535 σκινδαλμοὺς
1534 4463 1799 4539 καλοῦμεν

229 4548 300 4610 τὰ
317 4549 615 4611 λεπτότατα
636 4552 740 4609 τῶν
759 4547 924 4617 ξύλων
939 4544 1115 4606 καὶτὰ
1136 4548 1240 4605 τῶν
1262 4544 1519 4624 καλάμων
1540 4544 1798 4625 ξύσματα.

230 4643 384 4698 τοῦτο
422 4636 479 4697 δὲ
516 4637 605 4696 ἐπὶ
640 4633 746 4712 ’μὲν
788 4639 884 4706 τῆς
926 4632 1125 4700 εὐθείας
1165 4630 1421 4706 ὀξύνεται,
1462 4633 1550 4692 ἐπὶ
1592 4633 1649 4693 δὲ
1695 4639 1800 4697 τῶν

144 4757 206 4808 ‘0
230 4722 472 4805 πλαγίων
494 4720 862 4801 παροξύνεται.
893 4753 971 4765 -
988 4717 1131 4798 λέγει
1158 4718 1329 4787 δὲτὰς
1354 4720 1713 4800 λεπτολογίας.
1740 4728 1797 4776 Β.

316 4832 403 4871 131.
447 4807 750 4891 πορευτέον.
769 4807 884 4866 ἀντὶ
905 4812 995 4866 τοῦ
1022 4806 1273 4887 διατρίὸω
1296 4805 1390 4865 καὶ
1414 4807 1722 4885 ἀναδύομαι.
1737 4820 1797 4868 Β.

226 4896 505 4980 πορευτέον
536 4919 550 4957 :
580 4893 958 4972 ἀναὸάλλομαι
976 4896 1048 4956 V.
1073 4894 1123 4954 τί
1141 4893 1288 4954 ταῦτ’
1321 4892 1460 4973 ἔχων
1482 4896 1794 4978 στραγγεύο-

229 5009 327 5067 μαι
352 4983 494 5048 tm&
514 4985 567 5045 τί
594 4983 745 5044 ταῦτ’
770 4983 906 5063 ἔχων
933 4982 1072 5042 κατὰ
1096 4988 1242 5056 νοῦν,
1273 4982 1521 5061 πιέζομαι
1547 4985 1640 5045 καὶ
1671 5008 1799 5044 συν-

227 5076 503 5157 θλίόομαις
551 5073 753 5159 στρὰγξ
795 5073 855 5132 δέ
902 5076 1066 5153 ἐστιν,
1112 5077 1141 5132 6
1180 5071 1268 5132 διὰ
1305 5071 1628 5145 λεπτοτάτης
1666 5075 1799 5145 ὀπῆς

143 2559 203 2603 26

3383 305 3455 360 87

1893 422 2063 502 σχολῇ
2092 420 2289 481 κατιὼν
2317 419 2639 500 σταλαγμός.
2670 428 2807 479 sunt.
2840 420 3265 503 στραγγεύομαι;
3300 424 3453 484 Ἀνα-

1894 507 2107 582 ὅάλλω,
2144 509 2237 569 καὶ
2283 506 2553 590 διατρίὸω.
2597 508 2856 590 βραδύνω.
2885 522 2976 570 Br.
3010 513 3183 591 ἀργῶν
3208 511 3456 591 πιέζομαι

1892 595 1984 656 καὶ
2013 595 2372 676 συνθλίὸομαι.
2413 609 2538 659 Vict.

1975 684 2112 762 (132).
2157 683 2271 743 ἀλλ’
2300 682 2420 763 οὐχὶ
2432 681 2611 742 κόπτω
2633 681 2728 754 τὴν
2751 681 2944 767 θύραντ
2967 684 3132 766 [Ἀλλ’
3150 689 3244 747 οὔκ
3263 688 3455 769 ἔχομαι

1849 819 1858 834 .
1892 773 1997 830 τῶν
2017 770 2400 851 ἕγνωσμένων.]
2413 775 2566 830 τοῦτο
2588 769 2644 830 δὲ
2661 772 3102 854 παρεγκύκλημα.
3133 778 3213 835 δεῖ
3230 775 3334 860 γὰρ
3357 780 3453 837 αὖ·
3482 807 3509 846 5

1892 857 1981 917 τὸν
2004 860 2167 919 ἐλθεῖν
2196 859 2287 919 καὶ
2309 858 2468 940 κόψαι
2495 856 2592 930 τὴν
2621 857 2780 941 θύραν
2806 866 2899 920 τοῦ
2922 864 3252 945 Σωκράτους.
3281 889 3456 946 παρα·-

1890 947 2144 1027 τηρητέον
2169 946 2224 1006 δὲ
2243 946 2324 1007 ὅτι
2350 946 2438 1005 ἐπὶ
2463 945 2558 1023 μὲν
2581 950 2684 1006 τῶν
2716 947 2901 1017 ἔξωθεν
2932 949 3222 1032 κρουόντων
3244 953 3456 1014 κόπτειν

1891 1034 2128 1113 λέγεται,
2152 1036 2237 1095 ἐπὶ
2261 1036 2314 1095 δὲ
2337 1037 2441 1093 τῶν
2469 1033 2660 1094 ἔσωθεν
2677 1038 2878 1119 ψοφεῖν.
2903 1039 3120 1118 [ἱκανῶς
3136 1039 3190 1100 δὲ
3206 1041 3455 1102 διέστειλε

1892 1124 2218 1205 Μένανδρος,
2244 1121 2332 1182 ἐπὶ
2361 1120 2454 1200 μὲν
2486 1118 2590 1180 τῶν
2620 1121 2751 1196 ἔξω,
2782 1153 2804 1178 ιι
2833 1124 2983 1208 κόψω
3021 1126 3116 1199 τὴν
3139 1127 3300 1212 θύραν
3325 1157 3348 1182 u
3377 1133 3454 1189 εἰ-

1889 1210 2025 1289 πὼν,
2058 1212 2145 1272 ἐπὶ
2173 1210 2229 1270 δὲ
2263 1214 2367 1270 τῶν
2408 1208 2514 1268 ἔσω
2543 1235 2566 1262 α
2609 1210 2839 1294 ἐψόφηκε
2867 1212 2962 1285 τὴν
3004 1214 3165 1296 θύραν
3204 1216 3371 1287 ἐξιών.
3403 1219 3450 1298 υ]
3484 1239 3535 1278 ιο

1891 1335 1972 1345 -
1996 1302 2113 1360 ἀλλ’
2140 1299 2260 1381 οὐχὶ
2283 1296 2473 1379 κρούω.
2503 1309 2562 1358 Β.

1974 1409 2065 1449 133.
2114 1389 2267 1468 βάλλ’
2295 1393 2346 1460 ἐς
2372 1392 2639 1473 κόρακας;
2671 1387 2878 1471 [Ἄπιθι
2909 1392 2960 1457 ἐς
2982 1389 3230 1472 κόρακας.
3260 1392 3373 1453 ἔστι
3402 1393 3456 1454 δὲ

1889 1476 2149 1558 παροιμία
2172 1478 2257 1538 ἐπὶ
2276 1480 2509 1561 κατάρας
2525 1475 2835 1558 λεγομένη]
2852 1477 2965 1537 ἀντὶ
2979 1475 3073 1538 τοῦ
3089 1467 3168 1547 ἐἷς
3189 1478 3456 1543 ἀπώλειαν

1889 1565 1981 1623 καὶ
1992 1566 2205 1647 φθοράν.
2233 1569 2479 1634 Βοιωτοῖς
2500 1565 2603 1647 γὰρ
2621 1563 2930 1632 ἀναστάτοις
2948 1564 3048 1625 ὑπὸ
3061 1569 3116 1628 Θ
3163 1627 3174 1649 .
3186 1572 3291 1628 κῶν
3309 1594 3457 1651 γενο-

1891 1651 2063 1729 μένοις
2097 1652 2336 1735 καὶπερὶ
2377 1654 2624 1720 ἀποικίας
2660 1652 3060 1731 μαντευομένοις
3092 1679 3117 1715 ε
3140 1679 3235 1715 πεν
3277 1662 3306 1717 6
3343 1660 3455 1729 θεὸς
3490 1677 3536 1716 16

1890 1743 2000 1799 ἐκεῖ
2026 1744 2307 1814 κατοικεῖν,
2328 1741 2449 1802 ἔνθα
2483 1741 2545 1802 ἂν
2574 1742 2726 1801 ἴδωσι
2752 1740 2936 1801 λευκὸν
2974 1741 3193 1825 κόρακα.
3238 1748 3285 1805 οἱ
3313 1748 3357 1806 δ’
3404 1752 3458 1809 ἐν

1888 1829 2159 1912 Θετταλία
2186 1828 2333 1912 παρὰ
2369 1830 2458 1890 τὸν
2496 1829 2875 1908 Παγασητικὸν
2916 1829 3113 1890 κόλπον
3151 1823 3287 1893 εἶδον
3309 1858 3456 1917 περι-

1892 1916 2203 1994 ιπταμένους
2233 1917 2350 1986 τοὺς
2389 1921 2480 1978 τοῦ
2523 1915 2850 1985 Ἀπόλλωνος
2882 1916 3051 1999 ἱεροὺς
3083 1917 3333 1999 κόρακας,
3371 1923 3459 1991 οὓς

1888 2005 2072 2072 παῖδες
2103 2007 2310 2087 ἀφῆκαν
2343 2005 2680 2087 γυψώσαντες
2707 2004 2808 2063 ὑπὸ
2845 2003 3008 2081 μέθης
3022 2050 3038 2078 ,
3071 2005 3163 2064 καὶ
3198 2011 3459 2069 τελεῖσθαι

1887 2091 1977 2152 τὸν
2003 2092 2245 2174 χρησμὸν
2274 2092 2533 2175 φήσαντες
2569 2093 2791 2152 ἐνταῦθα
2823 2090 3160 2173 κατῴκησαν.
3191 2097 3238 2155 οἱ
3268 2095 3322 2156 δὲ
3348 2098 3456 2158 ἀπὸ
3484 2131 3538 2169 20

1888 2185 1979 2237 τοῦ
2004 2178 2138 2259 ζῴου
2170 2178 2415 2259 λέγεσθαι
2448 2179 2546 2253 τὴν
2573 2178 2865 2261 παροιμίαν
2904 2179 3081 2262 φασίν.
3125 2183 3178 2241 έν
3207 2182 3308 2265 γὰρ
3353 2190 3460 2254 τοῖς

1889 2267 2222 2348 ἐρημοτέροις
2247 2266 2425 2336 τόποις
2453 2270 2693 2350 ἐπιτηρεῖ
2711 2266 2779 2326 τὰ
2801 2266 3083 2345 πτώματα.

1973 2375 2065 2416 134.
2115 2354 2423 2416 Κικυννόθεν
2457 2377 2472 2416 :
2499 2361 2680 2434 Δῆμος
2707 2359 2755 2415 οἳ
2780 2359 3044 2427 Κικυννῆς
3066 2361 3159 2431 τῆς
3184 2359 3457 2438 Ἀκαμαν-

1889 2443 2028 2510 τίδος
2051 2445 2216 2525 φυλῆς
2231 2490 2248 2522 ,
2271 2443 2415 2522 [ἔνθα
2440 2445 2624 2523 ἄγεται
2646 2442 2739 2503 καὶ
2760 2441 2829 2502 τὰ
2851 2443 3219 2527 Ἀπολλώνια].

1973 2552 2065 2591 135.
2108 2531 2352 2613 [ἀμαθής
2376 2556 2435 2610 γε
2458 2530 2521 2604 νὴ
2547 2531 2649 2591 Δία
2676 2552 2691 2592 t
2719 2530 2956 2603 Ἰδιώι-ης
2981 2531 3073 2591 καὶ
3095 2535 3456 2619 ἀπαίδευτος]
3486 2563 3539 2601 25

1972 2649 2064 2689 136.
2108 2629 2530 2708 ἀπεριμερίμνως
2554 2650 2569 2689 :
2597 2627 2894 2701 Ἀσκόπως,
2923 2630 3140 2706 ἀμαθῶς
3164 2631 3279 2709 [καὶ
3303 2634 3459 2693 ἀπεί-

1891 2741 1993 2799 ρως
2013 2717 2105 2776 καὶ
2120 2715 2590 2796 ἀνεπιστημόνως].
2609 2715 2740 2776 τὸδὲ
2763 2716 3078 2785 λελάκτικας
3102 2718 3455 2799 σφοδρότητος

1889 2805 1981 2866 καὶ
2011 2804 2128 2886 βίας
2155 2805 2267 2866 ἐστὶ
2292 2805 2633 2885 σημαντικόν.
2660 2802 2840 2886 διόπερ
2863 2803 2953 2864 καὶ
2976 2803 3073 2878 τὴν
3098 2804 3298 2889 μέμψιν
3321 2810 3460 2883 ἐπή-

1888 2918 2067 2974 γαγεν,
2097 2894 2185 2977 [οὗ
2221 2894 2281 2954 τὸ
2316 2901 2537 2975 κροῦσαι
2570 2895 2661 2953 καὶ
2698 2893 2759 2953 τὸ
2792 2896 3098 2976 προσελθεῖν
3134 2894 3458 2974 αἰτιώμενος·

1888 2981 2127 3064 οὐδὲγὰρ
2149 2982 2276 3064 πρὸς
2302 2982 2584 3065 φιλοσόφου
2606 2983 2667 3042 τὸ
2691 2990 2800 3048 τοῖς
2823 2980 3083 3060 δεομένοις
3108 2981 3182 3060 μὴ
3207 2985 3459 3065 παρέχειν
3487 3017 3541 3058 30

1888 3077 1979 3130 τοῦ
2008 3069 2238 3130 συνιέναι
2264 3069 2514 3138 ἐξουσίαν·
2551 3070 2639 3129 τὸν
2664 3067 2718 3128 δὲ
2751 3068 2944 3150 τρόπον
2977 3068 3345 3153 μεμφόμενρς,
3378 3072 3458 3133 ὅτι

1894 3156 2198 3240 βιαιοτέρως
2225 3156 2409 3216 ἔπαισε
2436 3156 2533 3229 τὴν
2570 3155 2755 3238 θύραν,
2788 3159 2860 3224 ὣς
2896 3158 3315 3238 διαταραχθῆναι
3344 3161 3462 3230 τοὺς

1890 3245 2415 3328 ἐμφιλοσοφοῦντας]

1975 3364 2069 3405 137.
2113 3342 2459 3423 ἐξήμὸλωκας
2499 3363 2514 3403 :
2556 3342 2577 3419 (
2588 3341 2852 3420 Ἡμιτελῆ
2903 3341 3172 3417 ἐξέὸαλες,
3217 3344 3457 3417 ἐξέωσας.

1890 3431 2231 3511 ἐξαμὸλῶσαι
2263 3429 2318 3490 δὲ
2351 3427 2540 3513 κυρίως
2575 3431 2665 3489 ἐπὶ
2699 3433 2805 3489 τῶν
2832 3433 3091 3508 γυναικῶν
3117 3431 3329 3512 λέγεται
3358 3441 3459 3497 τῶν
3484 3473 3539 3516 35

1890 3521 2281 3578 ἀποτικτουσῶν
2310 3523 2515 3591 θᾶττον,
2543 3519 2603 3578 οὐ
2630 3515 2769 3576 κατὰ
2791 3517 2882 3577 τὸν
2905 3522 3009 3578 τῶν
3032 3518 3232 3581 ὠδίνων
3255 3523 3346 3582 καὶ
3368 3529 3461 3597 τῆς

1889 3605 2167 3688 κυοφορίας
2216 3605 2392 3685 νόμον.
2430 3606 2523 3666 καὶ
2557 3605 2618 3664 τὸ
2659 3604 2936 3686 φάρμακον
2974 3605 3029 3665 δὲ
3066 3608 3128 3667 τὸ
3156 3608 3323 3670 αἴτιον
3367 3618 3458 3671 τοῦ

1890 3692 2183 3772 ἐξαμὸλοῦν
2211 3693 2306 3762 τὰς
2339 3695 2591 3775 γυναῖκας
2623 3691 2958 3773 ἀμὸλώθριον
2992 3696 3284 3775 καλεῖται.)
3319 3698 3460 3768 ἰδίως
3536 3694 3541 3707 ’

1891 3781 1947 3840 δὲ
1975 3788 2065 3841 νῦν
2098 3782 2184 3841 ἐπὶ
2209 3781 2502 3864 φιλοσόφων
2528 3779 2626 3852 τὴν
2655 3779 2925 3861 φροντίδα·
2952 3781 3067 3841 ἐπεὶ
3089 3784 3180 3843 καὶ
3203 3807 3461 3864 μεριμνο-
3587 3832 3594 3841 .

1890 3870 2200 3951 φροντιστὰς
2232 3868 2451 3929 ἐκάλουν
2480 3866 2695 3941 αὐτοὺς,
2717 3869 2788 3934 ὥς
2808 3870 3072 3949 προεῖπεν.
3101 3872 3119 3948 (
3128 3877 3218 3931 τοῦ
3254 3869 3309 3931 δὲ
3339 3876 3458 3934 Σω-

1889 3956 2112 4038 κράτους
2139 3956 2406 4035 λέγοντος,
2431 3954 2512 4015 ὅτι
2532 3955 2725 4035 τέχνην
2757 3954 2867 4035 ἔχω
2888 3955 2987 4029 τὴν
3015 3959 3342 4035 μαιευτικὴν,
3366 3963 3459 4022 καὶ

1891 4044 1979 4103 διὰ
2013 4043 2209 4117 ταύτης
2235 4047 2369 4104 ποιῶ
2393 4042 2514 4111 τοὺς
2544 4042 2688 4111 νέους
2715 4042 3013 4103 ἀποτίκτειν
3042 4044 3108 4103 τὰ
3135 4046 3377 4124 νοήματα
3406 4051 3462 4109 ἐν

1887 4137 1955 4214 τῇ
1985 4136 2183 4192 ἑαυτῶν
2206 4137 2379 4214 ψυχῇ,
2407 4136 2562 4192 τοῦτο
2582 4136 2673 4190 νῦν
2701 4133 2950 4213 κωμῳδεῖ
2975 4133 3346 4219 Ἀριστοφάνης
3374 4137 3460 4196 διὰ

1887 4225 1979 4281 τοῦ
1991 4219 2381 4300 ἐξήμὸλωκας.)
2394 4253 2474 4266 -
2483 4222 2646 4292 ἀτελῆ
2659 4219 2929 4291 ἐποίησας.
2954 4232 3013 4279 Β.
3033 4226 3260 4298 ἡμιτελῆ
3272 4226 3454 4300 ἐποίη-

1889 4332 1989 4376 σας
2011 4308 2328 4388 διαφθείρας.
2355 4318 2472 4378 Br.,
2510 4317 2628 4366 Vict.
2656 4306 2998 4389 ἐξευρημένην
3026 4328 3041 4368 2
3071 4308 3455 4392 Ἐπινενοημέ-
3488 4353 3540 4392 ⁴5

1887 4420 2004 4469 νην.
2029 4408 2089 4456 Β.
2114 4408 2177 4454 V.

1972 4513 2063 4553 138.
2108 4493 2268 4565 τηλοῦ
2296 4488 2401 4572 γὰρ
2428 4493 2557 4550 οἰκῶ
2577 4495 2682 4551 τῶν
2708 4493 2918 4571 ἀγρῶν;
2945 4490 3116 4571 [Ἀντὶ
3136 4499 3255 4567 τοῦ,
3278 4497 3332 4555 ἐν
3357 4503 3465 4566 τοῖς

3487 3917 3541 3957 10

1889 4578 2343 4662 ἀγροῖς.]-πρὸς
2359 4578 2419 4637 τὸ
2439 4583 2644 4659 σχῆμα.
2662 4576 2797 4638 οὕτω
2819 4582 3055 4660 χρῶνται
3078 4580 3342 4664 πόρρωθεν
3367 4587 3455 4646 ἐπὶ

1888 4673 1993 4730 τῶν
2022 4671 2199 4750 ἀγρῶν
2234 4667 2316 4727 ὅτι
2351 4667 2592 4750 ἀγροῖκός
2626 4670 2750 4744 εἶμι.
2875 4666 3119 4744 (Ἄλλως.
3158 4671 3453 4753 ἀμφίὸολον

1887 4756 2106 4839 πότερον
2134 4754 2276 4834 λέγει
2306 4754 2490 4836 πόρρω
2526 4757 2630 4813 τῶν
2668 4757 2840 4836 ἀγρῶν
2879 4754 3063 4815 ἑαυτὸν
3092 4764 3375 4839 κατοικεῖν,
3418 4761 3452 4834 ἢ
3485 4802 3538 4841 ω

1888 4849 1942 4904 ἐν
1965 4853 2071 4912 τοῖς
2099 4841 2307 4924 μακρὰν
2351 4841 2446 4900 καὶ
2482 4840 2616 4901 πολὺ
2650 4846 2743 4913 τῆς
2777 4841 2979 4911 πόλεως
3007 4845 3284 4925 ἀπέχουσι.
3303 4847 3458 4908 λέλε-

1886 4955 2010 4992 κται
2036 4930 2089 4991 δὲ
2115 4931 2244 4991 αὐτὸ
2272 4928 2420 5009 παρὰ
2442 4927 2503 4987 τὸ
2525 4929 2881 5009 Εὐριπίδειον,
2905 4930 3034 5010 ὅπερ
3058 4930 3221 5000 οὕτως
3249 4932 3387 5015 ἔχει,
3429 4922 3432 4925 ,

2075 5091 2216 5147 τηλοῦ
2235 5090 2323 5152 γὰρ
2337 5088 2481 5137 οἴκων
2502 5088 2657 5151 βίοτον
2672 5070 3016 5152 ἐξιδρυσάμην.)
