3859 5725
470 260 588 313 556

464 406 534 442 τα
558 383 613 441 ἓν
645 376 882 450 ’Ἀθήναις
908 373 1214 433 delendum
1244 371 1568 431 videbatur.
1593 373 1703 432 Sed
1729 370 2004 451 probabi·-

466 471 579 530 lius
601 481 691 528 est
712 467 806 525 hic
836 484 1070 543 quoque
1096 482 1354 522 errorem
1384 460 1616 520 subesse
1652 461 2002 533 scholiasta,

467 560 567 635 qui
600 578 673 617 ex
702 555 898 613 decem
911 552 1177 630 judicum
1202 549 1456 608 decuriis
1477 549 1773 628 collegerit
1802 548 2001 606 decem

469 647 642 704 fuisse
683 642 925 704 Athenis
953 639 1288 698 dicasteria.
1274 661 1287 672 ·
1321 658 1445 715 quae
1487 637 1788 715 aliquanto
1836 635 2002 713 plura

467 734 641 792 fuisse
667 743 909 790 constat.
948 732 1129 786 Dum.
1149 767 1213 779 —
1244 736 1275 796 4
1314 723 1380 783 τὰ
1411 726 1616 783 δικαστ.
1648 723 1776 782 Ald.
1819 723 2000 780 omit-

468 835 592 881 tens
628 821 695 880 τὰ
719 820 918 882 πάντα.
939 854 1003 865 -
1025 817 1057 873 5
1105 818 1255 896 πυρῷ
1293 818 1358 871 V.
1379 851 1443 863 -
1466 834 1495 885 7
1530 810 1731 871 ἕκαστα
1771 812 1841 874 Θ.
1874 850 1939 862 -
1963 815 1997 871 8

465 922 602 987 post
630 908 808 967 δέλτον
840 904 1001 962 addit
1023 908 1093 961 R.
1122 901 1249 983 παρ’
1279 898 1527 959 υπόνοιαν
1558 899 1611 958 δὲ
1656 895 1800 978 λέγει
1846 898 1996 959 σκώ-

461 1016 609 1054 πτων
642 1018 730 1053 τον
755 997 994 1073 γέροντα,
1025 991 1262 1067 reliquis
1295 988 1565 1047 omnibus
1587 1007 1805 1045 carens.
1835 1009 1997 1046 πινα-

464 1083 629 1141 κίδιον
659 1085 727 1142 Θ.
766 1080 898 1138 Ald.
919 1118 986 1131 -
1012 1102 1049 1155 9
1077 1077 1137 1137 τὸ
1166 1078 1333 1154 ὄνομα
1383 1077 1558 1134 αὐτοῦ.
1588 1079 1714 1133 noc
1760 1094 1997 1153 quoque

462 1169 780 1228 absurdum
824 1188 949 1228 esse
1018 1168 1255 1244 fierique
1326 1165 1493 1243 plane
1558 1184 1678 1221 non
1734 1163 1995 1241 potuisse

462 1257 711 1316 ostendit
734 1257 1089 1315 Schoemann.
1125 1276 1183 1333 p.
1214 1253 1337 1313 8.—
1369 1274 1435 1310 ιο
1458 1250 1741 1332 πινακιδίῳ
1762 1251 1832 1312 Θ.
1858 1253 1991 1311 Ald.

461 1344 517 1403 δὲ
548 1366 662 1404 om.
693 1350 755 1403 V.
775 1384 840 1395 —
876 1355 940 1413 14
969 1343 1180 1422 ἔχοντος
1204 1346 1295 1403 τοῦ
1327 1365 1392 1415 α,
1429 1341 1495 1399 15
1527 1339 1615 1400 καὶ
1655 1338 1774 1411 ἑξῆς
1799 1339 1994 1418 ὁμοίως

460 1439 531 1489 V.
558 1434 672 1506 Qui
719 1454 851 1492 cuni
883 1434 955 1492 Θ.
990 1433 1181 1510 pergit
1221 1430 1493 1512 ἀπήρχετο
1538 1428 1595 1489 δὲ
1639 1428 1727 1488 καὶ
1755 1432 1985 1509 πρῶτον.

459 1525 523 1580 In
572 1524 706 1581 Ald.
749 1522 1053 1603 ἀπήρχοντο
1083 1519 1139 1579 δὲ
1166 1519 1258 1579 καὶ
1288 1522 1519 1601 πρῶτον.
1572 1546 1597 1570 ι
1625 1518 1826 1577 Delevi
1857 1539 1992 1575 ver-

458 1608 597 1668 bum
628 1631 701 1668 ex
730 1608 1132 1688 superioribus
1169 1608 1410 1666 illatum.
1434 1633 1457 1658 υ
1484 1611 1670 1665 Dum.
1688 1643 1753 1657 -
1782 1625 1856 1662 ao
1883 1627 1990 1663 κα-

456 1707 730 1779 τηγορεῖτο
752 1698 842 1756 καὶ
877 1698 1136 1756 additum
1170 1717 1240 1754 ex
1271 1701 1335 1754 V.
1376 1696 1687 1771 Sequentia
1724 1693 1797 1751 ad
1839 1695 1877 1752 l.
1914 1694 1989 1751 36

457 1804 573 1843 oui.
606 1787 779 1844 etiam
807 1787 879 1846 Θ.
912 1824 974 1836 -
1004 1807 1072 1842 21
1107 1783 1350 1866 ἔρχεται,
1371 1783 1493 1840 scil.
1517 1782 1576 1839 in
1597 1782 1804 1839 sorum.
1834 1781 1906 1848 εἰς
1928 1780 1991 1841 τὸ

456 1894 570 1931 non
601 1874 854 1934 debebat
886 1875 1077 1933 delere
1101 1873 1402 1933 DobraeuS.
1429 1869 1656 1928 Deinde
1680 1871 1718 1931 l.
1756 1869 1828 1926 25
1849 1867 1989 1928 κατὰ

454 1960 622 2042 φυλὴν
659 1960 875 2028 ἕκαστος
913 1976 1046 2041 post
1083 1967 1111 2021 ὁ
1157 1957 1501 2043 γραμματεὺς
1537 1971 1674 2017 sunt
1720 1970 1986 2036 transpo-

453 2053 641 2109 nenda
666 2072 797 2109 cum
817 2053 1194 2110 Schoernanno
1217 2072 1275 2129 p.
1319 2070 1413 2121 ια,
1445 2048 1556 2106 nisi
1604 2047 1988 2124 negligentius

454 2139 680 2198 locutus
708 2152 795 2197 est
842 2141 1165 2199 scholiasta.
1194 2143 1374 2198 Dum.
1408 2135 1621 2201 δέκατος
1661 2141 1866 2194 Luzac.
1898 2142 1989 2196 De

451 2229 691 2286 Socrate
716 2248 770 2306 p.
805 2247 896 2301 70.
931 2225 1208 2293 ἑνδέκατος
1229 2224 1363 2285 Ald.
1392 2224 1589 2284 Schol.
1628 2227 1804 2301 Vesp.
1826 2244 1938 2295 72²
1971 2246 1984 2280 :

450 2312 762 2391 θεσμοθέται
789 2313 880 2371 καὶ
908 2313 1120 2378 δέκατος
1145 2317 1173 2371 ὃ
1204 2310 1549 2392 γραμματεὺς
1589 2310 1843 2391 κληροῧσι
1865 2308 1986 2378 τοὺς

451 2403 700 2470 δικαστὰς
719 2402 836 2469 τοὺς
858 2407 950 2474 τῆς
983 2406 1141 2473 αὐτῆς
1162 2404 1327 2484 φυλῆς
1347 2398 1581 2466 ἕκαστος.
1606 2438 1672 2452 --
1700 2400 1774 2457 26
1795 2398 1862 2457 τὰ
1884 2399 1985 2457 λα-

448 2487 611 2567 χόντα
641 2490 1049 2548 Schoeuiaunus
1078 2510 1137 2567 p.
1174 2509 1259 2547 ια.
1285 2488 1370 2547 τὸν
1404 2485 1637 2567 λαχόντα
1663 2486 1795 2544 Ald.
1815 2525 1879 2537 -
1910 2489 1980 2545 32

447 2577 735 2657 ἐγράφοντο
773 2576 828 2636 δὲ
872 2575 982 2653 ὅτι,
1022 2577 1153 2636 ἐπεὶ.
1194 2581 1329 2634 Haec
1362 2577 1501 2634 mihi
1544 2595 1732 2652 neque
1761 2575 1986 2653 integra

448 2683 573 2722 esse
608 2665 921 2740 videntur,
959 2666 1059 2725 sed
1094 2665 1319 2743 aliquot
1357 2663 1553 2722 verbis
1599 2665 1660 2722 in
1689 2664 1984 2742 principio

448 2751 747 2825 mutilata,
799 2773 984 2831 neque
1019 2752 1280 2830 ejusdem
1310 2754 1598 2825 auctoris,
1639 2749 1806 2830 cujus
1849 2766 1986 2811 sunt

448 2843 675 2921 priora,
709 2863 896 2920 neque
932 2864 1074 2901 vero
1105 2843 1276 2901 ullius
1308 2841 1498 2921 pretii.
1524 2846 1749 2900 Rursus
1779 2842 1984 2901 melio-

449 2930 527 2987 ris
552 2943 705 2989 notae
732 2931 852 2989 haec
877 2943 1048 2988 sunt:
1079 2929 1139 2989 τὸ
1166 2929 1220 2989 δὲ
1242 2933 1270 2989 ὁ
1305 2928 1495 3010 Χάρων
1521 2928 1582 2988 τὸ
1610 2926 1866 3008 ξύμὸολον
1898 2928 1982 2987 δί-

447 3017 579 3077 δωσι
607 3021 745 3093 κτλ.,
773 3020 1040 3099 pessimae
1071 3032 1261 3078 autem
1281 3062 1297 3093 ,
1330 3039 1456 3096 quae
1481 3019 1570 3076 his
1612 3016 1981 3095 subjungun-

448 3119 544 3166 tur
569 3129 583 3165 τ
617 3106 729 3167 δέον
760 3108 814 3167 δὲ
839 3106 999 3166 εἰπεῖν
1029 3110 1145 3166 κτλ.
1172 3112 1304 3167 Haec
1329 3108 1524 3166 omnia
1552 3127 1584 3164 e
1619 3106 1857 3166 diversis
1880 3127 1983 3165 au-

445 3194 702 3253 ctoribus
730 3195 888 3253 nullo
912 3194 1135 3272 judicio
1155 3196 1551 3253 consarcinata
1578 3206 1730 3253 sunt.
1758 3200 1982 3252 Senot.-

444 3301 629 3341 nnnu.
654 3303 713 3361 p.
749 3284 836 3341 13.
861 3283 1145 3364 ἐγράφοντο
1168 3281 1221 3341 δὲ
1253 3280 1433 3349 οὕτως.
1458 3284 1504 3340 εἰ
1523 3272 1976 3353 ἦν-Βοϋτωιιε.

445 3407 506 3421 -
536 3372 609 3428 33
630 3369 924 3449 γράμματα
952 3376 1170 3430 Hernst.
1194 3371 1350 3450 apud
1377 3371 1709 3429 Dobraeum.
1727 3392 1979 3452 γραμμα-

443 3464 547 3527 τεῖς
587 3456 717 3517 Ald.
741 3497 806 3507 —
832 3460 905 3516 35
946 3459 1055 3516 ista
1096 3457 1186 3517 καὶ
1229 3460 1277 3516 οἱ
1320 3457 1615 3524 δικάζοντες
1659 3468 1792 3514 sunt
1836 3458 1980 3515 alius

444 3545 647 3602 scholii
678 3545 928 3603 initium.
957 3552 1257 3604 Donamus.
1282 3584 1345 3595 —
1370 3545 1444 3604 35
1474 3565 1562 3621 sq.
1588 3545 1902 3621 ἐκληροῦντο
1922 3542 1980 3602 δὲ

441 3630 531 3689 ἵνα
561 3629 635 3707 μὴ
657 3636 729 3690 V.
752 3671 814 3680 —
839 3634 913 3689 36
940 3632 1212 3714 διαφθείρῃ
1251 3656 1330 3698 τις
1357 3630 1417 3689 τὸ
1460 3630 1796 3711 δικαστήριον
1841 3633 1976 3690 Ald.

443 3758 504 3769 -
530 3720 604 3776 38
631 3716 896 3777 εἰσιόντων
929 3724 1018 3794 V.‚
1044 3722 1146 3798 qui
1178 3741 1294 3778 om.
1336 3721 1407 3784 εἷς
1435 3717 1497 3777 τὸ
1538 3717 1891 3800 δικαστήριον.
1916 3756 1980 3767 -

446 3818 477 3876 4
494 3829 513 3865 1
547 3804 1147 3885 σύμὸολον-δημόσιον
1172 3810 1240 3867 Θ.
1266 3803 1820 3885 σῦμὸολα-δημόσια
1844 3807 1977 3867 Ald.

442 3892 611 3975 τούτῳ
642 3898 855 3952 Heinst.
877 3894 1073 3954 τούτων
1093 3894 1223 3953 Ald.
1241 3898 1424 3953 τοῦτον
1450 3896 1519 3955 Θ.
1546 3932 1610 3943 -
1634 3903 1706 3962 42
1730 3890 1800 3951 ἵν’
1822 3895 1868 3952 οἳ
1897 3895 1973 3955 Θ.

441 3981 530 4042 ἵνα
559 3981 689 4043 Ald.
714 4018 775 4032 «-
812 3992 881 4053 44
914 3981 1017 4041 ἔδει
1047 3980 1133 4054 δὲ,
1159 3984 1231 4051 45
1261 3980 1315 4049 ὅς
1366 3984 1478 4041 ἐστι
1516 3980 1605 4040 καὶ
1635 4007 1691 4059 μ.
1719 3985 1873 4042 9.-
1903 3983 1977 4040 53

447 4075 477 4131 ι’
505 4074 681 4154 φυλῶν
699 4077 995 4129 Kusterus.
1018 4069 1081 4128 ιδ’
1101 4073 1274 4152 φυλῶν
1288 4076 1319 4130 J
1327 4084 1446 4131 unt.
1463 4070 1529 4129 ιδ’
1548 4072 1724 4151 φυλῶν
1744 4073 1976 4152 Regius.

442 4200 504 4212 ..
529 4168 558 4227 4
589 4158 876 4238 ἐλάγχανεν
909 4158 1059 4217 liber
1096 4161 1422 4237 Poggianus
1454 4172 1512 4217 et
1539 4162 1679 4237 neg.
1722 4158 1980 4238 Legeba—

446 4260 543 4305 tur
569 4245 880 4324 ἕλάμὸανεν.
906 4284 969 4295 -
995 4267 1025 4319 7
1056 4235 1145 4303 οὗν
1171 4247 1435 4305 additum
1456 4268 1488 4305 e
1518 4247 1669 4306 libro
1686 4250 1978 4328 Poggiano

443 4346 502 4392 et
531 4338 673 4413 Reg.
712 4330 877 4413 λαχὸν
924 4333 1122 4391 iidem.
1151 4333 1334 4417 λαχὼν
1378 4340 1620 4394 Junt.—
1647 4337 1681 4394 8
1733 4338 1977 4395 alterum

444 4419 533 4480 καὶ
565 4441 678 4478 om
710 4422 909 4497 Pogg„
935 4441 1049 4478 non
1074 4426 1217 4500 Rtg.
1250 4461 1310 4471 —
1336 4431 1399 4491 14
1427 4420 1607 4501 μέντοι
1635 4428 1809 4502 Pogg.
1835 4428 1978 4502 Reg.

445 4506 541 4587 μὲν
567 4510 641 4588 τῶ
671 4514 701 4566 J
710 4521 828 4566 unt
846 4545 912 4558 -
944 4512 1012 4567 15
1038 4508 1127 4568 καὶ
1157 4515 1190 4580 ἡ
1214 4508 1417 4569 διάνοια
1441 4508 1627 4570 τούτου
1657 4532 1773 4570 orn.
1798 4516 1977 4591 Pogg.

442 4618 609 4675 ...19
613 4568 769 4654 εἶναί
814 4618 873 4654 σε
917 4602 1093 4677 Pogg.
1138 4605 1277 4677 Reg.
1301 4636 1362 4649 —
1388 4620 1462 4658 20
1504 4597 1755 4683 Χάροντα
1803 4604 1977 4681 Pogg.

444 4686 582 4761 Reg.
612 4682 807 4766 Χάρων
834 4690 995 4745 Junt.

526 4773 641 4846 278
667 4794 778 4832 om.
802 4776 974 4833 etiam
1000 4776 1070 4836 Θ.
1088 4812 1153 4826 -
1177 4776 1248 4835 25
1274 4776 1488 4857 χρῶμα.
1511 4778 1610 4836 Vel
1640 4772 1976 4855 adjunctum

444 4860 682 4920 terbum
709 4862 970 4922 docuerit
988 4883 1112 4922 esse
1134 4862 1532 4945 reponendum
1555 4863 1814 4945 γράμμα·
1847 4866 1977 4947 quis

443 4947 594 5007 enim
617 4955 817 5008 Graece
840 4953 1025 5010 sciens
1049 4951 1205 5011 dicat
1242 4948 1544 5033 ἐπιγράφειν
1586 4954 1825 5035 χρῶμαῖ
1854 4966 1974 5012 tum

443 5036 643 5113 etiam,
675 5038 832 5116 quod
864 5040 1053 5099 statim
1085 5039 1488 5119 subsequitur,
1519 5038 1639 5123 ἔχον
1674 5038 1733 5098 δὲ
1762 5038 1821 5101 τὸ
1848 5040 1973 5102 aava

1596 239 2050 302 ADNOTATIO
2086 237 2172 304 IN
2214 240 2353 302 SCH
2361 239 2482 302 01..

2091 375 2346 450 γράμμα,
2368 390 2714 450 quamquam
2746 369 2887 429 illud
2918 369 3039 448 ἔχον
3068 369 3215 428 nihil
3251 367 3530 442 habenS,
3565 391 3688 447 qno

2093 458 2293 517 referri
2318 461 2542 537 possit,
2580 471 2788 537 praeter
2818 456 3192 540 δικαστήριον,
3239 457 3472 516 itidem
3531 459 3682 515 vitio
3791 421 3794 482 ⁴

2090 567 2126 603 v
2129 568 2295 605 acare
2319 567 2437 605 non
2461 548 2757 606 videatur:
2789 546 2899 605 nisi
2924 547 3191 648 quaedam
3211 546 3680 620 interciderint,

2092 633 2256 693 litera
2284 637 2562 694 mutanda
2587 648 2704 710 est,
2738 634 2909 714 ἔχων,
2939 636 3212 694 nimirum
3241 636 3306 692 in
3340 637 3472 693 ista
3497 634 3682 692 δέλτοι

2088 723 2177 779 vel
2199 722 2450 804 πινακίῳ,
2473 722 2638 802 cujus
2655 723 2727 782 ad
2744 724 3164 802 praecedentem
3186 745 3221 781 v
3226 744 3446 782 ersum
3475 723 3676 780 schol.

2089 813 2368 871 meminit.
2415 813 2652 874 Βάλανον
2705 826 2900 872 autem
2948 834 3066 871 non
3113 813 3292 871 aliam
3335 814 3676 890 intelligo,

2086 918 2264 975 quam
2289 899 2378 959 τὸν
2417 900 2710 984 σφηκίσκον
2747 904 2842 972 τῆς
2881 900 3083 959 εἰσόδου
3106 923 3120 936 ·
3164 899 3455 958 dicemus
3494 901 3578 958 ad
3617 922 3671 955 v,

2089 988 2221 1044 301.
2273 993 2500 1049 Hans-r.
2537 996 2676 1048 Post
2719 989 2952 1069 χρῶμα,
2997 987 3072 1046 ab
3120 992 3345 1048 Hemst.
3401 992 3574 1052 male
3606 992 3670 1049 in

2082 1073 2308 1154 γράμμα
2335 1090 2656 1150 mutatum,
2696 1078 2959 1135 lacunam
2994 1076 3282 1137 indicavit
3325 1078 3668 1136 Dobraeus.

2085 1167 2229 1234 Quae
2257 1164 2496 1223 sortasse
2523 1164 2606 1222 sic
2640 1177 2725 1222 est
2750 1165 3038 1241 explenda
3074 1179 3136 1222 ut
3170 1164 3520 1235 scribatur,
3552 1174 3668 1234 τοῖς

2081 1247 2182 1332 γὰρ
2225 1251 2580 1333 δικαστηρίοις
2617 1252 2813 1335 χρῶμά
2855 1253 2914 1314 τέ
2947 1257 3090 1314 ἔστιν
3129 1254 3260 1318 ἴδιον
3293 1253 3529 1337 ἑκάστῳ
3561 1253 3661 1314 καὶ

2082 1335 2305 1417 γράμμα
2333 1341 2718 1425 ἐπιγέγραπται
2744 1341 2834 1401 ἐπὶ
2855 1345 2931 1424 τῷ
2973 1343 3252 1426 σφηκίσκῳ
3281 1367 3382 1414 της
3410 1345 3656 1401 εἰσόδου.

2080 1429 2211 1483 Non
2244 1441 2330 1486 est
2357 1429 2589 1488 aliunde
2613 1427 2877 1510 cognitus
2900 1403 2992 1489 hie
3017 1452 3153 1489 usus
3183 1429 3467 1488 vocabuli
3501 1453 3656 1512 σφη-

2079 1513 2285 1589 κίσκος,
2324 1518 2532 1596 quod
2515 1539 2572 1575 iu
2613 1517 2889 1600 σφηνίσκῳ
2925 1520 3268 1578 mutandum
3314 1519 3654 1577 videbatur

2078 1604 2454 1663 Schoemanno
2481 1626 2540 1685 p.
2575 1607 2665 1679 15,
2691 1608 2841 1665 male
2862 1607 3004 1666 illud
3027 1627 3135 1708 pro
3159 1605 3381 1683 άέτωμα
3405 1629 3463 1664 s.
3493 1607 3650 1671 ἀετοῖς

2078 1691 2400 1770 accipienti.
2419 1695 2784 1769 Sapere-Hiemi
2800 1703 3008 1768 janaoe
3028 1696 3460 1772 interpretatur
3481 1700 3648 1752 Boec-

2079 1775 2246 1837 khius
2271 1783 2648 1859 Corp.1nscr.
2691 1781 2805 1842 vol.
2844 1803 2895 1857 1,
2928 1803 2986 1860 p.
3024 1785 3156 1851 341.
3185 1783 3337 1841 Mihi
3390 1804 3522 1840 nou
3567 1784 3646 1839 de

2081 1877 2202 1924 toto
2242 1869 2554 1946 supercilio
2591 1871 3030 1948 intelligendum
3059 1891 3183 1931 esse
3216 1871 3499 1944 videtur,
3535 1871 3642 1928 sed

2077 1952 2149 2011 de
2183 1954 2372 2033 lapide
2403 1959 2490 2015 vel
2522 1959 2678 2040 ligno
2703 1957 2862 2037 quod
2885 1960 2945 2016 in
2965 1958 3157 2018 medio
3187 1959 3520 2038 supercilio
3543 1959 3641 2036 ja-

2076 2062 2206 2099 nuae
2269 2045 2591 2122 paullulum
2644 2048 2861 2104 eminet
2906 2048 3402 2127 superciliumque
3456 2049 3638 2106 cunei

2078 2129 2255 2188 instar
2285 2134 2342 2189 in
2378 2132 2525 2190 duas
2556 2145 2747 2211 partes
2781 2133 2985 2192 dividit
3012 2159 3025 2193 :
3051 2134 3208 2212 quod
3239 2149 3296 2193 et
3327 2135 3637 2216 σφηκίσκος

2076 2229 2130 2274 et
2153 2219 2434 2299 σφηνίσκος
2462 2236 2594 2299 apte
2637 2222 2748 2279 dici
2797 2224 3005 2300 potuit.
3030 2225 3180 2284 Huic
3210 2224 3394 2304 igitur
3431 2245 3634 2281 cunco

2073 2304 2350 2384 inscripta
2394 2308 2501 2366 suit
2538 2310 2703 2368 litera
2747 2310 3074 2384 ‹licasterii,
3120 2311 3630 2390 quemadmodum

2074 2394 2247 2453 hodie
2280 2417 2582 2455 numerum
2609 2397 2818 2455 aedium
2850 2399 2982 2456 non'
3004 2419 3137 2457 raro
3176 2397 3419 2457 inscribi
3456 2399 3630 2458 wide-

2073 2502 2218 2540 muS.
2240 2481 2308 2542 ‘0
2333 2480 2420 2556 δὲ,
2451 2483 2510 2542 id
2535 2495 2622 2542 est
2645 2488 2673 2542 ὁ
2696 2484 2965 2557 δικαστής.
2990 2492 3174 2546 Dum.
3195 2521 3255 2533 -
3287 2507 3359 2558 27
3387 2485 3451 2545 τὸ
3476 2486 3627 2562 ὁμό-

2072 2593 2250 2652 χρουν.
2282 2573 2450 2630 Conf.
2496 2574 2679 2631 schol.
2719 2577 2891 2652 Vesp.
2941 2574 3126 2632 1105:
3154 2572 3386 2633 ἐδίδοντο
3431 2575 3488 2634 δὲ
3529 2575 3625 2633 καὶ

2074 2658 2358 2740 βακτηρίαι
2381 2667 2489 2746 ιτοῖς
2516 2663 2788 2728 δικασταῖς
2820 2661 3071 2742 δμόχροοι
3096 2670 3207 2729 τοῖς
3235 2661 3622 2744 δικαστηρίοις,

2070 2748 2201 2807 ὅπου
2224 2748 2480 2818 ἑκάστους
2504 2749 2829 2818 εἰσελθόντας
2854 2751 3083 2821 δικάζειν
3114 2752 3246 2824 ἔδει,
3276 2749 3366 2811 ἵνα
3393 2752 3484 2811 τὸν
3513 2753 3626 2811 δια·

2074 2838 2406 2917 μαρτάνοντα
2447 2836 2711 2920 ἀπελέγξῃ
2757 2839 2817 2900 τὸ
2835 2844 3047 2923 χρῶμα.
3075 2841 3335 2901 Lexicon
3373 2842 3523 2901 rhet.
3559 2841 3620 2900 in

2071 2927 2305 2986 Bekkeri
2337 2927 2552 2986 Anecd.
2579 2948 2640 3006 p.
2669 2949 2803 2997 220,
2839 2951 2903 3002 17
2929 2952 2943 2987 ε
2973 2927 3289 3010 δμόχρωμοι
3328 2938 3438 2994 τοῖς
3457 2932 3618 2988 δικα-

2070 3014 2303 3093 στηρίοις
2330 3014 2561 3073 ἐδίδοντο
2580 3016 2883 3098 βακτηρίαι,
2905 3013 2994 3076 ἵνα
3018 3021 3046 3075 ὀ
3061 3016 3243 3076 λαὸὼν
3271 3017 3451 3089 οῖουδὴ
3471 3017 3615 3098 χρώ-

2070 3123 2231 3178 ματος
2261 3101 2555 3182 βακτηρίαν
2582 3106 2653 3169 εἰς
2679 3126 2741 3162 το
2768 3103 3085 3183 δμόχρωμον
3109 3103 3321 3184 εἰσέλθῃ
3351 3102 3615 3177 δικαστη-

2071 3211 2199 3268 ριον,
2227 3196 2319 3247 καὶ
2355 3188 2431 3267 μὴ
2461 3191 2531 3257 εἷς
2556 3188 2729 3275 ἕτερον
2758 3193 3024 3251 πλανᾶται
3065 3189 3152 3251 διὰ
3179 3216 3241 3252 το
3274 3192 3454 3253 πολλὰ
3480 3182 3613 3252 εἶναι

2066 3276 2133 3335 τὰ
2161 3278 2492 3359 δικαστήρια.
2522 3280 2617 3339 Sic
2663 3282 2984 3363 βατραχιουν
3021 3292 3079 3338 et
3112 3285 3401 3362 φοινικιοῦν
3426 3303 3480 3339 a
3511 3303 3614 3340 oo-

2068 3368 2290 3426 loribus
2319 3368 2607 3449 appellata
2629 3385 2906 3429 memorat
2932 3373 3240 3430 Pausanias
3273 3393 3320 3442 1,
3354 3374 3450 3449 28,
3473 3376 3611 3431 8...-

2069 3476 2144 3531 29
2168 3456 2265 3528 τὴν
2297 3454 2526 3536 βάλανον
2552 3458 2820 3534 glandem
2853 3459 2977 3518 sive
3003 3458 3307 3537 globulum
3346 3480 3471 3521 esse
3506 3482 3605 3518 ar-

2067 3543 2287 3618 bitror,
2325 3546 2386 3603 in
2431 3566 2657 3605 summa
2699 3548 2980 3627 scipionis
3012 3560 3178 3627 parte
3219 3549 3604 3625 impositum3

2069 3633 2141 3691 de
2161 3653 2278 3710 quo
2299 3635 2623 3692 ornamenti
2643 3655 2852 3712 genere
2881 3637 3031 3694 conf.
3053 3635 3336 3709 Herodot.
3369 3658 3418 3706 1,
3456 3638 3561 3715 195
3585 3662 3603 3705 ;

2067 3735 2125 3781 et
2147 3734 2373 3780 exstant
2397 3722 2710 3799 hodieque,
2739 3726 3034 3805 praecipue
3068 3724 3129 3781 in
3155 3725 3312 3783 vasis
3346 3745 3477 3803 quae
3516 3724 3606 3784 di·

2068 3823 2279 3867 cuntur
2311 3810 2584 3880 Etruscis,
2617 3811 2939 3891 scipionum
2970 3811 3030 3869 in
3057 3812 3212 3869 hunc
3237 3811 3476 3870 modum
3502 3835 3602 3872 or-
3789 3792 3790 3881 l

2067 3910 2335 3955 natorum
2359 3897 2640 3974 exempla.
2659 3900 2809 3956 Huic
2833 3899 3011 3977 igitur
3024 3898 3297 3977 scipionis
3320 3898 3492 3977 gland
3502 3901 3603 3961 ulae

2064 3986 2341 4062 inscripta
2361 3997 2484 4041 erat
2498 3984 2792 4044 dicasterii
2813 3998 2970 4044 nota.
3004 3989 3391 4044 Senonicum.
3416 4006 3475 4064 p.
3515 3988 3598 4045 15.

2066 4073 2289 4133 Falsam
2311 4088 2437 4129 esse
2461 4070 3001 4149 interpretationem
3043 4073 3466 4132 Hemsterhusii
3505 4092 3603 4132 su-

2068 4182 2174 4240 pra
2213 4161 2284 4218 ad
2315 4158 2350 4222 l.
2378 4158 2452 4218 25
2498 4160 2826 4238 appositam
2869 4163 2959 4219 vel
3005 4182 3077 4219 ex
3120 4180 3192 4219 eo
3235 4164 3595 4240 cognoscitur

2067 4248 2225 4328 quod
2252 4246 2370 4328 ἕχον
2411 4248 2470 4304 in
2508 4246 2645 4327 ἔχων
2682 4250 2903 4306 mutato
2930 4268 3079 4327 opus
3121 4246 3333 4306 habet:
3365 4248 3524 4326 quod
3555 4250 3599 4307 si

2066 4336 2392 4415 scripsisset
2410 4336 2802 4419 Aristoteles,
2789 4335 2886 4395 μὲν
2907 4354 3022 4394 non
3048 4348 3180 4414 post
3202 4336 3482 4418 ὁμόχρουν,
3502 4338 3600 4397 sed

2068 4434 2200 4504 post
2238 4422 2420 4483 λαὸὼν
2461 4436 2585 4482 erat
2630 4426 3034 4482 collocaturus.
3077 4428 3262 4483 Dian.
3291 4458 3361 4469 ·-
3389 4426 3462 4484 33
3486 4444 3596 4489 om.

2066 4518 2136 4572 G.
2163 4512 2275 4571 ἀντὶ
2305 4536 2398 4571 του
2424 4510 2631 4593 μέλλεις
2658 4514 2933 4571 ἀποθανεῖν
2957 4516 3029 4573 Β..

2149 4622 2282 4678 279,
2306 4602 2418 4677 39-
2388 4608 2497 4669 -42
2529 4580 2982 4683 Εἶδος-αἰσχρός
3011 4602 3108 4660 hic
3128 4618 3243 4660 om.
3271 4606 3367 4672 V.‚
3388 4601 3530 4660 sed
3515 4620 3594 4664 ln·

2067 4690 2152 4748 fra
2172 4702 2304 4769 post
2327 4688 2649 4771 ὀρχουμένου
2667 4690 2836 4771 pouit
2853 4688 2989 4756 τινὲς
3012 4684 3078 4748 δὲ
3082 4691 3294 4767 μόθωνα
3319 4678 3451 4755 εἶδος
3469 4678 3592 4747 εἶναι

2065 4778 2304 4861 λέγουσιν
2328 4774 2863 4860 αἲοχρᾶς-αιηρός.
2880 4811 2958 4823 --
2975 4787 3049 4846 40
3072 4777 3191 4844 τους
3210 4775 3594 4859 παρεπομένους

2066 4862 2403 4924 dicitschol.
2427 4866 2620 4943 Equit.
2639 4864 2772 4939 631,
2796 4884 2868 4924 ex
2892 4882 3078 4943 eoque
3106 4860 3311 4924 suidas
3337 4885 3382 4922 s.
3405 4864 3595 4923 Μόθω-

2062 4977 2158 5020 νες.
2177 4950 2667 5039 παρατρεφομένους
2685 4956 3067 5032 Harpocratio
3091 4974 3135 5012 s·
3167 4950 3378 5013 Μόθων.
3407 4950 3596 5021 παῖδας

2064 5062 2183 5101 om.
2191 5044 2292 5129 „R
2301 5075 2378 5091 -
2405 5042 2477 5110 ἴῃ
2503 5039 2605 5122 γὰρ
2631 5050 2688 5099 et
2713 5037 2963 5107 τουςοω.
2993 5042 3063 5101 V.
3091 5072 3167 5086 -
3196 5049 3267 5110 44
3303 5036 3594 5115 legebatur
