3859 5725
392 287 506 342 436
1254 331 1261 338 ,
1518 266 1960 330 ΑΒΝΟΤΑΤΙΟ
2002 263 2080 324 ΙΝ
2124 262 2387 324 scfloL.

386 412 511 491 φασὶ
542 416 838 468 KusternS.
871 403 998 486 φησὶ
1025 407 1091 462 V.
1124 402 1251 461 Ald.
1276 442 1348 454 -
1376 400 1449 469 46
1479 399 1584 459 Ἀθ.
1608 399 1811 471 ἤσκητο
1836 401 1907 453 V.

387 513 445 554 ct
477 497 682 555 Snidas
722 516 765 552 s,
804 492 1085 564 Ἀθηναίων
1130 487 1428 547 δυσὸουλία.
1468 487 1791 565 Legebatur
1817 486 1910 541 ὲν-

386 588 586 666 σκῆψαι
619 583 806 646 αὐτοῖς.
833 616 896 628 --
926 588 996 651 47
1040 574 1373 656 βουλεύεσθαι
1397 572 1514 651 μὲν,
1546 573 1824 633 ἀποκλῖναι
1856 567 1911 627 δὲ

385 673 558 736 καλῶς
590 668 720 727 Ald.
751 704 812 717 -
836 668 910 734 48
932 670 1084 723 τοῦτο
1106 663 1165 723 τὸ
1188 668 1332 722 V.-
1356 672 1431 737 49
1458 682 1571 720 om.
1596 666 1661 719 V.
1686 672 1745 718 et
1771 658 1906 718 Sui-

384 760 513 817 das-
530 801 591 809 -
624 758 697 813 50
721 753 998 832 εὖτυχήσει
1020 757 1085 810 V.
1117 752 1348 829 εὐτυχεῖς
1372 750 1500 807 Ald.
1526 751 1758 826 εὐτυχεῖν
1777 746 1913 805 Sui-

384 847 505 905 daS.
537 842 915 904 Emendatum
956 861 1027 898 ex
1059 841 1331 897 Athenaeo
1365 858 1466 908 ιο,
1500 855 1553 912 p.
1587 837 1717 902 425.
1748 872 1812 882 --
1837 832 1905 890 51

382 938 477 1003 τῆς
514 932 725 1002 Ἀθηνᾶς
757 936 1054 988 KusteruS.
1091 933 1229 1003 Reg.
1265 926 1413 982 2821
1454 925 1524 982 Π.
1548 922 1675 1004 πρὸς
1699 922 1912 991 Ἀθηνᾶν

385 1010 584 1093 ἐρείσας
608 1009 738 1088 (sic)
760 1006 890 1087 ὑπὲρ
905 1011 999 1077 τ’ῆς
1017 1003 1215 1070 πόλεως
1232 1004 1321 1061 καὶ
1340 1010 1480 1077 §jx-t„
1500 1001 1649 1060 δυσὸ.
1672 999 1912 1059 ἰνέὅαλεν

387 1096 700 1170 Ἀθηναίοις,
724 1095 785 1166 ἣν
808 1094 995 1165 Ἀθηνᾶ
1013 1093 1172 1153 πάλιν
1194 1088 1451 1169 μετέὸαλε
1470 1088 1595 1169 πρὸς
1615 1087 1676 1147 τὸ
1696 1087 1912 1166 βέλτιον.

388 1186 663 1247 Scholion
701 1185 814 1257 589
840 1203 953 1240 om.
977 1187 1047 1239 V.

468 1274 601 1350 591,
632 1293 686 1344 7,
723 1268 1110 1332 ὅτι-τοιοῢτος
1137 1287 1248 1325 om.
1272 1271 1346 1325 V.
1374 1298 1453 1312 —
1478 1266 1512 1323 8
1534 1262 1730 1343 πέτραν
1759 1268 1828 1321 R.
1853 1296 1916 1312 -

390 1373 463 1433 14
490 1360 545 1428 ὃς
575 1366 957 1419 Hei-mannus.
979 1356 1008 1415 ὃ
1036 1357 1163 1415 Ald.

465 1450 578 1527 595
596 1490 612 1518 ,
642 1456 713 1516 24
744 1447 847 1504 τῶν
872 1444 991 1524 περὶ
1016 1442 1207 1523 ἄνδρου
1234 1449 1303 1502 R.
1345 1441 1660 1520 Terpandri
1683 1459 1913 1499 versum

383 1540 672 1615 integrum
714 1533 966 1592 servavit
1006 1529 1245 1601 SuidaS,
1288 1528 1424 1611 ἀμφί
1464 1551 1554 1606 μοι
1578 1526 1732 1587 αὐτὸν
1761 1527 1915 1605 (duo

384 1625 551 1684 codd.
587 1613 653 1682 αὖ
686 1620 793 1680 τὸν.
824 1620 1239 1697 corrigendum
1269 1609 1415 1684 αὖτις
1444 1638 1516 1676 ex
1548 1617 1769 1674 scholio
1804 1620 1916 1674 Ra-

382 1709 671 1787 vennate)
713 1706 898 1787 ἄναχθ’
940 1703 1259 1777 ίκατηὸόλον
1306 1702 1477 1786 ᾀδέτω
1520 1702 1654 1784 φρήν
1672 1726 1686 1740 ·
1735 1703 1833 1760 ubi
1880 1705 1914 1772 ἠ

384 1799 517 1882 φρήν
555 1795 884 1864 Emestius,
929 1796 1140 1853 rectius
1189 1798 1552 1852 Her-mannus
1597 1789 1915 1850 ἑκαταὸόλον

383 1885 554 1946 ἀδέτω
598 1885 632 1943 ἁ
673 1883 826 1965 φρήν.
881 1888 1058 1941 Dum.
1099 1916 1164 1930 —·
1203 1882 1279 1938 30
1320 1883 1426 1938 τῶν
1464 1877 1915 1960 διθυραμὸαποιῶν

381 1953 699 2035 Ἐνιιεεῑὶιιε.
726 2008 789 2020 -
817 1970 890 2026 38
923 1968 1275 2049 ἀντίστροφος.
1311 1965 1509 2048 ἔφαμεν
1536 1972 1606 2024 V.
1636 2005 1700 2018 -
1724 1968 1799 2041 39
1827 1964 1919 2032 τὰς

383 2058 722 2142 ἀντιστρογὰς
749 2058 840 2116 καὶ
866 2055 960 2124 τὰς
983 2054 1189 2137 ἐπῳδὰς
1204 2100 1220 2129 ,
1248 2054 1463 2120 ἅστινας
1481 2100 1497 2129 ,
1529 2065 1606 2124 40
1625 2052 1805 2136 ὥσπερ
1829 2043 1917 2111 οὗν

382 2152 647 2208 κάνταῦθα
678 2144 739 2205 τὸ
775 2148 890 2205 ἀντ.
929 2149 998 2204 V.
1028 2180 1090 2193 -
1122 2152 1188 2212 4ι
1226 2141 1406 2223 ὥσπερ
1437 2163 1551 2201 om.
1576 2148 1666 2215 V.,
1698 2142 1799 2219 qni
1828 2140 1919 2199 καὶ

382 2237 471 2297 ἐπὶ
501 2244 566 2296 V.
583 2245 728 2305 -44
759 2239 851 2294 τοῦ
876 2232 997 2293 ὅλου
1023 2232 1142 2291 Ald.
1159 2234 1305 2302 -45
1329 2233 1420 2291 καὶ
1446 2232 1596 2310 δεῦρο
1612 2231 1818 2309 V.‚qui
1848 2232 1913 2288 51

384 2334 418 2400 ἡ
444 2340 501 2386 et
529 2324 664 2385 οὕτω
687 2344 801 2382 om.
829 2360 891 2373 --
930 2324 1002 2380 52
1041 2319 1339 2397 ἱππονόμαν
1369 2319 1481 2379 ὅσθ’
1511 2326 1578 2380 V.
1604 2357 1666 2369 -
1696 2341 1717 2377 1
1751 2318 1922 2379 Φοῖὅε

385 2422 454 2472 V.
485 2415 698 2471 omisso
742 2407 887 2477 ἄναξ.
916 2445 981 2458 -
1012 2430 1035 2464 ι
1054 2429 1073 2464 ι
1121 2410 1277 2467 αὐτοῦ
1309 2408 1626 2468 Ernestius.
1668 2411 1759 2466 τοῦ
1790 2407 1921 2467 Ald.

468 2502 605 2577 596,
634 2519 699 2570 17
727 2517 811 2574 sq.
839 2496 958 2553 Ald.
983 2492 1094 2553 ἔστι
1122 2494 1174 2554 δὲ
1205 2495 1321 2576 ὄρος
1345 2496 1521 2566 Δήλου
1542 2499 1577 2566 ἡ
1607 2493 1804 2562 Κύνθος
1826 2520 1839 2533 ·
1862 2497 1924 2556 τὸ

382 2586 443 2646 δὲ
470 2584 759 2669 ὑψικέρατα
789 2583 982 2665 πέτραν
1005 2582 1203 2662 ἐπῳδός
1227 2586 1357 2644 ἔστι.
1392 2583 1453 2643 τὸ
1488 2582 1614 2643 αὐτὸ
1645 2583 1700 2642 δὲ
1734 2582 1921 2666 μέτρον

386 2681 462 2757 τῷ
504 2675 653 2754 μέλει
689 2676 766 2755 τῷ
799 2671 1023 2753 πρώτῳ,
1056 2671 1145 2732 καὶ
1180 2671 1295 2743 ἑξῆς
1324 2671 1476 2734 οὕτω.
1508 2672 1619 2733 ἔστι
1657 2670 1713 2732 δὲ
1743 2695 1923 2755 παρα-

386 2763 570 2844 γώγως
592 2760 719 2820 -ἇντὶ
745 2766 834 2819 τοῦ
857 2762 1001 2840 ὗψικ.

471 2856 615 2929 599,
657 2872 726 2928 19
761 2848 849 2909 τὸν
882 2847 1073 2908 Ἥλιον
1095 2852 1201 2909 εῦθ.
1241 2853 1279 2921 ἡ
1314 2847 1555 2931 Ἄρτεμις
1593 2850 1722 2909 Ald.
1758 2895 1820 2906 -..
1848 2871 1923 2911 20

386 2935 448 3013 ἧς
471 2939 606 3020 ἱερὸς
629 2935 760 3017 Ἔφ.
783 2942 850 2996 R.
881 2927 946 3007 ἧς
965 2940 1000 3007 ἡ
1026 2930 1155 3019 ’'EP-
1194 2937 1325 2995 Ald.

468 3030 581 3085 600
603 3028 693 3098 τῆς
707 3014 1105 3105 γὰρ-ἧν.ἔνθα
1128 3047 1186 3084 σε
1207 3024 1360 3105 κόραι
1388 3026 1442 3084 αἱ
1452 3027 1560 3084 τῶν
1579 3026 1766 3086 Λυδῶν
1784 3049 1925 3110 παρ-

388 3115 527 3174 θένοι
554 3103 598 3172 ὦ
617 3109 839 3195 Ἄρτεμι
867 3115 1094 3189 τιμῶσιν
1120 3117 1190 3171 V.

467 3205 581 3269 604
602 3247 618 3275 ,
652 3205 726 3260 26
766 3197 899 3279 μετὰ
925 3198 1094 3281 δᾴδων
1121 3220 1232 3258 om.
1260 3205 1327 3257 V.
1357 3238 1418 3251 --
1446 3202 1522 3259 28
1543 3203 1604 3261 Δ.
1633 3204 1687 3261 ἐν
1710 3202 1923 3269 πεύκαις

388 3295 455 3349 V.
492 3288 545 3355 ὃς
583 3287 828 3347 πεύκαισι
865 3287 989 3345 ald.
1036 3288 1291 3345 Mutavit
1329 3288 1659 3346 Dindorfius
1685 3309 1757 3347 ex
1788 3298 1921 3349 Ran.

395 3397 493 3435 ι2ι
514 3398 559 3435 ι.
585 3378 778 3458 νευρῶν
804 3380 871 3433 V.
895 3402 956 3414 -
987 3376 1060 3433 3ο
1079 3372 1352 3456 παρθένοις
1374 3372 1469 3433 σὺν
1489 3376 1735 3455 Δελφίσιν
1757 3382 1925 3437 resti-

389 3476 574 3522 tutum
609 3483 683 3520 ex
713 3461 931 3519 scholio
972 3465 1279 3519 Ranarum.
1328 3459 1421 3520 σὺν
1460 3462 1732 3541 παρθένοις
1774 3466 1923 3537 Al‹l.‚

389 3550 603 3607 omisso
634 3546 1181 3628 Δελφίσιν.-3ι-33
1211 3547 1384 3606 habet
1413 3553 1482 3606 R.
1504 3548 1560 3607 δὲ
1587 3549 1677 3608 καὶ
1700 3556 1790 3623 V.‚
1824 3553 1922 3628 qni

392 3641 463 3695 32
496 3641 524 3696 ὁ
557 3649 689 3695 ante
724 3635 834 3701 θεὸς
863 3655 977 3693 om.
1006 3673 1068 3686 ..-
1093 3637 1165 3694 33
1193 3637 1382 3713 pergit
1404 3641 1471 3694 V.
1504 3636 1566 3695 τὸ
1598 3635 1653 3696 δὲ
1688 3637 1924 3717 Βάκχαις

389 3722 635 3804 Δελφίσιν
660 3719 968 3803 ἐμπρέπων,
996 3721 1077 3780 ὅτι
1098 3722 1187 3781 καὶ
1222 3725 1332 3781 ἐκεῖ
1363 3725 1582 3801 ἐτιμᾶτο
1606 3729 1638 3784 ὁ
1658 3726 1920 3793 Διόνυσος.

390 3810 610 3891 Δελφίσι
649 3809 739 3869 καὶ
768 3807 978 3890 (scrib.
1021 3807 1113 3886 δὲ)
1157 3818 1272 3877 ταῖς
1311 3808 1407 3882 τὴν
1438 3810 1703 3892 Δελφικὴν
1745 3812 1923 3898 χώραν

391 3920 773 3961 κατοικουσαις.

469 3988 604 4058 607,
629 3988 702 4062 39
724 3989 879 4043 τοῦτο
904 4005 1019 4043 om.
1046 3989 1140 4058 R„
1178 3994 1360 4041 totum
1392 3985 1652 4043 scholion
1674 3991 1739 4046 V.

471 4075 607 4148 609,
641 4075 712 4131 52
749 4073 902 4130 conf.
923 4072 1102 4131 schol.
1148 4071 1299 4128 Pluti
1337 4074 1467 4129 322.
1491 4093 1646 4152 φησιν
1685 4078 1749 4130 R.
1781 4076 1926 4133 V.-

390 4163 656 4241 προθεῖναι
679 4161 993 4218 Ernestius.
1020 4161 1324 4240 προσθεῖναι
1345 4159 1495 4218 libri.
1516 4157 1645 4241 ὅπερ
1664 4162 1718 4219 ἐν
1738 4160 1926 4242 χρήσει

391 4246 599 4325 γε’γονεν
627 4253 719 4321 ·V.,
741 4248 840 4324 qui
875 4269 988 4322 7-9
1019 4248 1122 4320 sic,
1152 4246 1371 4324 ἀρχαῖον
1417 4244 1527 4313 ἔθος
1559 4246 1620 4306 τὸ
1653 4256 1765 4313 ταῖς
1803 4251 1925 4307 ὄπι-

393 4337 602 4402 στολαῖς
630 4335 969 4415 προστιθέναι
995 4334 1056 4394 τὸ
1083 4336 1309 4418 χαίρειν,
1326 4333 1416 4394 καὶ
1444 4336 1538 4393 οὐκ
1554 4334 1666 4394 ἔστι
1688 4334 1872 4395 Κλέων
1897 4339 1927 4395 δ

393 4427 599 4505 πρῶτος
619 4422 1116 4499 οὔπως-ἐπιστείλας,
1136 4424 1207 4491 ὥς
1234 4446 1362 4504 φασι
1387 4421 1547 4490 τινές.

479 4511 593 4569 6ι5
624 4511 1098 4593 Καὶ-εὖεργετεῖν
1126 4512 1187 4570 in
1210 4513 1321 4570 fine
1344 4512 1544 4571 scholii
1569 4513 1810 4570 collocat
1829 4517 1924 4585 V.‚

397 4612 531 4678 post
557 4599 815 4657 scholion
846 4619 898 4655 v.
927 4601 1041 4656 618
1069 4599 1244 4659 habet
1270 4606 1329 4659 R.
1353 4636 1414 4649 —
1441 4601 1507 4659 15
1541 4598 1603 4659 δὲ
1631 4602 1767 4677 ὑμᾶς
1805 4620 1923 4658 om.

475 4774 611 4843 616,
651 4792 714 4844 17
742 4792 827 4849 sq.
856 4774 1039 4830 solum
1065 4774 1438 4856 συνταράττειν
1465 4775 1679 4834 habent
1705 4780 1775 4832 V.
1796 4776 1923 4834 Md.

397 4900 460 4915 ..-
480 4863 554 4919 18
597 4881 680 4938 sq.
709 4860 902 4942 γράφεν
948 4858 1077 4941 [sic]
1106 4862 1160 4919 δὲ
1190 4860 1242 4930 ἐξ
1273 4861 1521 4943 ἑκατέρου
1540 4861 1600 4919 τὸ
1618 4861 1924 4942 ταράττειν,

396 4948 486 5010 καὶ
506 4947 565 5007 τὸ
591 4945 686 5024 μὲν
712 4947 817 5005 ἀπὸ
835 4953 925 5005 τοῦ
946 4959 1132 5022 κυκᾶν,
1152 4949 1212 5007 τὸ
1230 4948 1286 5007 δὲ
1306 4950 1411 5009 ἀπὸ
1454 4955 1545 5008 τοῦ
1582 4952 1830 5028 κυδοιμοῦ
1853 4956 1924 5009 V.

476 5038 623 5113 619,
655 5038 727 5094 36
757 5035 893 5094 κατὰ
918 5033 1070 5113 λόγον
1101 5036 1161 5095 τὸ
1188 5038 1322 5112 eim,
1372 5040 1442 5108 37
1487 5035 1589 5118 γὰρ
1625 5042 1719 5096 τοῦ
1755 5042 1821 5095 V.
1867 5037 1928 5096 τὸ

1999 412 2111 449 om.
2137 398 2206 450 R.
2225 425 2304 434 —
2323 392 2395 448 38
2417 389 2513 461 τὴν
2535 389 2716 471 ἑορτὴν
2739 398 2804 449 V.
2823 390 3149 471 ὑπερὸαίνειν
3194 388 3285 458 τὰς
3319 385 3521 459 δεήσεις

1998 477 2088 536 καὶ
2108 476 2197 541 τὰς
2224 477 2405 559 ἑορτὰς
2429 479 2632 555 ἀνάγκη
2668 479 2787 536 ΑΙά.

2080 568 2216 638 621,
2261 574 2328 632 41
2383 565 2561 624 verba
2611 564 2883 624 διαὸάλλει
2927 565 3046 634 τοὺς
3083 569 3303 639 ποιητάς
3350 568 3525 629 hahet

2001 657 2069 710 R.
2093 666 2222 711 ante
2256 654 2513 711 scholion
2555 675 2609 711 v.
2652 655 2785 712 618.
2825 661 2956 732 Reg.
2992 659 3140 714 2821
3168 658 3402 716 ἀπαστία
3429 659 3525 736 71⁰-

1998 765 2145 800 νεται
2165 742 2269 803 ἀπὸ
2295 748 2387 801 τοῦ
2409 766 2443 800 α
2466 747 2774 825 στερητικοῦ
2799 743 2981 825 μορίου
3027 744 3115 804 καὶ
3153 754 3244 805 τοῦ
3278 748 3404 806 πάω
3437 752 3528 805 a&

1999 828 2060 887 τὸ
2087 833 2326 906 κτῶμαι,
2356 822 2415 888 οὗ
2435 834 2463 889 ὁ
2486 828 2696 908 μέλλων
2734 830 2919 890 πάσω·
2948 833 3037 915 ἀφ’
3060 827 3118 892 οὗ
3142 835 3231 894 καὶ
3253 837 3528 896 πάσασθαι

2000 915 2062 975 τὸ
2088 925 2271 996 φαγεῖν
2294 914 2441 998 παρὰ
2465 925 2729 990 ποιηταῖς.

2080 1005 2217 1077 623,
2246 1007 2281 1062 6
2308 1004 2434 1083 ἱεροὶ
2455 1008 2764 1064 ErnesliuS.
2786 1007 2939 1087 ἱερεῖς
2962 1008 3087 1066 Ald.

2081 1092 2217 1158 624,
2252 1096 2320 1150 13
2359 1091 2530 1159 ἄλλως
2555 1096 2842 1171 praeponit
2885 1100 2952 1152 V.
3002 1109 3059 1152 et
3093 1093 3196 1176 γὰρ
3234 1117 3431 1155 om.-
3459 1106 3526 1164 14

2001 1181 2153 1260 ἱερῶν
2186 1185 2256 1238 R.
2278 1183 2491 1261 ἡμερῶν
2513 1188 2648 1240 V.—
2670 1185 2739 1240 16
2767 1179 2923 1259 μόνον
2951 1189 3022 1243 V.
3049 1205 3156 1262 pro
3185 1184 3529 1265 Ὑπέρὸολον.

2082 1267 2218 1337 625,
2250 1287 2320 1324 22
2351 1271 2422 1335 ὡς
2452 1267 2515 1327 ἂν
2542 1269 2682 1336 ἄξιον
2701 1261 2765 1341 ἦν
2791 1275 3169 1330 Hermannus.

2082 1356 2218 1427 627,
2251 1356 2436 1413 28-30
2459 1354 2889 1438 πάλιν-ἀμαθίᾳ
2913 1379 3027 1416 om.
3065 1366 3204 1417 V.—
3225 1361 3291 1418 31
3319 1384 3535 1442 χαριεν-

2002 1439 2267 1517 τιζόμενον
2294 1443 2419 1500 Ald.
2443 1481 2505 1493 -
2538 1447 2608 1502 32
2655 1443 2902 1504 Mau-ov.
2935 1452 3004 1504 V.
3042 1447 3169 1505 Ald.
3218 1449 3438 1507 Deinde
3463 1457 3532 1507 V.

2004 1526 2275 1587 διαὸάλλει
2305 1531 2376 1595 εἷς
2400 1530 2655 1603 ἀθεότητα
2682 1532 2770 1591 τὸν
2801 1535 2885 1606 Σ.,
2909 1535 3176 1593 omittens
3195 1533 3281 1593 διὰ
3305 1540 3399 1605 τῆς
3421 1560 3527 1595 πο-

2002 1617 2260 1695 λυμαθίας
2286 1618 2526 1693 Aldinae,
2555 1620 2711 1697 quod
2734 1642 2806 1678 ex
2847 1622 3064 1679 scholio
3109 1626 3441 1682 Ravennate
3471 1626 3533 1682 in

2003 1704 2277 1771 πολυθεΐας
2299 1709 2538 1765 mutavit
2565 1708 2894 1768 Dindorflus
2932 1722 2989 1767 et
3015 1711 3273 1768 lacunam
3305 1711 3536 1770 indica-

2005 1792 2088 1849 vit
2113 1813 2127 1848 ε
2160 1817 2184 1843 ιι
2211 1798 2472 1853 Fortasse
2499 1799 2651 1853 τοῦτο
2681 1793 2736 1853 δὲ
2766 1797 2996 1856 excidit.
3021 1823 3125 1849 n.-
3154 1799 3227 1855 36
3251 1795 3349 1869 τὴν
3397 1802 3535 1858 ἄνα-

2003 1878 2168 1950 πνοὴν
2196 1880 2324 1938 Ald.

2086 1967 2222 2041 629,
2259 1978 2321 2035 4ι
2351 1964 2468 2034 τοὺς
2496 1968 2699 2048 μωροὺς
2737 1967 2842 2026 ἀπὸ
2871 1973 2967 2042 τῆς
3003 1979 3187 2037 σκαιᾶς
3215 1973 3376 2031 addit
3403 1976 3537 2033 Ald.

2087 2056 2222 2126 630,
2263 2064 2332 2123 44
2373 2055 2713 2131 σκαλεύματα
2743 2059 2942 2138 σμικρὰ
2987 2058 3078 2116 καὶ
3124 2059 3291 2119 λεπτὰ
3325 2064 3540 2121 ΔΜ.-

2011 2142 2082 2212 45
2106 2141 2345 2217 νοήματα
2374 2142 2462 2199 καὶ
2492 2142 2656 2225 μικρὰ
2686 2166 2770 2202 σκ.
2798 2151 2860 2202 R.
2905 2145 3303 2228 σκαριφεύματα
3329 2151 3540 2209 Suidas

2008 2248 2054 2288 s-
2112 2228 2579 2310 Σκαλαθυρμάτια.
2600 2267 2662 2279 —
2707 2233 2781 2298 46
2829 2252 2916 2310 sq.
2969 2230 3198 2311 ἔγκειται
3237 2231 3291 2291 δὲ
3336 2237 3427 2294 καὶ
3475 2239 3542 2295 τὶ

2009 2313 2243 2396 ἄθυρμα,
2277 2317 2431 2374 οἱονεὶ
2462 2316 2699 2396 παίγνια,
2727 2318 2816 2378 καὶ
2842 2317 2988 2378 οὐδὲν
3018 2319 3295 2389 ἀξιόπιστα
3318 2325 3450 2383 Ald.
3475 2340 3540 2384 ct

2011 2404 2272 2462 similiter
2302 2404 2528 2463 Suidas.

2092 2494 2230 2564 633,
2263 2491 2336 2549 50
2365 2489 2481 2550 ἀντὶ
2518 2497 2610 2551 τοῦ
2651 2490 2820 2561 ἔξελθε
2861 2494 3037 2553 habet
3069 2500 3157 2569 R„
3194 2494 3364 2564 ἔξελθε
3409 2502 3543 2577 φησί

2013 2582 2082 2636 V.
2137 2580 2407 2637 Scholion
2481 2580 2643 2638 sutile
2706 2582 2911 2657 legitur
2960 2584 3263 2641 maximam
3317 2599 3543 2663 partem

2012 2667 2166 2743 apud
2200 2667 2545 2725 Favorinum
2596 2668 2654 2724 in
2706 2669 2836 2726 Aldi
2869 2671 3064 2728 Hortis
3109 2671 3297 2730 Adon.
3341 2673 3440 2732 fol.
3465 2676 3542 2742 54

2013 2767 2187 2812 recto,
2213 2759 2395 2812 Dum.
2415 2791 2476 2803 —
2497 2763 2528 2823 4
2565 2752 2698 2832 μετὰ
2734 2760 2878 2832 κῦμα
2903 2757 3098 2817 Md..-
3122 2761 3190 2818 15
3221 2759 3308 2818 τὸν
3337 2761 3547 2819 ἀσκάν-

2011 2866 2107 2915 την
2139 2839 2194 2901 δὲ
2223 2842 2308 2902 τὸν
2340 2846 2409 2900 G.

2092 2933 2228 3002 638,
2261 2930 2454 2988 23-25
2476 2930 2537 2989 in
2563 2932 2677 2991 fine
2702 2933 2904 2992 scholii
2938 2955 2994 2993 v.
3023 2938 3138 3005 643
3167 2938 3334 3015 ponit
3362 2944 3431 2997 R.
3462 2937 3548 2997 ὅτι

2013 3017 2242 3101 διαφέρει
2259 3024 2406 3076 V.—-
2427 3028 2498 3088 24
2523 3018 2700 3101 πατὴρ
2744 3019 2936 3102 μέτρου
2981 3027 3009 3082 ὁ
3053 3023 3270 3103 ῥυθμὸς,
3295 3026 3543 3104 Longini

2013 3109 2229 3167 dictum
2254 3108 2451 3185 fragm.
2482 3110 2535 3180 3,
2578 3129 2624 3164 ι.
2663 3109 2829 3167 Cons.
2874 3112 3191 3170 Maximum
3229 3115 3546 3172 Planudem

2013 3200 2072 3256 in
2094 3195 2298 3255 Walzii
2319 3194 2668 3255 Rhetoribus
2691 3199 2808 3255 vol.
2837 3198 2891 3271 5,
2917 3219 2973 3277 p.
3004 3202 3140 3271 473.
3166 3205 3348 3260 Dum.
3374 3204 3403 3260 ὁ
3425 3224 3546 3261 om.

2013 3292 2077 3344 R.
2094 3284 2299 3344 AldJn
2316 3288 2456 3362 Reg.
2476 3286 2623 3343 2821
2653 3284 2910 3342 scholion
2932 3298 3017 3343 est
3042 3288 3113 3346 de
3143 3288 3390 3346 utilitate
3409 3302 3544 3345 stu—

2014 3372 2262 3444 diorum,
2299 3372 2357 3429 in
2383 3369 2545 3448 cnjus
2589 3372 2701 3429 fine
2723 3372 2864 3444 haec,
2890 3372 3003 3430 δέον
3028 3364 3116 3432 οὗν
3146 3376 3258 3432 ἐστι
3280 3376 3410 3456 πρὸς
3432 3387 3550 3443 τοὶς

2014 3457 2189 3524 ἄλλοις
2225 3455 2316 3518 καὶ
2342 3456 2410 3516 τὰ
2436 3457 2556 3540 περὶ
2586 3455 2789 3541 μέτρων
2820 3460 3096 3535 μανθάνειν
3119 3485 3132 3498 ·
3162 3460 3300 3521 οὕτω
3331 3461 3432 3541 γὰρ
3476 3462 3552 3522 ἂν

2014 3546 2102 3604 καὶ
2136 3544 2308 3604 πολλὰ
2328 3548 2433 3604 τῶν
2458 3550 2749 3617 ποιητικῶν
2784 3547 2982 3627 στίχων
3019 3547 3433 3631 παραφθαρέντα
3464 3553 3552 3632 τῷ

2013 3632 2185 3714 χρόνῳ
2213 3634 2449 3715 διορθοῦν
2477 3632 2592 3712 ἔχοι
2613 3657 2709 3700 τις.

2094 3724 2229 3797 639,
2258 3723 2329 3778 26
2360 3720 2806 3800 Λείπει-μαθεῑν
2835 3744 2950 3782 om.
2979 3729 3079 3796 G.‚
3116 3745 3188 3797 27
3216 3737 3275 3784 et
3311 3725 3384 3782 28
3426 3745 3550 3785 om.

2012 3814 2084 3868 V.
2112 3806 2356 3885 μουσικός
2385 3811 2697 3868 Ernestius.
2728 3810 2958 3888 κωμικός
2989 3812 3117 3870 Ald.
3163 3812 3329 3871 Cous.
3359 3813 3552 3872 schol.

2013 3919 2066 3954 v.
2086 3899 2218 3965 641.
2234 3939 2298 3948 -
2313 3916 2386 3971 29
2402 3893 2456 3954 δὲ
2475 3917 2590 3955 om.
2611 3902 2680 3955 R.
2705 3896 2863 3956 πάλιν
2884 3904 2948 3956 V.
2971 3900 3085 3970 Qui
3109 3900 3190 3957 sic
3218 3900 3422 3959 scribit
3451 3921 3552 3959 se-

2014 3984 2278 4062 quentia:
2306 3983 2634 4063 ἀπεκρίνατο.
2671 3988 2700 4044 ὁ
2741 3984 2836 4062 μὲν
2865 3984 2966 4068 γὰρ
2991 3988 3059 4044 τὰ
3091 3990 3197 4045 τῶν
3227 3986 3551 4063 ποιημάτων

2012 4072 2159 4151 ἔλεγε
2181 4072 2367 4155 με’τρα,
2401 4077 2428 4131 δ
2456 4072 2510 4130 δὲ
2536 4076 2607 4140 ὥς
2640 4072 2728 4132 ἐπὶ
2763 4077 2867 4133 τῶν
2895 4078 3137 4156 γεωργῶν
3168 4078 3298 4152 (scr.
3324 4099 3555 4158 γεωργι-

2014 4161 2148 4240 κῶν)
2179 4159 2383 4242 μέτρων
2410 4158 2636 4229 ἐδέξατο.
2661 4160 2801 4240 λέγει
2840 4162 2894 4219 δὲ
2925 4161 3006 4222 ὅτι
3038 4161 3143 4240 ἐγὼ
3172 4163 3298 4243 χθὲς
3320 4164 3422 4224 ὑπὸ
3444 4189 3555 4242 με·

2012 4254 2204 4330 τρητοῧ
2235 4248 2531 4325 ἐζημιώθην
2576 4247 2666 4307 δύο
2712 4250 2966 4328 χοίνικας.
2997 4252 3376 4333 ἀλφιταμοιὸοὶ
3414 4253 3467 4311 δὲ
3499 4258 3558 4313 οἱ

2011 4334 2081 4396 τὸ
2105 4335 2297 4417 ἄλφιτα
2325 4336 2627 4414 ἅμείὸοντες
2648 4339 2719 4403 ὡς
2745 4342 2872 4415 (scr.
2911 4338 3024 4415 καὶ)
3047 4339 3434 4419 πιπράσκοντες
3455 4343 3561 4419 (ὣς

2013 4446 2071 4482 π.
2099 4443 2215 4481 om.
2248 4424 2357 4501 G.).
2387 4423 2550 4482 Conf.
2575 4425 2755 4483 schol.
2786 4446 2842 4483 v.
2874 4428 3010 4493 643.
3168 4448 3174 4452 ·

2097 4512 2212 4579 640
2257 4510 2635 4592 ἀλφιταμοιόοὶ
2684 4503 2771 4570 οὖν
2813 4515 2861 4571 οἱ
2898 4511 2967 4572 τὰ
3008 4512 3204 4591 ἄλφιτα
3246 4513 3561 4592 ἆμείὸοντες

2014 4600 2104 4660 καὶ
2137 4597 2523 4681 πιπράσκοντες
2553 4605 2626 4660 R.
2657 4600 2878 4678 reliqua
2899 4602 3104 4659 scholii
3132 4615 3295 4679 parte
3316 4604 3557 4661 omissa.

2094 4688 2312 4761 643,5ι
2347 4685 3071 4766 ἑκτέηςῙὶ.ἡμιεκτέονἿ.-
3094 4690 3128 4747 8
3153 4710 3227 4768 χρ
3260 4689 3561 4766 ἡμιακτέον

2020 4783 2086 4835 V.
2111 4797 2200 4856 χρ.
2222 4774 2308 4833 διὰ
2332 4772 2607 4856 διφθόγγου
2634 4775 2947 4853 ἡμιεκταίου
2973 4777 3103 4839 And.

2095 4865 2234 4937 644,
2274 4883 2341 4920 ιο
2369 4882 2494 4940 sqq.
2531 4867 2734 4941 Inepte
2771 4864 3074 4922 scholiasta
3100 4862 3349 4944 περίδου,
3389 4863 3560 4938 quod

2016 4964 2101 5009 est
2125 4972 2160 5009 a
2178 4949 2525 5031 περιδιδόναι,
2556 4950 2630 5008 ab
2663 4951 2841 5010 verbo
2865 4950 3092 5030 περιδεῖν
3128 4949 3369 5008 derivat.
3389 4986 3452 4997 -
3482 4971 3503 5008 ι
3524 4954 3560 5008 5

2017 5037 2143 5096 δίδει
2193 5038 2320 5096 Ald.
2366 5044 2535 5116 chq.
2567 5060 2638 5098 ex
2670 5040 2886 5098 scholio
2912 5058 2967 5098 v.
3010 5041 3126 5115 639
3170 5040 3346 5118 petita
3397 5052 3559 5097 sunt.
