3859 5725
457 277 577 334 424
1624 261 2077 324 ADNOTATIO
2119 261 2200 321 IN
2244 258 2510 321 SCHOL.

542 412 672 474 140,
702 403 736 458 8
761 402 866 460 τῶν
893 418 1004 456 0111.
1034 401 1098 455 V.
1119 433 1180 444 —
1200 416 1236 472 9
1268 387 1342 462 οἷς
1371 400 1439 454 G.
1464 391 1516 453 οἳ
1533 398 1599 452 V.
1623 393 1821 452 πολλοῦ
1857 412 1974 452 0111.

453 489 661 550 Suidas
692 508 731 546 s.
762 484 900 545 Ἀλλ’
924 488 1001 543 οὔ.
1021 522 1085 535 -
1110 504 1179 541 10
1209 484 1253 541 εἷ
1277 481 1352 560 μὴ
1392 489 1498 548 τοῖς
1526 484 1784 561 μαθηταῖς
1805 479 1980 540 habet

457 582 523 636 V.
545 593 659 636 om.
683 581 749 634 G.

546 671 679 733 144,
718 681 785 719 12
808 657 1025 719 ἐπύθετο
1063 679 1176 720 om.
1200 663 1338 716 V.--
1364 658 1433 714 18
1459 659 1617 716 αὐτοῦ
1652 656 1792 713 δοκεῖ
1811 652 1981 721 σώζε-

460 757 581 809 σθαι
599 749 802 810 Suidas
822 768 863 806 s.
886 748 1255 830 Χαιρεφῶν.-
1278 766 1348 821 19
1375 743 1515 804 πάνυ
1541 742 1726 824 θερμὸς
1750 742 1978 802 Suidas.

460 878 522 890 -
548 859 621 896 22
655 842 995 918 συμφρονοῖεν
1026 838 1092 892 V.
1122 841 1434 915 σωφρονοῖεν
1481 831 1610 891 Δίἀ.
1654 835 1979 911 συμφωνοῖεν

459 927 666 988 suidas
702 944 835 983 cum
880 922 1368 1000 Xenophonte...-
1402 923 1478 979 23
1524 922 1680 977 τοῦτο
1722 922 1864 976 V.-
1904 917 1981 972 26

461 1013 616 1094 σοφὸς
643 1012 688 1070 δ’
717 1010 962 1071 ἁπάντων
985 1008 1275 1092 Σωκράτης
1299 1014 1327 1067 δ
1344 1006 1580 1078 Θηὸαἷος
1601 1008 1672 1063 V.
1693 1003 1984 1085 σοφώτερος

460 1107 531 1161 R.
587 1095 1196 1178 ἁπάντων-σοφώτατος
1229 1094 1731 1154 Pseudo-Luciam.
1781 1099 1982 1152 Amor.

463 1209 513 1245 c.
546 1189 719 1256 48...
748 1206 819 1258 27
850 1181 1035 1260 τούτου
1064 1189 1208 1241 Ven.
1227 1220 1291 1232 -
1313 1183 1389 1238 28
1414 1180 1710 1258 legebatur
1732 1177 1861 1260 φησὶ
1888 1176 1984 1247 τὴν

464 1273 667 1335 Πυθίαν
691 1271 809 1339 τοὺς
833 1295 962 1349 γ.--
982 1292 1058 1349 29
1086 1270 1176 1330 καὶ
1209 1271 1254 1327 εἰ
1287 1267 1400 1328 ἔστι
1427 1267 1481 1327 δὲ
1509 1274 1579 1328 V.
1597 1305 1661 1317 -
1683 1270 1756 1325 30
1788 1268 1832 1324 εἰ
1859 1266 1991 1325 Sui-

463 1364 565 1421 das
594 1383 640 1421 s.
669 1358 1131 1442 Συγχρωτίζεσθαι
1150 1371 1208 1415 et
1237 1359 1407 1433 Diog.
1438 1362 1502 1415 L.
1549 1378 1604 1428 7,
1642 1373 1696 1412 2.
1724 1356 1801 1432 πῇ
1837 1351 1987 1426 Αἰά,

464 1450 623 1529 quod
663 1469 777 1507 om.
822 1453 916 1516 V.‚
954 1448 1016 1504 in
1046 1465 1164 1523 quo
1206 1446 1252 1503 εἰ
1278 1445 1431 1502 inter
1472 1442 1563 1501 καὶ
1608 1440 1720 1500 ἔστι
1756 1442 1987 1517 legitur,

463 1539 596 1596 loco
667 1537 857 1595 aiieno
918 1534 1160 1592 iilatum..
1214 1532 1346 1591 Aid.
1394 1536 1466 1590 V.
1519 1533 1597 1608 πῇ
1650 1530 1989 1608 συγκεχωρῆ-

464 1629 587 1683 σθαι
614 1621 1051 1703 (συγκεχωρίσθαι
1081 1621 1177 1690 V.)
1199 1622 1276 1700 τῷ
1299 1622 1528 1701 χρησμῷ
1573 1614 1803 1675 δύναται.
1835 1620 1984 1674 Cor-

465 1713 614 1772 rexit
637 1711 902 1788 Toupius
924 1709 1225 1771 Emendat.
1268 1708 1382 1765 vol.
1408 1724 1467 1777 2,
1493 1725 1550 1783 p.
1580 1725 1715 1776 207,
1738 1724 1810 1763 ex
1838 1703 1989 1761 Dio-

467 1820 617 1879 gene
691 1805 876 1858 Laert.
946 1818 977 1869 7
997 1840 1015 1870 ,
1086 1816 1121 1854 2
1162 1819 1176 1853 :
1237 1790 1762 1875 χρηστηριαζομένου
1829 1792 1989 1849 αὐτοῦ

467 1889 777 1967 (Zenonem
815 1885 978 1962 dicit)
1008 1884 1061 1943 τί
1081 1883 1327 1964 πράττων
1347 1881 1536 1963 ἄριστα
1567 1877 1834 1958 βιώσεται,
1853 1881 1992 1936 ἀπο-

466 1977 744 2058 κρίνασθαι
784 1972 873 2033 τὸν
917 1971 1055 2047 θεὸν,
1074 1975 1121 2031 εἰ
1162 1969 1569 2052 συγχρωτίζοιτο
1612 1975 1720 2033 τοῖς
1762 1973 1988 2045 νεκροῖς·

468 2062 584 2122 ὅθεν
628 2061 842 2132 ξυνέντα
877 2060 947 2119 τὰ
989 2062 1095 2118 τῶν
1136 2057 1372 2140 ἀρχαίων
1418 2052 1890 2132 ἄναγινώσκειν.-
1916 2055 1989 2110 32

467 2148 708 2223 δηλονότι
741 2153 832 2221 V.‚
861 2146 1024 2226 quod
1050 2147 1304 2205 con-exit
1330 2144 1676 2203 Dindorfius.
1695 2178 1758 2194 -
1778 2148 1851 2208 40
1878 2142 1994 2200 Να-

463 2237 624 2298 παίου
655 2237 907 2300 Lobeck.
927 2235 1209 2314 Aglaoph.
1242 2253 1299 2312 p.
1324 2228 1459 2304 267.
1500 2229 1824 2307 Legebatur
1861 2250 1991 2305 γον-

466 2324 708 2385 ναπαίου.
761 2323 1080 2401 Apollinem
1128 2327 1349 2379 ναπαῖον
1388 2318 1463 2376 ab
1508 2317 1729 2377 Lesbiis
1772 2317 1990 2374 cultum

468 2412 647 2472 fuisse
696 2422 923 2469 constat
965 2429 1037 2467 ex
1083 2406 1372 2467 Macrobii
1423 2411 1650 2467 saturn.
1692 2424 1714 2461 1
1734 2449 1751 2476 ,
1806 2425 1895 2476 17,
1936 2416 1993 2462 et

466 2498 647 2557 auida
678 2518 722 2557 s.
754 2495 1040 2569 Ναπάται,
1068 2514 1239 2573 quarn
1266 2493 1340 2570 gl.
1371 2513 1485 2551 om.
1520 2491 1689 2550 codd.
1728 2492 1903 2550 Paris..
1941 2497 1992 2549 Δ

468 2598 529 2643 et
556 2585 795 2647 Leid.-.
820 2594 889 2656 41
939 2583 1173 2655 Suidas,
1219 2579 1504 2658 ἀνάθημαε
1533 2587 1636 2637 πᾶν
1677 2577 1993 2660 τδᾶφιερω-

469 2671 626 2749 μένον
669 2675 786 2754 θεῷ.
819 2698 844 2724 α
875 2673 1138 2740 αἰτοῦντος
1181 2669 1340 2746 (libri
1379 2668 1693 2727 deteriores
1733 2667 1993 2744 αἰτοῦντι)

468 2764 547 2842 τῷ
593 2759 800 2822 Πέλοπι
850 2756 1220 2837 ἀνάθημαᾼτὴν
1262 2757 1394 2838 ἄρνα
1431 2754 1527 2826 τὴν
1568 2759 1804 2837 χρυσῆν,
1843 2753 1995 2836 ἔτερα

466 2845 755 2929 παρέχοντι
781 2847 1031 2927 κειμήλια
1063 2844 1316 2928 ἔχρησεν,
1355 2841 1430 2906 Ὃ
1460 2843 1716 2925 βούλομαι
1758 2843 1871 2919 δὸς,
1915 2842 1991 2923 μὴ

467 2935 611 2994 δίδου
634 2934 680 2994 δ’
703 2934 734 2997 8
753 2933 828 3013 μὴ
857 2934 1011 2999 θέλω.
1030 2961 1054 2987 n
1072 2970 1135 2985 --
1159 2943 1231 3002 42
1258 2930 1545 3013 παρέχοντι
1565 2931 1791 2992 Suidas.
1822 2931 1993 3013 παρί-

466 3045 634 3104 χοντα
653 3025 783 3084 Αἰά.
812 3024 1036 3083 Deinde
1064 3049 1089 3073 ι
1109 3020 1478 3081 scribendum
1498 3019 1610 3081 ἔστι
1646 3020 1694 3079 δ’
1720 3012 1868 3088 οὗτος
1905 3024 1994 3081 vel

465 3110 581 3193 ἕχει
611 3112 661 3171 δ’
681 3111 866 3179 οὕτως.
893 3138 917 3165 n
943 3117 1123 3170 Dum.

558 3202 689 3271 145,
720 3211 792 3274 47
817 3199 909 3260 καὶ
935 3200 1023 3258 vel
1054 3199 1355 3258 delendum
1385 3198 1477 3258 vel
1516 3199 1577 3256 in
1613 3194 1713 3278 γὰρ
1762 3210 1995 3259 mutan-

468 3285 632 3346 dum.
659 3286 934 3346 Praecedit
955 3287 1016 3344 in
1048 3291 1117 3344 R.
1154 3283 1597 3362 ἐπινενοημίνην,
1622 3283 1782 3361 quod
1824 3285 1996 3345 retuli

466 3375 541 3437 ad
570 3398 623 3435 v.
668 3378 798 3448 137,
826 3387 892 3433 ut
919 3375 1134 3432 factum
1160 3375 1334 3432 estin
1376 3378 1447 3430 V.
1480 3378 1662 3432 Dum.
1687 3412 1750 3425 -
1788 3374 1856 3430 51
1902 3379 1994 3431 νῦν

466 3464 692 3527 addidit
722 3468 855 3521 V...
882 3482 906 3520 1
933 3465 1139 3521 τοιοῦτο
1162 3465 1232 3519 R.
1263 3458 1469 3518 Aid.—
1492 3461 1524 3516 3
1557 3459 1713 3529 δῆλον
1744 3457 1798 3515 δὲ
1817 3472 1874 3516 et
1895 3479 1992 3518 se-

467 3553 705 3632 quentia
729 3570 843 3609 om.
879 3554 945 3609 V.
973 3546 1055 3611 ὅτι
1073 3546 1243 3613 ταῦτά
1276 3568 1403 3628 φησι
1431 3546 1563 3605 Ald.
1601 3551 1757 3631 σῦραι
1775 3551 1845 3609 R.
1870 3584 1932 3599 -
1959 3555 1989 3615 4

472 3638 694 3720 μηδενὸς
719 3637 967 3723 ἐχόμενα.
1006 3634 1087 3694 διὸ
1110 3635 1240 3693 Ald.
1260 3670 1324 3685 -·
1348 3637 1385 3691 6
1412 3631 1538 3692 αὐτὸ
1568 3638 1636 3691 R.

557 3729 698 3796 146,
726 3746 764 3802 9
789 3719 1104 3804 παρειλήφει
1137 3727 1207 3778 V.
1235 3725 1405 3778 τοῦτο.
1452 3716 1538 3776 διὰ
1572 3724 1725 3777 τοῦτο
1761 3719 1877 3779 οὐδὲ
1914 3726 1990 3781 R.

468 3812 659 3874 αὔτικα
688 3809 745 3871 δὲ
780 3817 852 3871 G.
873 3846 937 3859 -
961 3829 1032 3866 10
1055 3806 1194 3873 τινος
1222 3820 1281 3865 et
1301 3805 1337 3877 ἢ
1381 3805 1741 3883 τοῦ-γελοίου
1768 3827 1883 3866 om.
1916 3814 1989 3869 V.

462 3902 501 3974 ἢ
526 3900 711 3962 τούτου
738 3902 832 3968 R.‚
856 3910 936 3970 et,
964 3895 1191 3954 omissis
1223 3896 1277 3952 ἐν
1307 3892 1542 3974 ἐκατέρῳ
1579 3893 1784 3973 γελοίου
1803 3940 1820 3969 ,
1863 3916 1994 3974 per-

465 3992 568 4069 git,
598 3995 626 4049 6
653 3986 750 4065 μὲν
777 3984 880 4067 γὰρ
905 3984 1187 4067 Χαιρεφῶν
1231 3979 1439 4061 βαθείας
1466 3977 1577 4060 ἔχει
1624 3979 1721 4048 τὰς
1750 3985 1935 4063 ὀφρῦς,
1962 3988 1991 4051 ὁ

465 4078 523 4136 δὲ
552 4073 845 4157 Σωκράτης
872 4070 1136 4153 φαλακρὸς
1162 4062 1244 4142 ἦν.
1274 4074 1303 4129 ὁ
1327 4071 1606 4150 Χαιρεφῶν
1632 4083 1689 4128 et
1712 4072 1741 4128 ὁ
1764 4070 1988 4150 Σωκρά-

463 4190 558 4239 της
580 4187 694 4225 0111.
720 4169 788 4224 V.

554 4275 574 4310 1
590 4256 683 4325 50,
720 4254 788 4310 13
831 4250 1042 4322 δυῖκῶς,
1089 4254 1153 4315 14
1179 4248 1376 4326 ἱστορεῖ
1404 4242 1496 4302 καὶ
1519 4241 1683 4312 πόδας
1704 4241 1815 4324 ἔχει
1835 4249 1905 4303 V.
1929 4275 1993 4291 --

473 4363 495 4399 1
511 4345 541 4400 5
566 4338 788 4420 ψυγείσῃ
815 4334 871 4396 δὲ
895 4335 1013 4394 ἀντὶ
1032 4338 1126 4393 τοῦ
1150 4353 1265 4391 0111.
1288 4337 1357 4391 R.

553 4429 679 4486 151.
714 4424 895 4485 Ἐστι.
928 4428 996 4482 In
1028 4421 1156 4481 Ald.
1176 4418 1473 4499 praecedit,
1505 4409 1634 4485 εἶδος
1662 4418 1994 4496 ὑποδήματος

464 4519 519 4576 αἱ
552 4512 842 4596 Περσικαὶ,
878 4515 948 4577 ὣς
989 4509 1079 4568 καὶ
1113 4506 1405 4589 Ἡρόδοτος.
1436 4506 1550 4566 ἐπεὶ
1578 4504 1636 4566 δὲ
1663 4505 1750 4564 καὶ
1781 4505 1994 4586 δένδρου

464 4603 631 4681 ὄνομά
664 4605 777 4662 ἐστι
805 4597 1094 4682 Περσικαὶ,
1121 4595 1202 4656 διὸ
1233 4595 1323 4655 καὶ
1353 4594 1668 4677 περιέφυσαν
1708 4585 1882 4668 εἶπεν,
1922 4597 1992 4661 ὣς

463 4691 553 4753 ἐπὶ
595 4690 830 4771 δένδρου,
867 4688 1122 4747 schoiion
1162 4686 1364 4747 novitii
1402 4684 1772 4763 grammatici.
1804 4688 1996 4742 Hero·

461 4779 637 4842 dotus
663 4778 955 4838 memoriae
985 4793 1184 4834 errore
1211 4773 1559 4844 nominatur,
1590 4771 1828 4829 fortasse
1858 4790 1993 4848 pro·

2067 390 2281 473 φορέσαι
2323 389 2498 473 ψύλλα
2518 436 2535 463 ,
2577 389 2694 449 οὔτε
2740 387 3102 449 ὖπολύσασθαι
3121 433 3138 463 ,
3166 387 3284 449 οὔτε
3330 392 3594 473 μετρῆσαι

2065 483 2141 560 τῷ
2185 475 2604 561 προσπλασθέντι
2646 479 2794 556 κηριῖ)
2819 484 2929 542 τοῖς
2954 476 3077 536 ποσὶ
3102 477 3165 535 τὸ
3188 476 3461 555 διάστημα
3503 483 3594 537 τοῦ

2065 566 2414 644 ὑποδήματος,
2432 566 2548 624 ἀλλ’
2563 563 2808 626 ἀδύνατον
2821 562 3056 646 ἀδυνάτῳ
3067 562 3346 643 ἐπήγαγεν.
3362 565 3596 649 οὔτεγὰρ

2065 651 2134 710 τὰ
2191 652 2503 729 ὑποδήματα
2533 654 2593 710 ἐκ
2618 655 2781 731 κηροῦ
2803 655 2958 733 φῦναι
2984 650 3135 732 φύσιν
3167 648 3280 730 ἔχει
3296 693 3315 721 ,
3344 652 3468 711 οὔτε
3490 658 3596 712 τῶν

2066 744 2159 810 τῆς
2185 740 2384 820 ψύλλης
2404 741 2576 798 ποδῶν
2601 745 2767 798 ταῦτα
2795 737 3010 797 δυνατὸν
3041 728 3107 809 ἦν
3138 736 3326 806 ἐξελεῖν
3359 737 3452 798 καὶ
3481 741 3598 798 δια-

2070 830 2326 907 μετρῆσαι
2364 830 2441 912 τῷ
2475 835 2584 893 τοῖς
2620 826 2777 886 ποσὶν
2806 828 2966 896 αὐτῆς
3000 825 3423 906 προσπλασθέντι
3448 832 3598 908 κηρῷ

2067 922 2130 983 τὸ
2163 924 2209 981 δ.
2238 928 2331 982 τοῦ
2352 922 2701 1001 ὑποδήματος.
2725 959 2788 971 -
2818 942 2889 980 21
2921 919 3083 994 αὐτὴν
3106 926 3244 980 V...-
3272 941 3348 979 22
3372 922 3598 991 ἐξέλκειν

2071 1016 2139 1069 R.
2165 1016 2315 1070 τοῦτο
2341 1017 2407 1070 R.
2431 1015 2502 1069 V.

2157 1100 2286 1171 157,
2358 1118 2430 1171 27
2485 1096 2833 1175 διαλογίζεται
2882 1096 3012 1155 Ald.
3057 1135 3120 1148 -
3167 1098 3240 1155 28
3287 1095 3470 1156 verba
3513 1095 3602 1164 οὓς

2072 1192 2224 1268 ἡμεῖς
2246 1183 2503 1251 κώνωπας
2527 1183 2748 1262 λε’γομεν
2771 1183 2946 1242 habet
2973 1190 3156 1259 R.‚V.
3185 1198 3378 1244 nutem
3405 1187 3468 1243 in
3488 1184 3602 1244 fine

2074 1275 2274 1334 scholii
2301 1295 2352 1331 ν.
2388 1275 2518 1344 158,
2541 1273 2753 1349 ἕμπίδες
2768 1270 2824 1330 δὲ
2852 1274 3131 1332 καλοῦνται
3158 1272 3216 1340 ἃς
3238 1278 3393 1351 ἡμεῖς
3415 1271 3603 1331 κώνω-

2072 1383 2174 1427 πας
2195 1360 2434 1439 λέγομεν.
2464 1363 2660 1418 Codex
2688 1361 2922 1417 Taurin.
2945 1359 3167 1435 ἐμπίδας
3192 1360 3326 1426 τινὲς
3346 1359 3467 1428 τοὺς
3490 1359 3604 1417 κώ-

2074 1447 2251 1514 νωπᾶς
2282 1471 2438 1528 φασιν
2459 1470 2472 1484 ·
2515 1448 2613 1525 οὐχ
2638 1445 2798 1511 οὕτως
2830 1445 2887 1504 δὲ
2930 1443 3071 1524 ἔχει,
3100 1447 3217 1505 ἀλλ’
3256 1447 3474 1526 ἔμπίδες
3499 1448 3604 1505 εἰσὶ

2073 1533 2142 1593 τὰ
2178 1538 2360 1600 κοινῶς
2392 1533 2648 1611 λεγόμενα
2688 1531 2931 1615 κανᾶρια.
2970 1533 3171 1610 γίνεται
3211 1533 3268 1591 δὲ
3299 1533 3460 1612 ἐμπὶς
3498 1532 3606 1592 ἀπὸ

2075 1626 2165 1680 τοῦ
2191 1623 2375 1699 ἐμπεῖν
2396 1624 2633 1700 (ἐμπνεῖν
2662 1633 2817 1678 recte
2843 1620 3030 1678 codex
3050 1622 3262 1699 Regius
3289 1622 3464 1700 1821)
3485 1621 3607 1692 ἤτοι

2077 1708 2237 1792 ᾅδειν.

2163 1799 2306 1870 158,
2344 1798 2417 1855 32
2448 1796 2538 1854 καὶ
2578 1800 2704 1876 βοᾶν
2731 1795 2861 1853 ΑΙά.
2899 1799 2991 1854 τοῦ
3028 1793 3371 1876 οὗρροπυγίευ
3401 1795 3608 1878 (οὖροπ.

2077 1885 2168 1963 G.)
2191 1890 2285 1954 V.‚
2315 1885 2352 1942 i.
2378 1904 2427 1941 e.
2455 1881 2846 1966 τούρροπυγίου.
2877 1883 3074 1941 Codex
3100 1886 3338 1941 Taurin.
3374 1900 3433 1942 et
3461 1889 3607 1964 Reg.

2087 1976 2257 2043 1821,
2297 1971 2602 2053 ὀρροπύγιον
2636 1971 2826 2052 κυρίως
2867 1970 2929 2029 τὸ
2968 1969 3295 2053 ὀρθοπῦγιον,
3322 1972 3386 2031 τὸ
3422 1977 3612 2039 κοινῶς

2076 2059 2352 2138 λεγόμενον
2397 2057 2730 2139 κολουράδης.
2781 2059 3003 2117 ἐνταῦθα
3057 2056 3112 2116 δὲ
3170 2063 3614 2141 καταχρηστικῶς

2079 2147 2193 2207 ἀντὶ
2223 2152 2315 2205 τοῦ
2337 2153 2579 2228 πρωκτοῦ
2616 2144 2840 2227 εἴρηται.
2871 2180 2934 2192 -
2968 2148 3041 2203 33
3085 2145 3181 2223 μὲν
3205 2166 3319 2203 0111.
3351 2148 3416 2204 V.
3450 2150 3610 2205 -35

2078 2235 2204 2293 ἰδεῖν
2241 2233 2275 2294 ἃ
2303 2234 2431 2293 Ald.
2467 2270 2529 2282 -
2564 2233 2639 2289 38
2674 2231 2913 2313 προϊέναι
2944 2236 3034 2306 V.‚
3062 2234 3218 2318 quod
3257 2253 3386 2302 0111,
3408 2240 3480 2294 G.
3519 2233 3611 2293 ἐὰν

2078 2313 2166 2380 οὖν
2188 2326 2258 2380 V.
2295 2323 2340 2379 εἰ
2378 2319 2479 2399 γὰρ
2518 2324 2675 2379 τοῦτο
2709 2318 2897 2378 Mem
2936 2317 3026 2377 καὶ
3086 2316 3206 2378 οὔτε
3238 2317 3512 2402 φθέγξεται
3549 2320 3615 2380 τὸ

2080 2407 2355 2488 ἕγκὲλαδον
2385 2404 2504 2465 οὔτε
2527 2407 2658 2466 Ald.
2689 2444 2752 2457 -
2799 2410 2874 2482 39
2901 2405 2992 2468 καὶ
3024 2405 3182 2473 καλὸς
3205 2427 3319 2465 0111.
3347 2412 3418 2465 V.
3441 2445 3508 2458 -
3535 2419 3606 2477 41

2080 2517 2197 2575 seq.
2243 2495 2322 2554 διὸ
2349 2494 2439 2553 καὶ
2467 2493 2535 2554 τὰ
2561 2499 2780 2557 τοιαῦτα
2814 2497 2926 2562 ζῶα
2955 2493 3128 2554 πάντα
3156 2497 3395 2556 καλεῖται
3429 2494 3499 2554 τὰ
3523 2495 3614 2554 ἔν-

2078 2606 2216 2661 τομα
2247 2580 2383 2641 κατὰ
2408 2587 2478 2641 V.
2505 2618 2568 2632 --
2597 2592 2670 2652 42
2702 2580 2980 2662 poticam.
3009 2581 3140 2640 vid.
3171 2581 3503 2641 Schneider.
3535 2584 3612 2641 td

2083 2673 2314 2729 Aristot.
2348 2671 2413 2729 ΙΙ.
2445 2672 2510 2728 Α.
2554 2670 2667 2727 voi.
2702 2673 2764 2741 3,
2796 2690 2852 2748 p.
2883 2670 3016 2741 373.
3043 2666 3259 2745 ἰντάμια
3291 2670 3422 2727 Ald.
3444 2706 3506 2720 -
3537 2673 3614 2738 43

2081 2757 2392 2837 ἕντίτμηται
2420 2762 2719 2816 Kusterns.
2764 2755 3111 2834 ἐκτέτμηνται
3145 2755 3273 2814 ΑΙά.
3311 2746 3400 2815 οὖν
3435 2755 3618 2820 διατέ-

2079 2871 2267 2929 τρηται
2294 2851 2364 2906 V.
2389 2885 2452 2899 -
2474 2854 2542 2915 44
2567 2844 2654 2904 καὶ
2678 2843 2910 2904 κελάδων
2930 2849 3001 2904 V.

2168 2937 2276 2994 163
2321 2933 2411 2993 καὶ
2452 2937 2720 3015 προστενῶ
2755 2937 2860 2992 τῶν
2906 2929 3126 3014 ἐντέρων
3160 2935 3232 2990 V.
3271 2931 3614 3012 προκείμενον

2082 3036 2341 3100 uterque.

2171 3112 2279 3169 165
2309 3107 2524 3180 τοιαύτη
2546 3107 2648 3189 γὰρ
2680 3113 2714 3180 ἡ
2744 3105 3003 3184 σάλπιγξ,
3042 3104 3178 3166 κατὰ
3213 3102 3276 3165 τὸ
3312 3105 3423 3165 ἄνω
3457 3105 3616 3181 στενὴ

2082 3198 2173 3259 καὶ
2206 3196 2336 3278 πρὸς
2368 3194 2430 3255 τὸ
2466 3195 2623 3277 ἄκρον
2653 3195 2805 3268 κοίλη
2835 3202 2907 3255 R.
2956 3193 3079 3273 μὲν,
3121 3191 3178 3253 δὲ
3208 3207 3266 3253 ct
3293 3194 3374 3253 διὸ
3398 3194 3492 3253 καὶ
3523 3193 3618 3263 ὀξὺ

2084 3286 2197 3345 aaa
2226 3305 2340 3343 om.
2368 3289 2437 3341 V.

2098 3344 2110 3371 ι
2168 3374 2298 3445 166,
2325 3372 2396 3440 54
2423 3374 2514 3428 τοῦ
2540 3369 2822 3450 εὖρέματος
2848 3388 2966 3427 om.
2987 3375 3057 3428 R.
3085 3367 3203 3469 περὶ
3224 3374 3292 3427 G.

2171 3454 2281 3528 169
2303 3495 2319 3521 ,
2353 3473 2391 3527 9
2423 3449 2604 3507 codex
2632 3454 2770 3524 Reg.
2801 3467 2953 3520 2712
2992 3451 3072 3506 ix.
3107 3449 3344 3524 λεγεται,
3375 3449 3496 3507 dex.
3523 3449 3619 3506 καὶ

2080 3536 2366 3616 γαλεώτης.
2391 3537 2601 3615 μυγαλῆ
2628 3537 2734 3595 ἀπὸ
2757 3540 2848 3594 τοῦ
2871 3534 3101 3594 ἁλίσκειν
3123 3531 3241 3603 τοὺς
3264 3533 3428 3613 μύας,
3454 3538 3624 3593 ἀσκα-

2080 3624 2323 3698 λαὸώτης
2349 3623 2454 3684 ἀπὸ
2483 3629 2575 3683 τοῦ
2604 3621 2728 3702 δίχα
2748 3621 2947 3688 σκάλας
2969 3622 3182 3701 βαίνειν.
3216 3622 3412 3682 Codex
3441 3627 3622 3683 Taur.

2080 3726 2139 3773 et
2175 3718 2312 3790 Reg.
2352 3712 2494 3770 1531
2539 3708 2922 3780 ἀσκαλαὸώτην
2960 3708 3050 3767 καὶ
3086 3706 3360 3788 γαλεώτην
3393 3712 3622 3767 ἐνταῦθα

2079 3801 2168 3860 τὸν
2192 3799 2347 3859 αὐτόν
2385 3821 2561 3882 φησιν,
2599 3797 2764 3876 ἤγουν
2809 3796 2896 3856 τὸν
2928 3801 3050 3874 μῦν.
3088 3796 3239 3855 ἄλλοι
3277 3793 3334 3854 δὲ
3370 3798 3620 3855 ἀσκαλα-

2080 3886 2256 3960 ὅώτην
2295 3896 2400 3949 πᾶν
2444 3885 2572 3954 ζῶόν
2607 3906 2738 3964 φασι
2763 3884 2825 3943 τὸ
2852 3884 3014 3964 χωρὶς
3044 3883 3301 3962 κλίμακος
3334 3884 3618 3942 ἀναὸαἱνον
3715 3892 3726 3901 “

2080 3974 2167 4034 ἐπὶ
2196 3973 2263 4033 τὰ
2290 3972 2531 4053 μετέωρα
2555 3973 2662 4030 τῶν
2692 3974 2890 4030 οἰκιῶν.
2920 3969 3194 4048 γαλεώτην
3225 3970 3283 4030 δὲ
3311 3973 3359 4029 οἱ
3394 3968 3489 4047 μὲν
3522 3972 3615 4029 τὸν

2081 4069 2182 4142 μῦν
2210 4085 2387 4145 φασιν,
2407 4064 2456 4120 οἳ
2481 4059 2537 4119 δὲ
2559 4058 2653 4132 τὴν
2677 4057 2845 4121 κάταν
2865 4081 2879 4095 ·
2909 4058 3077 4130 ἄλλην
3104 4057 3161 4117 δὲ
3186 4057 3285 4130 τὴν
3303 4060 3618 4140 νυμφίτζαν,

2079 4151 2143 4222 ἣν
2171 4150 2261 4209 καὶ
2294 4150 2533 4227 μυγαλῆν
2560 4170 2704 4228 φασι.

2166 4259 2190 4295 1
2203 4240 2296 4311 73,
2317 4258 2334 4294 1
2355 4257 2377 4294 1
2393 4235 2485 4294 καὶ
2495 4232 2655 4316 ὀροφὴ
2669 4233 2757 4292 καὶ
2773 4234 3009 4304 θηλυκῶς
3028 4231 3119 4291 καὶ
3140 4232 3617 4316 ἀρσενιχῶςόροφος

2081 4332 2149 4386 R.
2178 4324 2269 4384 καὶ
2296 4323 2458 4407 ὀροφὴ
2483 4321 2538 4380 δὲ
2569 4324 2808 4394 θηλυκῶς
2831 4322 2921 4379 καὶ
2941 4323 3226 4405 ἀρσενικῶς
3254 4324 3283 4380 ὁ
3308 4320 3512 4402 ὄροφος.
3541 4328 3616 4380 V.

2079 4453 2141 4474 -‚
2175 4423 2240 4482 14
2271 4412 2359 4477 τὸν
2390 4411 2471 4471 Πί
2505 4433 2627 4470 σικα
2655 4415 2725 4469 V.
2755 4410 3136 4475 scribendum
3163 4406 3239 4468 τὼ
3267 4408 3529 4484 Περσικά.

2166 4502 2305 4575 175,
2336 4521 2410 4560 22
2443 4435 2581 4578 εἶχεν
2609 4501 2682 4561 V.

2166 4591 2296 4663 176,
2327 4592 2398 4647 23
2426 4593 2518 4646 τοῦ
2545 4607 2658 4645 0111.
2688 4591 2780 4655 R.‚
2809 4586 2908 4663 qui
2936 4583 2998 4643 τὸ
3027 4581 3238 4645 amnt
3258 4591 3351 4645 τοῦ
3375 4587 3614 4647 omittit.

2081 4712 2141 4729 -
2174 4686 2246 4745 24
2280 4680 2467 4755 igin-k„
2492 4673 2701 4745 ἐνόησεν
2725 4681 2792 4731 V.

2164 4784 2297 4838 177,
2328 4764 2401 4821 28
2430 4760 2645 4833 λεπτήν.
2676 4758 2895 4841 καὶγὰρ
2926 4757 3022 4832 τὴν
3073 4761 3161 4838 ὀμ.
3187 4764 3256 4819 V.
3288 4760 3433 4839 λέγει
3476 4775 3614 4840 post

462 4880 594 4950 pter
631 4887 681 4940 1,
721 4866 850 4942 195,
893 4863 994 4922 ubi
1031 4861 1477 4938 Babyloniorum
1517 4856 1830 4934 ὑποδήματα
1866 4877 1988 4916 me-
2077 4852 2309 4937 ᾱλφίτων
2343 4849 2500 4908 addit
2541 4853 2615 4908 G.

464 4966 782 5020 morantur.
803 4957 984 5012 Dum.
1007 4986 1069 4998 -—
1101 4970 1166 5021 17
1197 4945 1512 5024 ὑποδήματά
1530 4969 1582 5003 τι
1604 4949 1672 5002 R.

548 5062 569 5102 1
584 5043 655 5101 52
682 5042 763 5101 sic
778 5040 929 5114 Atd„
958 5039 1223 5098 ἀδύνατον.
1239 5035 1356 5094 οὔτε
1378 5030 1480 5114 γὰρ
1502 5030 1754 5109 ὑπόδημα
1774 5028 1989 5090 δύναται

2165 4960 2186 4996 1
2201 4941 2297 5014 78,
2320 4939 2394 4996 33
2418 4935 2597 5017 ὥσπερ
2616 4935 2835 5013 ὀγκίνων
2860 4933 2986 4993 εἴδει
3010 4932 3138 4995 Ald.
3164 4934 3199 4992 i.
3222 4953 3273 4993 e.
3298 4936 3612 5014 ὀγκινοειδῆ.

2081 5033 2256 5087 Dum.
2280 5068 2343 5079 -
2367 5026 2440 5086 36
2468 5023 2720 5098 ὤπτησαν
2749 5036 2807 5082 et
2834 5024 3034 5105 ἐπῆραν
3066 5019 3308 5102 (ἔπειραν
3336 5023 3436 5105 G.)
3457 5029 3509 5083 V
3557 5072 3616 5085 ...-
