3859 5725
447 300 563 356 414
1575 279 2028 342 ΑΒΝΟΤΑΤῙΟ
2068 277 2152 338 ΙΝ
2194 277 2457 339 SCHOL.

445 444 501 502 p.
521 422 659 481 608.
692 416 982 500 Σωκράτης
1012 415 1260 474 Meinek.
1288 412 1361 472 ad
1381 411 1740 490 Euphorion.
1759 430 1817 489 p.
1859 412 1969 482 175

441 509 700 570 defendit
710 527 783 567 ex
796 510 982 583 Etym.
1001 509 1078 562 Μ.
1097 523 1155 582 p.
1176 504 1313 579 389,
1335 502 1427 575 ι8,
1443 499 1547 559 ubi
1562 497 1971 583 δγραμματικὸς

443 597 733 678 Σωκράτης
770 603 1127 653 memoratur
1161 591 1305 668 :qui
1349 591 1513 649 locus
1559 589 1686 667 ipse
1733 607 1968 665 quoque

441 687 568 745 vitii
595 695 896 763 suspectus
923 692 1029 739 est.
1057 683 1234 737 Dum.

523 793 660 867 964.
680 786 982 848 Praemittit
1004 782 1140 843 Ald.
1175 782 1291 841 hoc
1317 781 1606 853 scholion,
1628 778 1803 862 ψωλὸν
1830 776 1974 857 γενέ·

441 883 598 938 σθαιε
630 874 835 943 Ψωλὸς
857 878 886 933 ὁ
915 871 1285 953 λειπόδερμος,
1315 867 1584 938 ὀξυτόνως.
1611 867 1701 928 καὶ
1729 866 1975 949 ἀκρόψω-

440 969 548 1039 λος,
568 970 599 1026 ὁ
622 964 709 1026 ἰπὶ
742 960 917 1045 βραχὺ
939 966 1187 1026 τοιοῦτος.
1213 957 1249 1031 ἢ
1277 963 1306 1019 ὁ
1328 956 1589 1039 ἀσχήμων
1614 954 1752 1016 κατὰ
1772 954 1973 1038 παρέκ-

441 1075 595 1112 τασιν
633 1057 728 1111 τοῦ
781 1048 983 1131 μορίου.
1031 1051 1253 1107 ἐνταῦθα
1293 1045 1338 1105 δ’
1373 1044 1516 1111 ἰδίως
1562 1043 1651 1103 ἐπὶ
1681 1046 1788 1103 τῶν
1813 1043 1973 1124 μέχρι

440 1142 641 1201 πολλοῦ
667 1135 1057 1215 διεσκυλμένων
1086 1132 1497 1216 (διελκυσμένων
1522 1133 1785 1206 Photius,
1808 1132 1974 1190 διειλ-

440 1226 716 1307 κυσμένων
745 1225 1019 1286 Proverb.
1040 1224 1313 1303 Append.
1340 1227 1470 1282 Vat.
1498 1230 1553 1293 1.,
1576 1231 1670 1297 49.
1690 1226 1973 1280 Kusterus

443 1312 903 1394 διισκολυμμένων
919 1359 936 1388 ,
960 1313 1224 1390 Toupius
1248 1309 1490 1370 Emend.
1526 1309 1640 1367 vol.
1688 1311 1743 1381 3,
1768 1329 1824 1387 p.
1857 1310 1973 1383 549

442 1402 531 1463 ἰπὶ
554 1405 660 1462 τῶν
708 1400 870 1483 μέχρι
891 1402 1047 1460 πιλοῦ
1085 1395 1534 1474 διεσκολλυμένων
1576 1396 1668 1454 vel
1705 1396 1976 1455 διεσκολυ-

445 1486 662 1567 μένων).
684 1487 832 1571 παρὰ
858 1487 915 1549 δὲ
949 1485 1153 1569 Διφίλῳ
1176 1488 1230 1544 έν
1267 1492 1375 1551 τοῖς
1403 1482 1765 1563 Ἐναγίσμασι
1791 1505 1974 1563 παρα-

440 1577 727 1648 πεποίηται
758 1574 886 1657 ἄχρι
910 1579 1003 1633 τοῦ
1024 1572 1296 1655 λάρυγγος.
1335 1572 1607 1631 Scholion
1632 1570 1744 1628 hoc
1761 1590 1880 1629 non
1900 1592 1973 1629 ex

443 1664 743 1724 veteribus
768 1664 827 1722 iu
861 1664 1313 1741 Aristophanem
1352 1660 1778 1719 commentariis
1816 1659 1974 1737 peti-

444 1767 567 1813 tum
598 1799 616 1828 ‚
653 1753 756 1812 sed
801 1772 871 1813 ex
916 1751 1143 1811 duabus
1184 1751 1375 1810 Suidae
1415 1750 1618 1827 glossis
1666 1747 1872 1808 Ψωλόν
1916 1761 1976 1806 et

344 1841 347 1846 ⁶
444 1839 966 1918 Ἀπεσκολλυμμένος
1001 1840 1410 1917 compositum,
1430 1836 1629 1896 verbis
1660 1839 1885 1895 ἐνταῦθα
1928 1836 1975 1895 δ’

445 1930 587 1995 ἰδίως
614 1928 944 1989 substitutis
986 1948 1097 2007 pro
1129 1947 1200 1985 eo
1223 1925 1381 2004 quod
1415 1924 1568 2003 apud
1604 1924 1843 1984 Suidam
1888 1927 1976 1983 le-

446 2019 602 2096 gitur
628 2015 816 2096 ἐλέχθη
853 2014 930 2075 δέ.
961 2015 1171 2075 Suidas
1198 2027 1387 2072 autem
1415 2032 1520 2071 sua
1552 2032 1672 2071 non
1703 2032 1777 2072 ex
1804 2014 1978 2070 scho-

443 2105 610 2165 liasta
630 2104 1056 2183 Aristophanis,
1076 2103 1176 2162 sed
1189 2123 1265 2162 ex
1281 2101 1491 2161 Photio
1515 2101 1780 2177 sumpsit,
1801 2119 1975 2178 quem

442 2193 577 2252 vide
609 2214 669 2271 p.
701 2194 840 2266 657,
872 2212 975 2264 7-1
992 2212 1041 2251 1.
1063 2190 1386 2249 Duum—26
1412 2186 1728 2269 ἕσκολύφθαι
1752 2194 1973 2247 Portus.

443 2282 735 2363 σκολύφθαι
762 2283 890 2341 Ald.
915 2278 1347 2361 ἀποκεκαλύφθαι
1373 2278 1580 2337 Suidas
1607 2299 1649 2337 s·
1672 2277 1892 2349 Ψωλός,
1916 2278 1978 2336 id

445 2385 532 2431 est
557 2368 973 2451 ἀπεσκολύφθαι.
995 2408 1060 2420 -
1084 2389 1157 2441 α7
1185 2362 1591 2443 πεποικιλμένον
1612 2368 1872 2444 ineptum
1891 2381 1978 2425 est

445 2473 506 2519 ot
532 2479 641 2518 suo
675 2459 809 2518 loco
836 2471 1058 2517 motum
1101 2457 1352 2514 videtur.
1384 2461 1488 2515 Est
1512 2456 1664 2514 enim
1694 2455 1977 2532 glossema

447 2547 718 2625 adjectivi
740 2545 1086 2605 κατάπαστον
1111 2563 1167 2603 v.
1190 2545 1329 2619 968.
1358 2548 1538 2603 Dum.

529 2648 668 2723 967,
696 2647 765 2704 31
802 2641 1169 2723 ἕπεισήνεγκεν
1197 2643 1271 2703 Θ.

525 2746 663 2818 969,
687 2751 758 2810 4²
782 2740 1067 2818 Σμικύθης.
1095 2744 1242 2812 Quae
1267 2738 1340 2796 de
1362 2737 1660 2814 Smicythe
1683 2737 1976 2797 Thracum

444 2850 579 2910 rege
606 2831 746 2889 dicit
769 2830 1128 2903 scholiastes,
1159 2828 1299 2887 mihi
1330 2838 1464 2885 sunt
1485 2826 1655 2885 valde
1690 2840 1975 2905 suspecta.

445 2923 537 2977 An
571 2920 756 2979 voluit
776 2917 1179 2994 Miltocythen‚
1204 2916 1276 2974 de
1296 2935 1414 2993 quo
1436 2916 1770 2994 Xenophon
1795 2915 1974 2975 Anah.

446 3025 480 3064 a
494 3050 511 3079 ‚
534 3027 591 3082 a,
613 3006 1133 3080 7PDosa2u5.—l03
1154 3008 1332 3084 Κυροῦ
1352 3004 1483 3084 [sic]
1507 3002 1596 3063 τὸν
1619 3002 1976 3086 Ἀρταξέρξην,

447 3095 522 3164 45
571 3092 687 3160 τοὺς
729 3092 927 3161 Λυδίας
967 3095 1040 3155 Θ.
1090 3090 1380 3171 βασιλεύειν
1411 3099 1481 3152 G.
1516 3112 1552 3151 a
1585 3112 1674 3170 pr.
1716 3112 1788 3150 m.
1816 3129 1874 3141 —
1902 3094 1975 3160 46

443 3183 733 3243 Bekkerus
769 3180 1203 3260 Λακεδαιμονίοις
1228 3179 1579 3262 προσθέμενος
1619 3180 1690 3247 εἷς
1726 3177 1848 3238 πόλ.
1886 3178 1976 3238 τὸν

442 3269 571 3352 πρὸς
599 3271 704 3330 Ἀθ.
732 3272 813 3351 ἐχ.
852 3293 940 3351 χρ.
970 3270 1284 3346 Sequentia
1304 3289 1418 3327 om.
1447 3270 1595 3329 9.-
1621 3267 1694 3326 50
1712 3270 1742 3326 δ
1760 3286 1876 3326 om.
1901 3272 1974 3325 V.

334 3368 349 3381 ⁸
523 3371 662 3445 973,
694 3370 730 3427 6
763 3368 1127 3428 scribebatur
1161 3366 1338 3425 ἁπλοῖ.

523 3467 675 3544 975,
722 3487 790 3524 ιο
824 3468 1039 3546 πονηρῷ
1067 3462 1122 3523 ὃν
1169 3470 1236 3523 V.
1271 3460 1496 3544 πονηρὸν
1541 3460 1673 3535 ὄντα
1714 3466 1784 3523 G.
1807 3500 1871 3515 ·—
1905 3486 1967 3524 ιι

442 3554 651 3615 ἅπαντα
683 3555 754 3614 Θ.

524 3670 660 3727 979,
696 3669 765 3706 ια
792 3645 1088 3727 Σύμμαχος
1115 3668 1229 3706 om.
1259 3647 1329 3707 Θ.
1362 3658 1419 3704 et
1462 3647 1529 3704 13
1563 3643 1644 3716 δή.
1677 3647 1836 3705 Idem
1862 3670 1977 3706 πα-

447 3744 701 3818 ραιτεῖται
742 3737 814 3796 Θ.
859 3737 1131 3815 ἀπορεῖται
1178 3734 1482 3793 DobraeuS.
1537 3738 1717 3793 Recte
1763 3734 1977 3794 habere

444 3824 676 3883 videtur
727 3830 988 3904 παρεῖται.
1038 3827 1166 3883 Hoc
1207 3824 1362 3881 enim
1408 3822 1578 3895 dicit,
1634 3822 1977 3900 interpretes

443 3913 636 3970 locum
682 3912 835 3969 hunc
863 3930 979 3967 non
1008 3910 1283 3987 attigisse.
1322 3915 1506 3967 Dum.
1531 3949 1595 3961 -
1634 3912 1703 3969 15
1747 3910 1973 3992 διαὸάλῃ

441 4001 512 4061 Θ.
539 4037 602 4049 -
628 3999 698 4056 18
723 3998 910 4057 ἐκεῖνοι
928 3999 976 4055 οἱ
998 4003 1064 4055 V.
1082 4034 1146 4047 -
1174 4018 1245 4074 19
1262 3995 1740 4074 ἅμα-Ἀθηναίων
1768 4019 1883 4059 om.
1903 4002 1973 4061 Θ.

521 4097 659 4172 984,
690 4096 880 4152 21-23
906 4094 1024 4151 haec
1050 4097 1119 4151 V.
1148 4092 1276 4175 παρ’
1298 4091 1540 4153 ὑπόνοιαν
1568 4093 1840 4175 ἐπήνεγκε.
1876 4098 1977 4157 Το-

443 4179 783 4338 Ξῗέἒυεδῖὕῖῗ.
811 4178 1972 4351 'ifaffisssslzs‘ssssssffssflssss⁶²13&ss

442 4396 503 4408 -
524 4380 596 4418 αα
627 4360 754 4418 Ald.
789 4361 1010 4439 μικρῶν.
1041 4357 1076 4428 ἢ
1105 4358 1189 4417 ἐπὶ
1237 4362 1340 4418 τῶν
1381 4358 1773 4439 αὐξανομένων,
1813 4363 1972 4444 φησὶν

443 4450 473 4506 ὁ
513 4444 840 4527 Χρύσιππος.
883 4441 1022 4504 ἀλλὰ
1064 4445 1153 4504 καὶ
1191 4445 1277 4504 ἐπὶ
1324 4450 1428 4505 τῶν
1472 4447 1656 4529 μικρὸν
1710 4449 1971 4528 μενόντων

440 4531 646 4614 εἴρηται
685 4537 720 4606 ὴ
747 4531 1024 4613 παροιμία.
1064 4536 1093 4591 ὁ
1145 4533 1245 4614 γὰρ
1288 4534 1458 4604 δοῖδυξ
1506 4535 1687 4619 μικρός
1732 4539 1843 4597 ἐστι
1880 4540 1972 4599 καὶ

441 4616 772 4701 στρογγύλος.
798 4625 935 4692 Quae
957 4641 1032 4679 ex
1053 4623 1297 4683 Zenobii
1332 4625 1611 4684 Proverb.
1636 4629 1690 4700 3,
1710 4636 1784 4695 40
1815 4626 1971 4684 illata

441 4726 566 4771 esse
597 4707 1002 4767 animadvertit
1028 4710 1363 4770 Dindorfius
1383 4757 1400 4786 ,
1433 4712 1534 4772 ubi
1565 4726 1720 4772 recte
1749 4714 1860 4791 legi
1893 4713 1968 4791 μὴ

439 4792 825 4872 αὐξανομένων.
848 4834 914 4846 -
932 4799 1006 4855 23
1029 4797 1157 4856 Ald.
1190 4797 1401 4879 χύτρας.
1433 4806 1709 4881 πανταχοῦ
1735 4799 1791 4859 δὲ
1814 4801 1972 4859 imsi-

438 4904 615 4962 νεται,
643 4886 691 4943 εἰ
725 4883 816 4945 καὶ
843 4884 969 4965 παρ’
998 4884 1257 4945 Εὐπόλιδι
1284 4913 1310 4940 «ι
1327 4887 1547 4969 τορύνην
1571 4887 1701 4955 τέως
1732 4887 1796 4961 δὴ
1829 4887 1970 4971 ξίφος

406 4964 870 5052 ὑπεζωσμένος.»
906 4973 997 5033 καὶ
1020 4964 1165 5042 αὖθις
1198 5000 1223 5030 ε
1245 4975 1335 5034 καὶ
1371 4977 1467 5034 τὰν
1503 4973 1767 5036 ἐπιοδόνον
1808 4982 1969 5048 (cor-

438 5073 675 5142 ruptum
713 5080 785 5120 ex
822 5060 1106 5141 ἕτνοδόνον)
1143 5062 1376 5142 τορύναν.
1404 5065 1566 5124 Illata
1607 5085 1679 5125 ex
1717 5065 1896 5126 Suida
1918 5088 1962 5126 s.

2060 407 2305 490 Τορύνη,
2338 410 2440 487 qui
2467 410 2562 467 illa
2602 409 2838 487 quidem
2860 453 2877 482 ‚
2910 414 3184 490 πανταχοῦ
3225 410 3283 470 δὲ
3307 410 3598 475 δασύνεται

2058 498 2104 555 εί
2131 497 2207 576 μὴ
2235 497 2341 577 (sic
2386 499 2540 556 enim
2587 497 2981 570 scribendum)
3020 501 3148 582 παρ’
3180 500 3486 578 Εὐπόλιδι,
3523 524 3598 564 ex

2058 587 2282 645 scholio
2306 587 2381 646 ad
2410 587 2621 645 Avium
2641 605 2702 644 v.
2731 589 2805 659 78
2833 589 3108 666 sumpsit,
3142 589 3215 648 de
3250 610 3359 649 suo
3398 604 3598 650 aum

2058 675 2330 734 Leonidae
2373 674 2586 751 adjecit
2625 677 2955 753 exemplum
2993 697 3066 736 ex
3105 679 3343 737 Anthol.
3371 680 3496 738 Pal.
3530 680 3599 750 6,

2063 763 2205 836 305,
2231 762 2324 822 καὶ
2348 752 2492 829 αὖθις
2520 788 2545 816 α
2569 762 2664 821 καὶ
2686 762 2781 822 τὰν
2817 762 3084 823 ἐτνοδόνον
3121 765 3362 846 τορύναν.
3379 792 3405 818 υ
3439 768 3602 826 Reli-

2060 871 2176 927 qua
2211 871 2366 908 nunc
2407 862 2542 908 sunt
2564 850 2741 909 verba
2775 849 2996 932 τορύνην
3038 850 3167 920 τέως
3195 851 3259 926 δὴ
3293 852 3436 934 ξίφος
3466 855 3604 914 ὑπ·

2061 936 2349 1016 ζωσμένος,
2372 938 2428 996 in
2457 937 2669 1015 quibus
2693 938 2765 996 ad
2795 938 3008 997 senarii
3037 939 3282 998 sormam
3310 960 3604 1001 revocan-

2060 1024 2152 1083 dis
2175 1019 2389 1084 fru'stra
2409 1026 2734 1083 laboratum
2757 1040 2858 1084 est.
2885 1028 3086 1103 Neque
3109 1029 3264 1086 enim
3288 1030 3606 1108 Eupolidis

2062 1112 2183 1170 haec
2209 1112 2392 1171 verba
2413 1126 2547 1171 sunt
2561 1156 2577 1185 ,
2611 1112 2711 1172 sed
2730 1113 3033 1191 scriptoris
3056 1114 3304 1193 alicujus
3326 1118 3606 1196 prosaici,

2061 1220 2192 1278 quae
2223 1214 2358 1261 ante
2402 1205 2677 1279 πανταχοῦ
2728 1199 2785 1261 δέ
2822 1203 3227 1263 translocanda
3269 1218 3436 1275 sunt,
3474 1205 3606 1273 τέως

2061 1289 2123 1347 in
2149 1312 2209 1349 τε
2229 1293 2300 1355 ὥς
2324 1301 2563 1348 mutato.
2582 1294 2764 1348 Dum.
2781 1326 2844 1339 -
2863 1299 2936 1358 αι’.
2962 1290 3123 1350 addit
3145 1291 3279 1352 Ald.
3303 1293 3395 1351 καὶ
3418 1293 3608 1365 θηνείι

2064 1375 2193 1452 (ser.
2214 1376 2367 1448 ὑηνία
2392 1376 2492 1435 hic
2513 1389 2571 1434 et
2593 1376 2788 1454 paullo
2815 1378 2971 1454 post)
2994 1384 3028 1449 ἡ
3048 1378 3251 1462 μωρία,
3269 1383 3342 1445 ὡς
3361 1381 3607 1460 ἀλλαχοῦ

2063 1462 2433 1545 Ἀριστοφάνης
2449 1463 2607 1543 (Pac.
2634 1464 2775 1542 928)
2802 1490 2826 1516 ι
2845 1462 2932 1524 ἵνα
2961 1464 3036 1544 μὴ
3065 1465 3283 1544 γένηται
3304 1465 3609 1546 Θεαγένους

2064 1549 2233 1622 ὑηνία.
2264 1577 2291 1603 ¹·
2321 1553 2372 1611 Τ
2377 1550 2478 1618 ινὶς
2508 1550 2564 1610 δὲ
2599 1552 2809 1624 ὖηνείαν
2847 1551 2943 1625 τὴν
2972 1555 3034 1612 ἐκ
3057 1557 3165 1614 τῶν
3191 1553 3387 1636 χοίρων
3423 1557 3608 1615 δυσυ-

2063 1641 2178 1701 δίαν
2223 1642 2381 1724 φασιν
2414 1688 2432 1717 ,
2489 1640 2639 1725 οἵπερ
2698 1642 2963 1724 διαφόροις
3012 1643 3267 1723 ἐδέσμασι
3334 1644 3608 1726 χρώμενοι

2064 1728 2270 1802 δυσώδη
2297 1734 2627 1792 ἀποπατοῦσι
2649 1731 2740 1790 καὶ
2761 1733 2832 1797 εἰς
2853 1729 3105 1812 βύρὸορον
3128 1731 3445 1793 διαλύονται.
3468 1738 3608 1793 Hac

2064 1838 2299 1898 quoque
2321 1824 2594 1878 Musurus
2618 1819 2825 1896 adjecit
2861 1839 2934 1878 ex
2963 1820 3144 1879 Suida
3168 1841 3212 1879 s.
3244 1818 3476 1893 Ὗηνία,
3502 1823 3608 1900 qui

2063 1926 2133 1966 ex
2162 1907 2387 1966 scholio
2412 1907 2487 1966 ad
2510 1908 2674 1966 Pacis
2694 1926 2750 1963 v.
2777 1907 2894 1983 928
2931 1909 3192 1984 sumpsit.
3225 1908 3484 1983 Κουτάλη
3517 1923 3608 1969 cst

2064 1997 2347 2074 glossema
2382 1994 2888 2072 graecobarbamm
2906 1996 3179 2055 vocabuli
3195 1995 3410 2077 τορύνη.
3428 2004 3606 2058 Dua.

2063 2117 2144 2129 —
2163 2083 2358 2142 Schol.
2385 2083 2501 2160 988
2522 2103 2637 2142 om.
2659 2086 2732 2144 G.
2762 2084 2834 2144 Θ.

2146 2173 2284 2249 989,
2313 2192 2387 2244 ²7
2412 2171 2506 2231 ml
2532 2192 2647 2230 om.
2676 2177 2741 2230 V.
2764 2208 2829 2223 -
2853 2173 2928 2231 30
2954 2175 3134 2249 μαθεῖν
3167 2171 3337 2244 ἄλλην
3365 2170 3508 2231 θέλει
3530 2178 3605 2233 V.

2146 2269 2283 2335 994,
2314 2261 2388 2319 36
2415 2262 2736 2320 ἀντεποιεῖτο
2761 2262 2836 2321 Θ.
2869 2258 3196 2337 Legebatur
3219 2268 3565 2337 μετεποιεῖτο.

2145 2368 2261 2425 997
2287 2368 2402 2407 om.
2423 2349 2498 2408 Θ.
2526 2385 2592 2399 -
2616 2349 2798 2418 38-43
2829 2349 2893 2407 in
2920 2353 2988 2408 V.
3017 2360 3106 2406 est
3135 2348 3325 2419 διπλῆ,
3359 2345 3446 2405 ὅτι
3477 2347 3604 2407 εἰά-

2066 2439 2216 2495 θασιν
2261 2436 2393 2512 (scr.
2427 2433 2667 2512 εἰσίασιν)
2698 2438 2746 2493 οἱ
2773 2433 3084 2514 ὑποκριταὶ,
3127 2432 3219 2493 καὶ
3251 2433 3385 2493 εἰσὶν
3412 2433 3604 2513 {apem

2065 2521 2333 2603 τρίμετροι
2380 2520 2740 2593 ἀκατάληκτοι
2789 2523 2878 2592 ιη’.
2913 2559 2977 2571 -
3014 2524 3087 2591 43
3135 2520 3326 2588 ἄλλως.
3367 2519 3604 2591 Ἔξεισιν

2065 2608 2156 2668 ἐπὶ
2181 2615 2252 2668 V.
2270 2641 2336 2658 —
2362 2617 2434 2680 47
2457 2607 2649 2686 ὁμοίως
2675 2629 2789 2667 om.
2809 2614 2879 2668 V.

2143 2698 2296 2772 998,
2341 2696 2414 2754 50
2443 2694 2694 2753 correxit
2732 2694 3085 2754 Dindorfius.
3122 2694 3420 2755 Edebatur
3445 2697 3607 2778 φησὶν

2063 2785 2135 2850 ὣς
2179 2782 2272 2841 καὶ
2318 2778 2461 2841 ἔνδον
2496 2780 2574 2862 (δὲ
2621 2782 2717 2841 hic
2757 2782 3040 2860 adjiciunt
3082 2790 3152 2842 V.
3191 2784 3285 2858 9.,
3327 2804 3450 2843 non
3499 2785 3600 2867 G.)

2066 2871 2260 2934 ἄλλων.
2293 2903 2351 2919 -
2382 2872 2448 2930 51
2476 2869 2711 2954 ἐκφέρειν
2740 2892 2856 2931 om.
2884 2873 2957 2932 Θ.

2152 2979 2321 3031 root,
2366 2960 2437 3017 53
2486 2958 2736 3039 ἱξήγαγε,
2763 2961 2840 3030 54
2873 2958 3131 3019 συνοικίαι
3176 2957 3271 3019 καὶ
3313 2959 3502 3044 μικραὶ
3531 2961 3607 3023 Θ.

2066 3046 2123 3106 αἱ
2155 3066 2270 3105 om.
2292 3047 2463 3105 etiam
2487 3051 2556 3107 V.

2152 3144 2297 3205 xool.
2324 3179 2341 3209 ,
2387 3143 2420 3204 l.
2474 3133 2564 3194 τὸν
2640 3134 2835 3196 Γλάνιν
2907 3133 2998 3194 τὸν
3049 3133 3217 3195 Βάκιν
3268 3135 3451 3198 εἰπών.
3493 3137 3610 3199 ἔστι

2151 3318 2322 3392 ιο08,
2347 3319 2383 3375 6
2410 3314 2588 3397 ἰχθύος
2614 3318 2685 3378 Θ.
2703 3352 2768 3365 —-
2786 3317 2822 3375 8
2846 3316 3094 3397 glossam
3117 3316 3296 3387 ἔπαιξε
3323 3339 3360 3378 a
3391 3340 3470 3379 m.
3491 3340 3608 3381 nec.

2065 3404 2240 3464 habet
2277 3410 2370 3477 V.,
2395 3426 2508 3463 om.
2540 3410 2612 3464 G.
2630 3442 2693 3453 —
2713 3404 2963 3483 subjicit
2994 3406 3124 3464 Ald.
3151 3406 3263 3465 hoc
3296 3408 3564 3468 scholion
3592 3432 3608 3465 z

2074 3513 2241 3551 ¹011.
2284 3491 2409 3559 πέος
2438 3493 2588 3551 δάκοι
2616 3513 2630 3549 :
2661 3492 2925 3553 Ἐνταῦθα
2957 3495 3014 3552 οὗ
3049 3491 3112 3552 τὸ
3147 3492 3442 3570 σπήλαιον,
3469 3495 3609 3555 ἀλλᾶ

2063 3579 2125 3638 τὸ
2150 3580 2374 3653 αἰδοῖον,
2416 3584 2485 3647 ὡς
2514 3580 2603 3639 καὶ
2632 3581 2871 3660 ἀλλαχοῦ
2906 3581 3073 3661 (Ach.
3121 3581 3295 3661 1060)
3332 3610 3358 3637 ι
3376 3581 3520 3650 ὅπως
3543 3583 3610 3643 ἂν

2065 3670 2276 3748 οἰκουρῇ
2314 3668 2376 3728 τὸ
2400 3668 2524 3735 πέος
2550 3673 2639 3728 τοῦ
2666 3669 2910 3751 νυμφίου.
2943 3696 2968 3721 ²·
2997 3668 3106 3729 Καὶ
3140 3661 3285 3737 αὖθις
3312 3670 3421 3741 (ib.
3471 3674 3605 3748 138)

2065 3781 2089 3807 α
2110 3755 2188 3822 τίς
2214 3756 2277 3815 τὸ
2304 3753 2426 3823 πέος
2458 3756 2859 3836 ἀποτεθρίακεν,
2891 3783 2916 3808 ²·
2943 3756 3033 3814 καὶ
3062 3758 3117 3813 ἐν
3141 3756 3402 3838 Νεφέλαις
3439 3759 3609 3839 (736)

2065 3870 2088 3895 α
2111 3842 2173 3902 τὸ
2198 3842 2323 3911 πέος
2351 3844 2405 3902 ἐν
2440 3848 2508 3924 τῇ
2539 3843 2697 3925 δεξιᾷ.
2740 3873 2762 3894 ·
2783 3845 2986 3903 Intulit
3010 3850 3286 3904 Musurus
3317 3865 3392 3904 ex
3424 3848 3605 3907 suida

2064 3951 2107 3989 S.
2160 3930 2328 4005 Πέος,
2369 3933 2472 4009 qui
2524 3932 2684 4009 quod
2723 3931 2987 4002 σπηλαίου
3033 3934 3385 3992 mentionem
3441 3935 3606 4011 feeit,

2065 4017 2221 4087 σπέος
2248 4020 2308 4078 in
2338 4032 2530 4078 mente
2555 4019 2775 4079 habuit.
2801 4026 2981 4080 Dum.

2149 4110 2319 4181 1013,
2347 4128 2384 4183 9
2407 4106 2664 4187 χρησμός.
2686 4108 2815 4167 Vid.
2849 4108 3074 4167 scholia
3100 4108 3173 4166 ad
3206 4108 3450 4170 Aristid.
3485 4112 3604 4169 vol.

2069 4215 2119 4267 1,
2146 4215 2203 4273 p.
2255 4198 2386 4271 196,
2424 4205 2490 4264 ιι,
2523 4195 2689 4255 Jebb.
2724 4202 2906 4255 Dum.
2942 4233 3006 4247 —
3041 4218 3131 4269 ιι,
3169 4217 3238 4255 12
3275 4217 3392 4256 om.
3424 4204 3504 4257 V.·
3525 4200 3604 4258 Θ.

2062 4283 2254 4342 Habet
2273 4289 2345 4342 V.
2375 4285 2435 4342 in
2468 4285 2584 4342 alio
2620 4286 2874 4355 scholio,
2894 4287 2923 4343 ὁ
2943 4282 2998 4342 δὲ
3032 4284 3195 4350 δοθεὶς
3225 4285 3606 4365 χρησμὸςτοίς

2061 4368 2347 4442 Ἀθηναίοις
2390 4369 2531 4433 ἔστιν
2582 4364 2759 4445 οἶτος,
2820 4370 3339 4449 εὔδαιμον-πάντα.
3387 4379 3604 4433 Totum

2061 4459 2358 4516 oraculum
2381 4465 2450 4516 V.
2478 4461 2691 4538 repetit
2715 4460 2868 4518 infra
2890 4472 3023 4538 post
3047 4460 3312 4521 scholion
3345 4482 3400 4519 v.
3433 4463 3604 4521 1028.

2057 4581 2121 4595 -
2141 4566 2164 4602 1
2178 4547 2210 4604 3
2231 4544 2416 4623 ἤματα
2441 4545 2617 4606 πάντα
2645 4568 2760 4607 om.
2780 4554 2850 4606 V.
2871 4549 2944 4608 Θ.
2968 4570 2983 4604 :
3005 4547 3178 4607 habet
3200 4553 3275 4608 V.
3294 4549 3356 4606 in
3375 4549 3603 4607 scholio

2057 4634 2259 4692 altero.
2285 4670 2345 4681 —
2373 4646 2439 4703 ιι,
2473 4634 2709 4703 ἅπαντας
2732 4637 2803 4697 Θ.
2827 4635 2994 4703 αἰετὸς
3013 4642 3081 4695 V.
3102 4673 3166 4686 -
3191 4656 3212 4692 1
3227 4635 3260 4693 5
3283 4635 3504 4715 ὀρνίθων
3525 4637 3601 4697 Θ.

2057 4725 2312 4798 Pergunt
2370 4727 2434 4782 V.
2478 4724 2549 4783 Θ.
2590 4713 2650 4781 οὗ
2702 4728 2794 4784 νῦν
2847 4723 3134 4804 μέμνηται.
3170 4720 3359 4782 τούτου
3404 4721 3464 4782 δὲ
3504 4730 3604 4784 τοῦ

2056 4814 2300 4887 χρησμοῦ
2333 4806 2428 4866 καὶ
2460 4809 2513 4866 ἑν
2542 4807 2702 4890 Ὀρν.

2144 4905 2288 4964 ¹0¹4
2323 4898 2382 4954 in
2408 4902 2477 4955 V.
2506 4899 2559 4955 ἐν
2588 4896 2787 4956 ἐκθέσει
2811 4896 2984 4977 στίχοι
3003 4897 3072 4969 ς’,
3108 4917 3238 4975 quae
3265 4918 3382 4958 om.
3415 4902 3486 4959 G.

2143 4986 2312 5056 1016,
2341 4985 2415 5042 25
2443 4999 2576 5064 post
2598 4983 2798 5054 ἔνδοξον
2826 4985 2986 5044 addit
3009 4985 3137 5045 AJd.
3171 4983 3294 5068 περὶ
3324 4984 3384 5045 δὲ
3414 4991 3507 5047 τοῦ
3539 4989 3597 5046 ἐν

2054 5071 2274 5181 Δελφοῖς
2296 5071 2535 5154 τρίποδος
2558 5075 2630 5140 εἰς
2653 5072 3029 5157 ἀναπλήρωσιν
3055 5077 3160 5165 τῶν
3188 5075 3245 5132 ἐν
3267 5081 3380 5142 τοῖς
3402 5077 3478 5143 εἰς
3501 5073 3600 5135 τὸν

3783 0 3786 136 l

3783 419 3789 594 Ι
