3859 5725
481 272 598 327 ⁵3⁶
1607 261 2055 322 ADNoTATlo
2096 262 2177 322 IN
2219 262 2481 325 scfloL.

477 389 750 474 ἔνρυθμον.
811 388 1060 472 εὔρυθμον
1101 391 1171 451 Θ.
1218 388 1446 470 ἄρυθμον
1489 396 1565 453 Μ.
1613 388 1880 472 εὐρύθμως
1930 395 1997 450 V.
2040 427 2043 432 ·

562 569 734 640 1308,
775 568 842 623 31
892 564 1035 643 λέγει
1067 578 1126 625 et
1154 563 1287 638 αὕτη
1328 586 1441 626 orn.
1482 567 1638 627 Θ.·-
1663 569 1734 625 32
1778 567 2001 649 αἰσχρο-

473 663 613 713 ποιεῖ
645 654 782 712 libri
823 668 1034 732 praeter
1066 659 1136 713 R.
1160 692 1222 704 -
1242 657 1316 723 34
1345 653 1561 724 λεσὸιῆν
1587 661 1655 712 V.
1676 691 1739 703 —
1762 655 1837 711 35
1867 656 2005 726 πλη-

472 743 670 811 σιάζειν
699 741 789 800 καὶ
818 740 1059 820 μολύνειν
1088 741 1148 800 τὸ
1173 741 1345 819 στόμα
1375 742 1507 802 Ald.
1539 741 1854 820 Sequentia
1884 761 1998 799 om.

471 836 553 888 M.
581 869 644 881 —
665 832 738 889 36
765 829 931 910 τούτῳ
953 836 1022 891 V.
1049 833 1122 890 Θ.
1154 836 1306 890 τοῦτο
1327 836 1396 890 R.
1427 830 1509 889 ἐπ’
1536 828 1848 911 αἰσχρότητι
1866 830 1998 889 Ald.

471 921 528 977 αἱ
559 916 785 978 Λέσὸιαι
812 919 1134 977 Meinekius
1172 925 1333 977 Com.
1369 924 1416 992 1,
1454 940 1514 998 p.
1554 922 1686 995 339.
1712 956 1774 970 --
1798 920 1872 978 38
1918 940 2003 976 τοι

473 1009 542 1064 V.
585 1007 654 1067 Θ.
694 1030 774 1073 τις
807 1006 938 1066 Ald.
986 1029 1067 1066 σοι
1097 1008 1358 1068 Eustath.
1385 1007 1458 1066 ad
1496 1013 1734 1067 Homer.
1779 1027 1839 1085 p.
1873 1015 1999 1079 741,

476 1115 569 1152 22.
596 1094 1033 1171 comparandus
1059 1097 1299 1155 Homeri
1323 1096 1482 1154 locus
1514 1096 1581 1154 11.
1604 1101 1652 1168 Ι,
1676 1116 1812 1169 270,
1843 1092 2001 1153 δώσει

472 1182 519 1238 δ’
544 1180 680 1241 ἑπτὰ
714 1190 962 1259 γυναῖκας
1010 1181 1257 1261 ἀμύμονα
1301 1182 1409 1264 ἔργ’
1446 1182 1670 1261 εἰδυίας,
1715 1182 1997 1248 Δεσὸίδας.

469 1308 534 1323 --
560 1274 634 1346 39
654 1270 815 1331 καλόν
835 1293 895 1347 γε
923 1272 1270 1329 Eustathius.
1295 1272 1549 1354 καστρίας
1567 1277 1637 1331 V.

550 1363 733 1436 1309,
762 1369 836 1428 4ο
858 1359 1234 1440 χαρακτηρίζει
1273 1364 1341 1419 R.
1376 1357 1752 1440 χαρακτηρίζει)
1789 1363 1861 1417 V.
1890 1379 1999 1435 χα-

469 1448 840 1528 ρακτηρίζουσι
867 1448 1044 1505 ceteri
1075 1459 1133 1506 et
1158 1452 1328 1525 Reg.,
1367 1448 1470 1525 qui
1500 1443 1597 1518 τὴν
1623 1448 1752 1526 Εὗρ.
1786 1444 1998 1516 ποίησιν

468 1537 540 1603 ὣς
568 1533 800 1596 ἔκλυτον.
835 1536 1147 1612 Sequentia
1175 1556 1289 1594 om.
1309 1532 1795 1599 Θ.-ἀλκυονίτιδες
1823 1533 1997 1591 etiam

470 1628 611 1701 Reg.
646 1624 829 1697 Quod
855 1623 1080 1682 librarii
1114 1643 1315 1682 errore
1342 1623 1678 1683 Dindorfius
1715 1621 1995 1698 scriptum

468 1711 634 1789 pu'tat
661 1732 770 1791 pro
796 1711 1111 1778 ἀλκυονίδις.

551 1800 730 1873 1310,
758 1802 832 1867 48
856 1798 959 1858 Διὰ
989 1798 1050 1859 τὸ
1078 1804 1167 1869 Β.,
1198 1799 1297 1876 qui
1319 1807 1404 1876 ’49
1439 1798 1615 1867 παίζει
1643 1812 1700 1856 et
1729 1797 1786 1857 δὲ
1806 1817 1998 1856 om.—

471 1888 547 1946 50
590 1887 682 1946 καὶ
712 1891 770 1948 οὐ
812 1888 930 1948 καθ’
982 1885 1099 1958 ἑξῆς
1141 1888 1321 1946 idem.
1369 1887 1560 1947 Habet
1605 1886 1658 1955 ἐξ
1697 1884 1999 1967 Ἰφιγενείας

468 1974 759 2056 Εὐριπίδου
808 1989 941 2054 post
987 1976 1244 2035 scholion
1281 1996 1333 2032 v.
1370 1976 1734 2034 1315..-..52
1787 1973 1991 2033 Αὐλίδι.

464 2069 592 2122 11110
620 2062 880 2146 Ταύροις;
905 2064 1132 2123 videtur
1157 2065 1309 2121 enim
1342 2065 1627 2141 respicere
1646 2062 1718 2120 ad
1741 2083 1795 2123 ν.
1829 2062 1998 2137 1089,

464 2150 630 2234 ὄρνις,
662 2152 697 2210 ἃ
722 2151 868 2233 παρὰ
894 2152 1138 2232 πετρίνας
1165 2151 1358 2211 πόντου
1382 2150 1621 2231 δειράδας
1650 2147 1856 2209 ἀλκυὼν
1887 2147 1998 2208 ἔλε-

463 2262 555 2318 γον
587 2231 725 2301 οἶτον
754 2239 955 2306 ἀείδεις.
982 2246 1158 2298 Dmn.

552 2332 723 2401 1311,
767 2349 788 2385 1
830 2328 891 2387 τὸ
923 2327 1040 2398 ἑξῆς
1086 2328 1259 2409 ῥανίσι
1303 2327 1437 2410 χρόα
1487 2326 1679 2392 νοτίαις
1724 2330 1819 2399 Β.,
1864 2325 1997 2384 licet

465 2416 525 2474 in
557 2415 927 2494 sequentibus
960 2436 1193 2494 quoque
1227 2415 1401 2498 ῥανίσι
1432 2431 1487 2474 et
1518 2414 1655 2495 χρόα
1689 2412 1914 2473 habeat.

553 2505 726 2575 1314,
767 2506 799 2562 3
835 2501 906 2563 Ἥ
944 2501 998 2562 δὲ
1046 2509 1112 2563 V.
1151 2504 1222 2564 Θ.
1257 2509 1361 2576 Μ.,
1415 2505 1515 2581 qui
1563 2503 1685 2561 haec
1729 2502 1996 2581 proximo

466 2591 690 2649 scholio
724 2604 1107 2670 postponunt.
1143 2590 1464 2673 παρέκτασις
1496 2596 1639 2668 Reg.
1674 2591 1719 2648 εἶ
1752 2593 1798 2648 εἰ
1829 2588 1996 2648 εἷλίσ-

468 2699 584 2737 σετε
612 2683 684 2739 Β.
714 2676 1135 2749 εἶειειειείλήσετε
1168 2684 1239 2736 V.
1269 2681 1317 2737 εί
1348 2681 1392 2736 εἱ
1420 2676 1685 2750 εἱλήσεται
1717 2682 1798 2736 Μ.
1836 2675 1998 2734 εἱλίσ-

465 2787 582 2824 σετε
615 2766 746 2827 Ald.
771 2801 847 2810 —
866 2768 897 2823 5
933 2756 1064 2832 εἶδος
1105 2763 1360 2848 ἅράχνου.
1397 2764 1458 2824 τὸ
1483 2763 1537 2823 δὲ
1567 2762 1842 2830 δακτύλοις
1869 2763 1997 2822 παί-

466 2854 568 2921 ζων
601 2852 742 2933 λέγει
776 2845 917 2931 neg.
955 2887 1032 2901 —-
1067 2856 1102 2912 6
1138 2851 1206 2912 τὰ
1241 2852 1378 2937 ἄκρα
1412 2857 1518 2914 τῶν
1562 2851 1831 2912 δακτύλων
1864 2851 1993 2911 Ald.

463 2944 571 2999 τῶν
602 2942 868 3001 δακτύλων
921 2941 987 3000 τὰ
1022 2940 1160 3022 ἄκρα
1214 2948 1278 3002 V.
1327 2941 1492 3024 ἄρθρα
1539 2943 1997 3018 interpretantur

462 3031 781 3105 Hesychius
812 3044 871 3088 et
903 3031 1106 3090 Suidas
1151 3051 1197 3091 s,
1244 3029 1568 3109 Φάλαγγεςε
1604 3030 1739 3112 ἄκρα
1789 3028 1996 3089 Suidas

463 3137 507 3175 s.
545 3116 789 3195 Φάλαγξ.
826 3120 1071 3178 Restitui
1107 3118 1393 3201 ἄρθραειίε
1426 3140 1545 3198 quo
1575 3119 1710 3177 vide
1745 3138 1856 3176 van
1893 3117 1997 3176 der

462 3207 682 3265 Linden
720 3208 780 3265 in
809 3208 1094 3266 Medic-ina
1127 3207 1525 3286 physiologica
1558 3227 1613 3284 p.
1644 3207 1778 3281 639.
1811 3206 1993 3263 Dum.

551 3296 721 3364 1315,
767 3296 920 3353 8-12
958 3296 1030 3354 ad
1077 3294 1306 3375 ἀράχναι
1340 3316 1454 3353 0111.
1490 3296 1662 3353 etiam
1695 3296 1766 3353 Θ.
1801 3298 1882 3350 Μ.
1920 3326 1991 3338 -

468 3401 540 3439 10
563 3381 815 3442 εἳλίσσετε
850 3387 991 3461 Reg.
1018 3425 1095 3436 -
1134 3384 1320 3441 12-15
1347 3382 1522 3441 habet
1549 3388 1645 3455 Β.,
1688 3380 1992 3462 ὑφάσματα.

462 3467 515 3538 ἐξ
538 3469 828 3551 Ἠλέκτρας
841 3470 1222 3552 ΕὗριπίδουὙ.
1241 3476 1300 3528 Μ
1308 3515 1342 3543 .,
1359 3473 1420 3528 ἐκ
1437 3469 1743 3549 Μελεάγρου
1761 3468 1992 3551 Εὐριπί-

463 3558 571 3615 δου.
594 3558 685 3628 Θ.,
706 3555 1027 3635 ἐκτεταμένα
1060 3557 1363 3639 ὑφάσματα.
1400 3558 1461 3616 ἐκ
1484 3556 1795 3638 Μελεάγρου
1826 3555 1916 3614 καὶ
1945 3554 1995 3624 ἐξ

461 3642 751 3724 Ἠλέκτρας
806 3645 1111 3725 Εὐριπίδου.
1182 3650 1474 3703 Postrema
1519 3645 1690 3702 etiam
1740 3645 1799 3702 in
1860 3650 1993 3721 Reg.

459 3733 617 3792 Idem
646 3733 827 3792 codex
859 3754 871 3789 :
910 3736 980 3793 Οἱ
1015 3732 1109 3808 μὲν
1143 3731 1380 3813 λέγουσιν
1417 3729 1497 3792 ὅτι
1531 3734 1762 3813 φυσικῶς
1793 3730 1902 3810 ἔχει
1935 3731 1996 3792 τὸ

461 3823 593 3890 ζῶον
619 3826 773 3881 τοῦτο
788 3866 805 3896 ,
832 3820 950 3891 ἤτοι
983 3825 1011 3880 ὁ
1040 3819 1214 3902 δελφὶς
1233 3863 1249 3891 ,
1295 3823 1458 3901 φιλεῖν
1487 3818 1554 3878 τὰ
1586 3817 1722 3898 μέλη
1751 3818 1843 3877 καὶ
1877 3819 1995 3887 τοὺς

459 3908 647 3976 αὐλούς
664 3933 676 3947 ·
707 3912 754 3968 οἱ
794 3907 848 3967 δὲ
880 3906 1119 3987 λέγουσιν
1148 3906 1230 3966 ὅτι
1263 3908 1487 3979 πλησίον
1513 3912 1604 3966 τοῦ
1630 3905 1875 3985 μαντείου
1902 3912 1994 3967 τοῦ

458 3994 781 4063 ’Λπόλλωνος
815 3987 879 4068 ἦν
915 3995 1077 4073 λίμνη
1106 4018 1213 4068 τις,
1249 3995 1303 4052 ἐν
1325 3986 1363 4073 ᾗ
1385 3994 1614 4077 κατῴκει
1649 3993 1824 4076 δελφὶν
1853 4018 1993 4072 μαν-

456 4084 612 4150 τικός.
638 4084 1019 4166 εἰσερχομένοις
1048 4075 1136 4142 οὖν
1160 4083 1264 4142 τισὶ
1282 4082 1416 4162 μετὰ
1444 4083 1563 4156 νηὸς
1579 4128 1594 4157 ,
1621 4087 1650 4141 ὁ
1666 4080 1841 4158 δελφὶν
1873 4082 1993 4163 περὶ

455 4172 552 4244 τὴν
571 4176 787 4255 πρῶραν
815 4170 1122 4254 φαινόμενος
1148 4171 1393 4248 μαντείας
1410 4169 1555 4250 ἔλεγε
1584 4170 1674 4229 καὶ
1703 4167 1990 4251 χρησμούς.

457 4259 547 4319 καὶ
574 4260 760 4320 τούτου
795 4257 1063 4338 μέμνηται
1088 4261 1330 4317 ἐνταῦθα.

545 4351 717 4417 1320,
763 4369 835 4424 19
867 4345 928 4405 τὸ
956 4353 1023 4405 Β.
1061 4352 1124 4405 V.
1159 4345 1228 4405 τὰ
1275 4347 1481 4420 ceteri,
1517 4349 1616 4425 qui
1674 4367 1746 4405 20
1776 4346 1990 4408 οἴνανθα

457 4435 616 4518 φέρει.
653 4434 801 4494 lbid.
839 4433 953 4493 ἔστι
986 4432 1042 4492 δὲ
1075 4438 1112 4506 ἡ
1144 4432 1328 4515 πρώτη
1377 4434 1587 4515 ἔκφυσις
1624 4439 1720 4505 τῆς
1751 4432 1992 4512 ἀμπέλου

453 4529 524 4582 Β.
556 4558 638 4573 -
664 4543 737 4580 22
766 4523 826 4581 ἐκ
850 4523 1151 4582 Φοινισσῶν
1183 4522 1493 4604 Εὐριπίδου·
1525 4526 1559 4593 ἡ
1591 4522 1834 4594 Ἰοκάστη
1864 4521 1993 4603 φησὶ

451 4610 581 4694 πρὸς
605 4610 864 4671 Οἰδίποδα
895 4614 1035 4687 neg.

539 4701 709 4770 1323,
748 4699 819 4756 25
863 4697 920 4756 δὲ
956 4718 1073 4756 0111.
1116 4701 1186 4759 Β.
1222 4695 1368 4763 ἐκτὸς
1412 4718 1598 4779 προστ.
1637 4697 1768 4756 ΑΙιΙ.
1798 4731 1878 4744 --
1912 4717 1985 4769 27

454 4785 559 4845 ἀπὸ
587 4784 775 4868 μέρους
808 4805 922 4844 orn.
955 4789 1098 4863 Reg.

541 4876 712 4947 1328,
745 4875 818 4931 30
873 4875 930 4932 δὲ
967 4892 1081 4933 0111.
1116 4878 1185 4933 V.
1216 4906 1292 4916 -
1325 4878 1394 4932 31
1435 4872 1624 4953 ἄστρον
1644 4877 1706 4930 V.
1737 4875 1806 4933 Θ.
1834 4893 1847 4930 :
1883 4874 1986 4932 sed

457 4962 638 5041 ἄντρον
668 4964 738 5022 Θ.
805 4962 861 5018 ἰ11
907 4961 1109 5038 glossa.
1155 4963 1271 5033 Qui
1317 4963 1612 5039 sequeutia
1665 4976 1722 5019 et
1776 4961 1846 5020 35
1902 4982 1986 5039 sq.

452 5062 682 5107 omittit.

2176 395 2346 467 1331,
2393 394 2466 451 36
2500 390 2600 464 ἔπη
2639 390 2673 463 ἢ
2707 391 3209 474 ἔκ-Εὗριπίδου,
3260 392 3296 465 ἢ
3342 394 3449 455 ὑπὸ
3482 394 3641 478 Ἀρι-

2090 479 2374 561 στοφάνους
2402 478 2741 552 ἑπλάσθησαν
2773 478 2909 538 κατὰ
2943 480 3167 560 μίμησιν
3212 486 3306 541 τοῦ
3343 480 3485 541 κατὰ
3526 480 3635 555 τὴν

2088 563 2324 640 ‘Eadem
2351 568 2612 649 δράματος
2632 565 2942 649 Εὐριπίδου·
2969 572 3189 627 τοιαῦτα
3221 567 3320 649 γὰρ
3347 573 3382 641 ἡ
3412 569 3637 642 Ἑκάὸη

2089 654 2196 712 ἐκεῖ
2255 654 2517 736 διέρχεται
2566 655 2654 714 τὸν
2699 654 2818 737 περὶ
2852 659 2944 714 τοῦ
2985 656 3171 723 παιδὸς
3202 655 3398 738 ὄνειρον
3441 655 3637 718 ἰδοῦσα

2090 746 2228 821 Reg.
2268 749 2334 802 In
2381 765 2498 822 quo
2542 745 2802 822 sequitur
2842 744 3120 804 scholium
3155 748 3457 805 metricum
3493 748 3637 805 lon-

2089 849 2223 906 gum
2258 836 2637 911 quadraginta
2673 834 2820 891 κῶλα
2848 853 3029 910 usque
3060 833 3132 891 ad
3163 833 3393 916 φωράσω
3426 853 3635 912 perse-

2089 939 2289 996 quenS.
2324 960 2403 971 -
2440 923 2511 993 37
2548 918 2614 979 τὰ
2649 920 2886 978 accessit
2916 942 2989 978 ex
3010 925 3076 979 V.
3111 919 3173 978 τὸ
3213 925 3283 979 Β.
3320 955 3401 968 ——
3436 923 3514 998 39
3551 920 3635 979 αἶ·

2090 1028 2249 1088 ρομαι
2284 1012 2355 1065 G.
2378 1010 2449 1067 Θ.
2479 1005 2656 1090 αἴρομ’
2689 1007 2816 1066 Ald.
2846 1005 2965 1086 αἴρο
2990 1012 3062 1069 V.
3094 1040 3170 1054 —
3202 1017 3277 1076 40
3296 1006 3434 1067 οὕτω
3455 1010 3635 1068 addi-

2092 1106 2212 1152 tum
2246 1115 2319 1154 ex
2353 1095 2427 1155 Θ.

2176 1183 2348 1256 1338,
2386 1184 2453 1241 51
2485 1183 2798 1262 Τημενιδῶν
2830 1181 3128 1240 Dobraeus.
3164 1180 3634 1258 Legebatur‘EvB-

2088 1267 2328 1346 μενίδων.

2173 1359 2343 1431 1340,
2391 1360 2463 1416 53
2507 1356 2898 1436 Ἀπονίψωμαι·
2946 1355 3075 1437 ὅπερ
3116 1355 3328 1414 εἰώθασι
3367 1364 3541 1414 ποιεῖν
3579 1358 3633 1414 ἐν

2085 1454 2192 1513 τοῖς
2233 1446 2467 1528 ὀνείροις.
2525 1452 2677 1505 τοῦτο
2711 1445 2764 1504 δὲ
2801 1448 2929 1507 Ald.
2966 1444 3433 1524 καὶ-Αἰσχύλος
3492 1459 3635 1522 post

2085 1534 2192 1592 τῶν
2231 1535 2444 1616 ὀνείρων
2492 1536 2527 1592 l.
2561 1555 2585 1591 1
2631 1534 2795 1610 ponit
2826 1540 2891 1595 Β.
2928 1565 3008 1580 -
3034 1534 3104 1600 54
3143 1530 3199 1590 δὲ
3232 1553 3346 1590 0111.
3375 1536 3450 1591 Β.
3489 1537 3639 1591 Haec

2086 1623 2144 1677 in
2179 1621 2309 1681 Ald.
2349 1624 2451 1691 sic,
2479 1621 2605 1704 παρ’
2634 1612 2692 1679 οὗ
2728 1623 2856 1699 (hoc
2882 1624 3057 1682 etiam
3088 1619 3185 1698 Θ.)
3210 1620 3636 1697 ἀποδιοπομπεῖ-

2085 1710 2207 1767 σθαι
2238 1708 2425 1767 εἷώθει.
2462 1743 2540 1755 -
2575 1730 2608 1767 2
2644 1707 2973 1790 ἀξυνάρτητα
3002 1713 3068 1767 V.
3114 1713 3252 1767 Post
3285 1717 3420 1766 πᾶσι
3453 1712 3528 1766 Β.
3561 1709 3637 1766 Θ.

2085 1796 2299 1856 habent
2331 1798 2424 1857 ἅτε
2481 1797 2544 1871 δὴ
2598 1799 2874 1867 Γλύκωνός
2905 1821 3041 1866 τινος
3074 1796 3317 1877 γυναικὸς
3356 1797 3635 1875 (γυναικός

2083 1908 2221 1952 τινος
2242 1887 2469 1965 γείτονος
2489 1888 2586 1966 Θ.)
2612 1886 2751 1947 οὕτω
2780 1886 3126 1967 καλουμένης.

2171 1974 2344 2053 1344,
2376 1996 2407 2047 7
2445 1974 2717 2054 Αἰσχύλου
2764 1980 2831 2035 Β.
2889 1980 2957 2034 V.
2996 1972 3281 2056 Εὐριπίδου
3319 1973 3521 2032 ceteri.
3558 1978 3631 2032 Β.

2087 2059 2264 2120 habet
2321 2063 2568 2139 glossam
2601 2063 2717 2122 ἀντὶ
2765 2068 2859 2123 τοῦ
2893 2061 3097 2133 ἐωθινή.
3126 2093 3206 2106 -
3235 2080 3272 2137 9
3324 2061 3634 2139 legebatur

2086 2147 2386 2210 διαθέντων.
2444 2149 2695 2209 διαθέτων
2747 2152 2817 2212 Θ.
2861 2148 3224 2210 διασωθέντων
3279 2148 3631 2230 αὖτογράφων

2085 2237 2386 2297 Dobraeus.
2415 2245 2553 2299 Post
2585 2238 2865 2299 διαθέντων
2908 2238 3207 2316 legebatur
3238 2234 3461 2317 Νύμφαι
3500 2239 3629 2317 &pe-

2086 2322 2311 2405 σιγόνιαι
2335 2325 2666 2407 (ὄρεσιγόνιοι
2689 2325 2805 2405 V.)‚
2846 2346 2974 2404 quae
3003 2324 3185 2383 delevi
3220 2324 3426 2402 positis
3459 2325 3630 2381 lacu-

2087 2432 2171 2469 nae
2202 2413 2399 2489 signis,
2453 2413 2650 2471 addidi
2675 2425 2867 2470 autem
2907 2409 3169 2491 Νύμφαις.
3194 2415 3342 2469 Nam
3366 2411 3631 2486 AEschyli

2086 2499 2262 2558 verba
2294 2503 2548 2573 fuerunt,
2571 2498 2823 2582 Νύμφαις
2850 2498 3124 2581 κρηναίαις
3154 2498 3396 2577 κυδραῖσι
3424 2501 3632 2555 θεαῖσιν

2084 2586 2376 2669 ἀγείρω-,
2402 2588 2475 2647 de
2520 2608 2638 2665 quo
2671 2600 2896 2646 constat
2951 2607 3024 2646 ex
3069 2586 3343 2663 Diogenis
3378 2586 3631 2663 epistola

2084 2674 2145 2732 in
2180 2679 2397 2732 Notices
2419 2690 2478 2733 et
2491 2679 2744 2733 Extrae’ts
2767 2678 2864 2732 des
2884 2676 3056 2733 MSS.
3087 2673 3199 2733 vol.
3230 2672 3285 2745 5,
3311 2692 3366 2746 2,
3395 2692 3453 2749 p.
3476 2680 3552 2740 24
3567 2693 3593 2728 1
3615 2696 3631 2729 :

2087 2758 2273 2828 οἵτινες
2317 2763 2386 2842 (οἱ
2415 2762 2674 2844 τραγικοὶ)
2713 2760 2889 2845 Ἥραν
2916 2784 2976 2821 τε
3005 2759 3102 2833 τὴν
3149 2759 3271 2828 Διὸς
3308 2765 3632 2840 παράκοιτιν

2084 2845 2283 2931 ἔφασαν
2328 2852 2398 2917 εἷς
2440 2849 2634 2933 ἱέρειαν
2679 2852 3178 2932 μεταμορφωθεῖσαν
3223 2853 3454 2907 τοιοῦτον
3512 2847 3633 2926 βίου

2085 2941 2281 3018 σχῆμα
2323 2939 2626 3013 ἀναλαὸεῖν,
2671 2938 2896 3021 νύμφαις
2939 2938 3213 3021 κρήναισιν
3263 2937 3629 3019 (κρηναίαισιν

2084 3028 2513 3107 Boissonadius)
2572 3029 2786 3110 κυδραῑς
2842 3033 2982 3095 θεαῖς
3041 3027 3346 3108 ἀγείρουσαν
3415 3025 3628 3107 Ἰνάχου

2086 3114 2337 3195 Ἀργείαις
2370 3121 2616 3194 ποταμοῦ
2659 3116 2840 3175 παισὶν
2889 3114 3176 3198 βιοδώροις.
3205 3115 3430 3175 Deinde
3463 3116 3625 3193 lege-

2085 3202 2262 3262 batur
2297 3203 2528 3286 Ἀργείου
2564 3203 2667 3263 ὑπὸ
2703 3210 2964 3282 ποταμοῦ.
3001 3205 3339 3266 Correctum
3375 3223 3449 3262 ex
3490 3205 3626 3263 Pla-

2087 3303 2220 3348 tone
2276 3296 2362 3351 De
2408 3293 2636 3372 republ.
2674 3313 2727 3366 2,
2763 3313 2820 3370 p.
2863 3294 2998 3364 381.
3033 3296 3106 3362 D,
3142 3292 3242 3369 qui
3286 3291 3400 3349 hoc
3456 3312 3625 3350 versu

2084 3380 2270 3438 utitur
2300 3382 2557 3458 AEschyli
2601 3402 2719 3440 non
2772 3380 3074 3451 nominati,
3121 3392 3181 3437 et
3223 3399 3297 3437 ex
3342 3381 3621 3456 Diogene.

2084 3467 2347 3544 Respicit
2381 3467 2454 3525 ad
2489 3467 2606 3524 haec
2656 3466 2834 3526 verba
2877 3466 3187 3525 Pausanias
3221 3487 3457 3543 quoque
3485 3469 3544 3539 8,
3566 3469 3624 3538 6,

2085 3555 2141 3612 6.
2181 3558 2268 3613 De
2302 3575 2424 3632 quo
2457 3555 2592 3613 vide
2632 3575 2763 3632 quae
2806 3554 2879 3615 ad
2933 3554 3191 3631 AEschyli
3251 3555 3455 3632 fragm.
3513 3555 3626 3630 159

2085 3640 2223 3699 dixi.
2259 3646 2440 3704 Dum.
2470 3678 2550 3688 —
2580 3663 2649 3701 10
2679 3642 2830 3701 παισὶ
2870 3640 3024 3700 libri.
3051 3673 3132 3686 -—
3168 3663 3185 3698 1
3208 3662 3230 3698 1
3266 3641 3441 3709 ἄλλως
3472 3666 3535 3701 τε
3569 3640 3625 3699 δὲ

2082 3728 2217 3804 οὐδὲ,
2252 3751 2320 3787 12
2360 3730 2611 3812 Αἰσχύλῳ
2634 3731 2707 3791 Θ.
2734 3736 2899 3789 ταῦτα
2933 3727 3133 3808 ἥρμοζε
3162 3729 3285 3787 ΑΙά.
3315 3734 3485 3788 ταῦτα
3518 3728 3623 3809 ἥρ-

2085 3821 2209 3892 μοζε
2255 3819 2320 3876 τὰ
2349 3824 2567 3878 τοιαῦτα
2595 3822 2666 3880 Θ.
2709 3821 2821 3889 Qui
2873 3818 3172 3895 sequentia
3206 3818 3463 3889 omittit,
3522 3820 3623 3876 sed

2083 3907 2245 3964 addit
2276 3907 2520 3983 glossam
2541 3952 2559 3986 ‚
2598 3908 2651 3965 αἱ
2672 3911 2726 3967 ἐν
2750 3911 2828 3990 τῷ
2852 3906 2961 3988 ὄρει
2989 3904 3262 3983 γινόμεναι
3292 3905 3627 3986 ἇμαδρυάδες

2085 3992 2423 4074 (ἂμαδρύιδες
2449 3996 2615 4074 Reg.)
2642 3994 2957 4073 βοηθήσατε.
2984 3990 3098 4051 ἔστι
3132 3990 3186 4049 δὲ
3235 3992 3295 4050 ἐκ
3341 3992 3624 4073 Ξαντρίων

2084 4082 2160 4140 Εὖ
2197 4081 2387 4140 ιπίδου.

2165 4104 2318 4228 i353
2367 4189 2479 4228 om.
2518 4176 2589 4231 G.
2625 4167 2690 4228 τὰ
2736 4168 2871 4227 αὐτά
2907 4173 2975 4227 Β.
3014 4171 3182 4225 ταῦτα
3207 4172 3276 4227 V.
3315 4167 3385 4227 Θ.
3436 4172 3524 4226 Μ.
3560 4170 3627 4227 τὰ

2083 4264 2301 4317 τοιαῦτα
2337 4258 2482 4329 ΑΙά.,
2537 4277 2666 4335 quae
2699 4256 2755 4314 in
2796 4256 2910 4314 fine
2934 4254 3094 4315 addit
3127 4251 3451 4313 ἀνεπὲπτατ’
3493 4257 3625 4313 ἀνε-

2082 4344 2319 4406 πέπτατο
2342 4346 2434 4403 καὶ
2462 4343 2527 4403 τὰ
2549 4342 2729 4403 λοιπά.

2171 4434 2341 4504 1356,
2376 4434 2448 4490 23
2481 4434 2586 4490 τῶν
2620 4433 2844 4512 Κρητῶν
2880 4435 2953 4488 Μ.
2985 4430 3094 4505 Qui
3122 4450 3255 4489 cum
3277 4429 3348 4489 Θ.
3377 4448 3629 4506 sequen-

2086 4522 2165 4579 tia
2199 4520 2431 4579 omittit.
2466 4553 2541 4564 —
2582 4528 2654 4587 24
2688 4519 2894 4597 respici
2937 4518 3171 4576 videtur
3202 4517 3273 4577 ad
3327 4517 3639 4595 Lycophr:

2087 4611 2249 4669 Alex.
2284 4629 2343 4667 v.
2386 4627 2553 4683 1297.
2579 4639 2657 4651 -
2682 4607 2756 4664 25
2792 4602 2972 4677 ἐπειδὴ
3022 4607 3095 4679 ἐν,
3123 4607 3197 4663 28
3230 4603 3321 4663 καὶ
3365 4602 3430 4662 τὸ
3472 4609 3624 4682 Reg.

2089 4732 2159 4741 —
2188 4697 2261 4753 26
2307 4691 2656 4775 Βριτόμαρτις
2705 4694 2997 4752 Meursius
3041 4695 3100 4751 in
3149 4692 3304 4750 libro
3338 4691 3415 4750 de
3448 4696 3629 4751 Creta

2088 4796 2140 4856 4,
2182 4784 2233 4840 3.
2272 4779 2631 4862 Βρετιμάρτυς
2658 4781 2788 4840 Ald.
2829 4778 2985 4861 βρετὴ
3012 4776 3213 4860 μάρτυς
3247 4783 3390 4855 Reg.

2172 4872 2339 4943 1367,
2373 4878 2447 4938 42
2482 4867 2638 4935 Τινές
2666 4891 2793 4949 φασι
2828 4868 2888 4927 τὸ
2921 4871 3142 4926 ἐνταῦθα
3175 4864 3264 4924 τὸν
3292 4866 3362 4926 Θ.
3395 4866 3629 4925 ἐνταῦθα

2085 4962 2254 5019 etiam
2271 4964 2342 5018 Β.
2367 4956 2546 5017 ἐνθάδε
2570 4964 2643 5018 V.
2672 4957 2888 5019 Ald...
2907 4957 2978 5024 43
2997 4955 3084 5014 τὸν
3109 4952 3163 5012 δὲ
3188 4955 3353 5033 Αἷσχ.
3388 4957 3454 5013 V.
3474 4953 3539 5013 τὸ
3570 4954 3625 5014 δὲ

2056 5048 2153 5120 .ἑξ.
2194 5049 2263 5109 Θ.
2295 5044 2353 5106 δὲ
2382 5065 2496 5105 om.
2534 5048 2604 5102 Β.

3791 4662 3793 4735 4
