3859 5725
380 184 501 242 864

376 315 450 369 G.
469 308 738 368 τοῦ-τοῦ
777 306 952 364 Paris.
969 350 987 378 ,
1010 306 1111 382 qui
1158 324 1272 364 om.
1297 311 1369 378 47
1388 348 1405 376 ,
1432 304 1531 364 ubi
1552 305 1801 386 φειδωλός
1829 329 1909 375 τις

376 397 450 458 V.
471 391 719 477 φειδωτός
736 416 815 459 τις
831 407 887 453 et
910 398 1004 453 τοῦ
1026 415 1059 450 τ
1074 394 1143 454 Θ.
1165 394 1239 460 εἰς
1276 395 1309 451 λ
1337 390 1541 471 ἐγένετο
1565 392 1814 473 φειδωλός
1833 400 1903 453 V.

459 489 598 559 239,
623 482 695 540 53
715 479 981 563 προὸολὴν
1006 487 1076 540 V.
1098 485 1223 540 Hoc
1244 481 1504 540 scholion
1518 482 1704 541 codex
1722 484 1904 541 Paris.

376 571 468 631 bis
491 572 774 650 scriptum
806 570 1013 641 habet,
1040 571 1291 648 primum
1322 570 1440 627 sic:
1469 603 1545 614 —
1567 569 1909 651 φιλαργυρίας

379 657 593 738 δηλώσῃ
615 655 1085 740 προκεκρυμμένης
1103 660 1209 715 τῶν
1228 660 1473 737 χρηστῶν
1494 656 1661 739 φίλων
1681 680 1697 694 ·
1723 660 1907 716 altero

376 747 508 805 loco
535 748 653 806 sict
686 779 751 790 —
768 742 1191 826 προκεκρημίνος
1211 744 1426 803 καὶτῶν
1451 748 1699 834 χρηστῶν
1721 745 1905 826 φίλων.

378 871 440 884 -
470 855 492 892 1
530 833 765 915 σημαίνῃ
799 838 961 893 lunt.
991 829 1448 915 προκεκρουμένης
1478 838 1544 891 V.
1580 854 1908 914 προκεκρου-

377 923 541 1003 με’νην
569 933 642 987 G.

458 1023 528 1083 24
540 1034 596 1087 2,
625 1035 654 1086 7
679 1032 764 1090 sq.
798 1013 880 1070 sic
911 1011 969 1069 in
1000 1014 1094 1082 V.,
1124 1007 1359 1092 ἀφρόνως
1384 1008 1777 1089 παραπλήκτην
1799 1012 1909 1071 ἀπὸ

375 1104 470 1158 τοῦ
498 1098 806 1180 ἐναρμονίου
824 1099 1082 1177 λυρισμοῦ
1107 1096 1193 1156 διὰ
1223 1099 1597 1177 μεταστάσεως
1614 1121 1629 1136 ·
1660 1097 1800 1170 ἢὸτι
1820 1097 1907 1159 διὰ

376 1186 467 1246 τὸν
504 1184 837 1268 παραδίοντα
877 1183 1160 1266 κρουσμόν.
1195 1184 1415 1253 Ἄλλως.
1450 1187 1778 1268 παραπλῆγα
1816 1185 1907 1245 τὸν

377 1273 575 1357 μωρόν.
595 1313 659 1324 ——
677 1296 715 1351 9
742 1271 972 1332 ἀσωτεία
1001 1273 1178 1332 Paris.
1207 1272 1557 1351 πεπληγμένη
1588 1274 1760 1332 etiam
1782 1275 1909 1332 Sui-

377 1362 477 1421 das
495 1383 542 1421 s.
569 1358 887 1443 Παραπλήξ.
920 1361 1415 1440 παραπεπληγμένη
1454 1361 1579 1421 Ald.
1605 1368 1746 1422 Post
1781 1362 1905 1423 διά-

376 1475 495 1511 νοια
536 1453 599 1511 in
649 1452 803 1511 libro
844 1450 1107 1510 Parisino
1146 1452 1340 1509 statim
1379 1464 1702 1530 sequnntur
1742 1452 1906 1511 haec:

379 1540 553 1607 ἄλλως
574 1564 588 1578 ·
614 1540 744 1622 ὅπερ
784 1541 1084 1622 πάσχουσιν
1126 1541 1177 1597 οῖ
1221 1542 1566 1621 παραπλῆγες
1608 1541 1905 1622 ἄνθρωποι,

377 1627 446 1686 δι’
474 1626 732 1688 ἀσωτείαν
750 1628 1093 1708 τεμνούμενοι
1106 1673 1124 1704 ,
1154 1630 1225 1695 εἰς
1249 1627 1432 1687 ἑαυτὸν
1458 1629 1740 1709 μετήγαγε.
1763 1636 1907 1704 Quae

377 1728 511 1773 sunt
541 1736 614 1774 ex
641 1716 864 1775 scholio
891 1738 949 1776 v.
974 1724 1107 1784 244.

456 1813 597 1880 244,
635 1824 700 1877 17
728 1803 788 1862 τὸ
815 1806 1059 1884 ἀκαρῶς,
1088 1801 1142 1871 ἐξ
1166 1793 1228 1861 οἶ
1257 1801 1462 1862 Suidas
1499 1821 1544 1859 s.
1580 1800 1796 1882 Ἄκαρῆ.
1828 1837 1903 1848 --

384 1913 455 1969 19
482 1890 799 1973 τὸκείρομαι
813 1890 993 1973 τριχός
1024 1890 1226 1950 ΔΙιΙ.-
1251 1889 1436 1967 19-26
1457 1887 1544 1947 διὰ
1560 1887 1622 1947 τὸ
1646 1887 1904 1967 ἄτμητον,

374 1977 505 2063 ὅπερ
530 1980 829 2061 πάσχωσιν
856 1982 1045 2039 ἐκεῖνοι
1069 1978 1173 2037 ὑπὸ
1208 1982 1304 2050 τῆς
1332 1975 1563 2043 ἀσωτίας
1595 1976 1905 2055 γυμνούμε·

373 2092 483 2144 νοι,
510 2070 582 2135 εἰς
600 2068 783 2129 ἑαυτὸν
810 2066 1075 2151 ἀναφέρει.
1102 2065 1320 2132 Ἄλλως.
1351 2067 1407 2124 ἐν
1427 2063 1610 2146 ἀκαρεὶ
1649 2064 1800 2145 [sic]‚
1828 2070 1904 2147 τῷ

373 2155 659 2239 ἐλαχίστῳ,
675 2147 720 2238 ᾧ
735 2158 835 2235 οὐχ
850 2146 1031 2215 οἷόντε
1055 2156 1311 2235 διακεῖραι
1339 2152 1431 2212 καὶ
1455 2149 1702 2234 διακόψαι
1730 2153 1818 2213 διὰ
1844 2154 1904 2214 τὸ

376 2244 549 2328 βραχὺ
588 2250 683 2306 τοῦ
721 2244 930 2326 χρόνου.
979 2242 1266 2314 πεποίηται
1312 2238 1368 2299 δὲ
1411 2240 1516 2300 ἀπὸ
1555 2243 1661 2300 τῶν
1699 2246 1902 2322 μικρῶν

372 2337 571 2417 τριχῶν
611 2337 715 2392 τῶν
748 2334 833 2391 διὰ
873 2329 1184 2413 βραχύτητα
1221 2327 1298 2406 μὴ
1340 2327 1642 2407 δυναμένων
1675 2335 1903 2412 καρῆναι

373 2427 443 2481 V.
468 2459 530 2470 —
559 2442 636 2479 2ο
664 2423 921 2501 διακεῖραι
944 2418 1035 2479 καὶ
1060 2440 1174 2478 om.
1194 2420 1264 2479 Θ.
1296 2423 1437 2495 Reg.
1468 2418 1591 2476 ΑΜ.
1612 2461 1678 2471 -
1702 2421 1776 2478 25
1801 2442 1904 2497 με-

371 2508 573 2587 τήγαγε
597 2510 691 2583 9.,
719 2510 820 2586 qui
845 2528 915 2580 27
955 2528 1068 2565 om.
1099 2506 1434 2586 Ἐλευθέρου.

459 2598 594 2670 245,
643 2599 837 2656 28-30
880 2616 997 2656 om.
1032 2600 1098 2653 V.
1124 2593 1374 2673 ἐπέτυχες
1416 2595 1492 2655 Θ.
1542 2592 1723 2675 ἔτυχες
1767 2596 1900 2656 ΛΜ.

373 2688 589 2764 Regius
618 2711 633 2746 τ
658 2685 892 2767 Μετρίου
928 2683 1146 2764 ἀνδρὸς,
1174 2688 1267 2743 τοῦ
1306 2684 1701 2765 διαμετροῦντος
1728 2689 1902 2767 ἐαυτῷ

373 2775 434 2836 τὸ
469 2779 579 2848 ζῆν.
617 2777 806 2859 ἀρετῆς
846 2772 955 2922 grip
992 2776 1103 2833 ἐστι
1128 2772 1190 2833 τὸ
1232 2774 1286 2831 ἐν
1320 2776 1490 2854 καιρῷ
1519 2771 1645 2852 μὲν,
1673 2772 1758 2834 ὅτε
1787 2777 1901 2852 δεῖ,

374 2865 639 2945 φείδεσθαι
660 2911 677 2939 ,
695 2864 788 2924 καὶ
810 2888 846 2923 α
895 2909 912 2937 ,
950 2862 1037 2921 ὅτε
1063 2863 1169 2936 δεῖ,
1195 2863 1435 2921 ἅναλοῦν.
1476 2860 1686 2942 λέγεται
1713 2863 1768 2924 δὲ
1796 2865 1901 2945 μέ-

372 2976 513 3034 τριος
542 2954 631 3012 καὶ
661 2958 690 3014 ὃ
716 2951 949 3024 ἐπιεικὴς
972 2951 1061 3011 καὶ
1085 2950 1345 3016 ταπεινός.

455 3044 592 3114 246,
615 3045 689 3103 33
717 3043 831 3100 ἐστι
850 3061 963 3099 om.
994 3046 1091 3114 V.,
1120 3040 1219 3118 qui
1242 3038 1425 3099 ἑαυτὸν
1442 3084 1460 3115 ,
1497 3042 1569 3110 34
1599 3041 1781 3124 ἀνδρὸς
1807 3041 1904 3102 λέ-

373 3155 553 3210 γει.--
576 3132 651 3189 35
679 3133 773 3189 τοῦ
794 3131 888 3206 ζῇν
916 3133 987 3186 V.
1011 3127 1082 3189 Θ.

457 3227 566 3291 247
586 3260 604 3289 ,
640 3219 715 3278 36
759 3213 940 3296 Ἀρετὴ
969 3218 1035 3289 V,
1068 3212 1169 3295 γὰρ
1209 3214 1297 3273 ἐπὶ
1328 3214 1461 3273 Ald.
1494 3215 1605 3273 ἔστι
1631 3214 1693 3275 τὸ
1718 3219 1795 3298 τῷ
1822 3218 1896 3279 Θ.

371 3343 453 3357 -
476 3309 548 3380 37
580 3302 953 3387 ἁρμοζομένως
979 3304 1052 3364 Θ.
1080 3302 1211 3361 Ald.

453 3396 604 3468 248,
638 3404 704 3465 4¹
736 3383 771 3472 ᾗ
808 3392 1146 3452 Sehaeserus.
1178 3381 1242 3463 ἦν
1270 3392 1448 3449 Paris.
1474 3429 1538 3442 -
1567 3393 1642 3461 46
1674 3393 1750 3452 δεῖ
1768 3401 1902 3452 νοεῖν

374 3488 516 3561 neg.
556 3502 664 3560 pro
708 3478 914 3561 πρέπει.
941 3484 1007 3539 In
1037 3486 1109 3538 V.
1144 3481 1261 3552 sic,
1294 3477 1383 3537 ἵνα
1422 3479 1574 3547 αὐτὸς
1603 3480 1691 3540 ὑπ’
1728 3484 1899 3541 αὐτῶν

372 3573 628 3650 θεωρηθῇ.
650 3567 712 3627 τὸ
728 3567 830 3649 γὰρ
855 3568 983 3627 ἰδεῖν
1002 3589 1062 3626 σε
1088 3566 1204 3625 ἀντὶ
1231 3571 1323 3625 τοῦ
1355 3566 1603 3637 θεαθῆναί
1628 3590 1702 3627 σε.
1725 3568 1900 3629 Ἄττι-

373 3656 770 3739 κὸν-ἄρθροις.
811 3653 955 3733 λέγει
984 3654 1041 3712 δὲ
1082 3654 1239 3714 αὐτὸν
1278 3655 1556 3727 εἰσελθεῖν,
1597 3652 1687 3714 ἵνα
1714 3657 1902 3716 ἐκεῖνοι

372 3748 462 3808 τὸν
491 3750 718 3812 πλοῦτον
747 3746 921 3805 ἴδωσι.
950 3744 1013 3805 τὸ
1042 3743 1097 3804 δὲ
1123 3769 1152 3804 ν
1172 3745 1465 3813 πλεονάζει.
1494 3743 1576 3804 ὅτι
1602 3745 1662 3804 τὸ
1687 3768 1716 3803 ν
1735 3747 1900 3806 πλεο-

371 3837 533 3907 νάζει.
563 3843 859 3897 Postrema
888 3836 987 3894 ina
1012 3833 1074 3894 τὸ
1095 3832 1151 3892 δὲ
1177 3857 1205 3893 ν
1230 3846 1358 3906 etc„
1380 3833 1591 3911 quibus
1617 3848 1775 3894 caret
1806 3840 1899 3908 G„

371 3927 444 3985 ad
483 3923 673 3986 ταυτόν
712 3944 765 3984 ν.
800 3926 918 3983 253
950 3935 1216 4003 spectare
1258 3934 1498 3981 annotat
1539 3922 1899 3983 DindorfiuS.

369 4052 433 4065 —
456 4025 531 4088 47
552 4022 663 4080 τοῖς
687 4015 925 4096 ἀριθμοῖς
952 4017 1023 4071 R.

451 4105 564 4163 253
586 4146 603 4175 ,
662 4122 735 4178 ¹9
775 4121 903 4179 sqq.
952 4098 1105 4159 conf.
1148 4099 1283 4159 Coel.
1334 4099 1649 4176 Rhodigin.
1700 4100 1896 4178 Antiq.

367 4197 526 4252 Lect.
556 4191 658 4250 lib.
691 4190 791 4263 15,
821 4208 948 4267 cap.
982 4206 1056 4246 2ο
1078 4232 1095 4261 ,
1132 4200 1193 4245 et
1233 4187 1542 4246 Villoison.
1570 4189 1791 4267 praefat.
1823 4189 1895 4249 ad

365 4285 600 4341 Homer.
626 4300 685 4358 p.
714 4282 926 4339 XVIII.
952 4312 1016 4327 -
1045 4287 1119 4347 4ο
1141 4276 1525 4354 supplendum
1547 4295 1619 4334 ex
1655 4275 1897 4354 Hephae-

366 4369 576 4442 stione,
592 4381 659 4426 ut
678 4367 901 4444 integra
930 4365 1043 4425 sibi
1070 4376 1295 4423 constet
1321 4365 1620 4432 sententia,
1640 4362 1781 4422 κατὰ
1797 4361 1895 4434 τὴν

368 4453 781 4538 Ἀριστοφάνειον
800 4459 894 4513 τοῦ
921 4452 1167 4514 Ἀλκαίου
1198 4449 1423 4511 ἔκδοσιν·
1448 4452 1714 4530 loquitur
1739 4452 1894 4510 enim

365 4547 440 4606 de
473 4546 602 4618 ina,
632 4564 806 4621 quam
835 4544 1250 4623 Aristophanes
1283 4542 1686 4620 grammaticus
1728 4558 1896 4600 cura·

363 4646 548 4703 verat,
571 4632 746 4690 Alcaen
782 4631 1060 4691 editione.
1087 4636 1309 4691 num.
1328 4666 1390 4679 —
1412 4631 1484 4697 45
1519 4627 1639 4700 ἤτοι
1662 4644 1733 4686 ex
1763 4629 1894 4686 cod.

361 4723 537 4780 PariS.
565 4733 624 4780 et
650 4721 940 4791 chhaest.
978 4719 1259 4778 additum.
1282 4756 1340 4768 -
1365 4721 1397 4777 3
1434 4705 1891 4798 εἶδος-γεωργῶν

363 4830 477 4869 om.
504 4812 571 4869 G.
596 4807 685 4867 lb.
724 4803 891 4886 θύμον
921 4832 936 4868 2
967 4806 1447 4889 Ἄγριοκρόμμυον,
1493 4796 1539 4888 ᾧ
1574 4808 1810 4888 χρῶνται
1843 4807 1890 4865 οἳ

358 4896 578 4971 πένητες
594 4897 663 4956 δι’
681 4895 848 4979 ἄκραν
873 4896 1116 4979 ἀπορίαν·
1141 4897 1253 4956 ἐστὶ
1275 4895 1329 4955 δὲ
1350 4895 1411 4955 τὸ
1430 4918 1463 4954 υ
1489 4891 1662 4976 βραχύ
1686 4900 1886 4967 Dorv.,

363 4997 421 5044 ct
450 4983 712 5044 similiter
745 4990 898 5063 Reg.
928 4983 1130 5052 Ἄλλως
1181 4985 1359 5064 (quod
1403 5004 1518 5044 om.
1566 4983 1660 5063 G.)
1701 4983 1889 5051 ταυτὸν

1508 173 1957 236 ADNOTATIO
1999 171 2078 236 ΙΝ
2119 173 2386 237 scnoL.

1996 307 2160 386 θύμον
2182 309 2405 390 φαγόντε
2437 309 2708 392 (φαγόντες
2735 313 2830 391 G.)
2853 315 2968 375 ἀντὶ
2995 320 3118 392 τοῦ,
3149 319 3181 377 5
3208 313 3564 399 ‘atellam

1994 401 2060 456 V.
2086 393 2249 474 θύμος
2273 401 2445 457 etiam
2476 399 2683 461 suidas
2723 421 2768 460 ε.
2802 400 3002 479 Θύμος.
3029 404 3191 483 θύμον
3231 405 3391 465 Ald.
3425 395 3565 473 εἶδος

1996 487 2234 551 εὐτελοῦς
2262 486 2488 564 βοτάνης
2519 488 2771 567 (βοτάνης
2798 510 2913 552 om.
2941 491 3037 570 G.)
3061 497 3132 552 V.
3174 491 3424 565 εὗτελὴς
3460 497 3563 572 βο-

1994 571 2129 645 τάνη
2159 577 2230 631 R.
2252 587 2310 632 et
2336 576 2634 634 Suidas.-
2678 579 2829 647 6-11.
2860 579 2940 636 sic
2963 579 3024 636 in
3050 581 3142 649 V.,
3183 579 3304 638 ἀπὸ
3351 578 3420 637 δὲ
3467 583 3566 638 τοῦ

1996 659 2161 737 θύμου
2179 705 2195 736 ,
2244 661 2490 739 σημαίνει
2532 663 2595 726 τὸ
2640 663 2874 743 λάχανον
2894 710 2912 738 ,
2957 667 3404 743 συνεσταλμένον
3476 664 3562 728 δέ.

1994 745 2213 817 Ἄλλως.
2243 749 2521 830 οὐδετέρως
2565 750 2625 811 τὸ
2652 749 2815 829 θύμον
2840 751 2930 810 καὶ
2973 751 3566 834 βραχυπαροιλήκτυς.

1996 837 2050 894 ἰν
2072 834 2173 915 γὰρ
2198 840 2267 916 τῇ
2295 840 2583 920 συναλοιφῇ
2611 838 2902 918 (vocabuli
2929 839 3151 917 ταυτόν)
3183 840 3565 917 mmcdx-w·

1995 922 2056 983 τὸ
2081 947 2109 981 ν
2136 927 2228 995 τῆς
2259 922 2388 984 αὐτό
2413 925 2741 1003 ἀντωνυμίας
2766 952 2777 962 ·
2809 928 2855 985 εἰ
2880 925 2981 1010 γὰρ
3007 917 3073 999 ἦν
3095 928 3390 1008 ἀρσενικὸν
3411 972 3432 1002 ,
3469 927 3568 987 τὸν

1996 1011 2151 1071 αὐτόν
2179 1004 2245 1086 ἦν
2269 1012 2361 1072 καὶ
2385 1015 2480 1072 οὐκ
2501 1012 2703 1092 ἐγένετο
2724 1014 2894 1087 (adde
2912 1014 3145 1093 ταυτόν).
3170 1013 3487 1074 comeo-ht
3504 1011 3564 1072 δὲ

1996 1103 2084 1158 νῦν
2110 1098 2173 1158 τὸ
2200 1123 2230 1160 υ
2261 1105 2354 1158 τοῦ
2384 1098 2548 1177 θύμον
2591 1100 2684 1160 καὶ
2713 1100 3064 1182 βαρυνόμενον
3092 1101 3195 1184 γὰρ
3222 1102 3327 1163 καὶ
3363 1105 3562 1162 ἔειπε·

1995 1184 2212 1265 νόμενον
2245 1188 2473 1266 (corrig.
2496 1208 2528 1246 e
2551 1189 2683 1250 loco
2703 1208 2770 1248 su
2779 1192 3008 1268 periore
3027 1189 3208 1269 θύμον.
3233 1187 3562 1272 βαρυνόμε-

1995 1293 2081 1332 νον
2123 1272 2222 1358 γὰρ
2270 1274 2362 1334 καὶ
2406 1273 2823 1351 συνεσταλμένον
2870 1277 3117 1355 σημαίνει
3153 1276 3217 1338 τὸ
3252 1276 3518 1356 λάχανον
3537 1322 3562 1352 ‚

1996 1361 2349 1440 ἕκτεινόμενον
2388 1361 2475 1444 δὲ)
2514 1363 2606 1423 καὶ
2651 1364 2954 1442 δξυνόμενον
3001 1366 3151 1438 δηλοῖ
3191 1363 3295 1437 τὴν
3335 1365 3562 1446 ψυχήν.

1993 1449 2127 1516 τινὲς
2154 1448 2212 1509 δέ
2245 1451 2777 1533 φασιν-διαὸἄλλει.
2801 1490 2865 1502 --
2892 1455 2927 1510 6
2950 1451 3005 1512 δέ
3033 1473 3147 1513 om.
3177 1459 3250 1514 R.
3275 1451 3558 1535 πεπαρῴ-

1995 1536 2151 1608 δηται
2194 1538 2267 1600 Θ.
2299 1575 2364 1589 -
2395 1558 2465 1596 ιο
2502 1537 2594 1598 καὶ
2631 1538 2717 1597 ἅκ.
2749 1540 2994 1600 accessit
3035 1560 3109 1600 ex
3150 1546 3218 1600 V.
3242 1576 3310 1591 -
3333 1544 3422 1600 13
3453 1541 3558 1599 καὶ

1994 1625 2114 1706 ἀρσ.
2144 1625 2281 1683 κλιν.
2313 1646 2427 1684 om.
2457 1627 2531 1686 Θ.

2074 1713 2213 1788 255,
2253 1735 2321 1790 19
2367 1715 2608 1786 ἀθλητῶν
2639 1713 2867 1792 ἔγκονεῖν
2889 1738 2903 1752 ·
2950 1716 3009 1775 οὗ
3037 1713 3138 1796 γὰρ
3182 1721 3258 1776 V.
3297 1716 3553 1778 Deinde

1993 1802 2491 1873 Hemsterhusius,
2515 1802 2733 1879 aliquid
2754 1803 3032 1862 excidisse
3060 1817 3317 1867 statuens
3335 1848 3360 1876 ,
3387 1824 3553 1864 con-

1984 1887 2118 1965 jicit
2133 1934 2150 1964 ,
2178 1891 2232 1948 ἕν
2252 1889 2394 1948 κόνει
2412 1888 2515 1969 γὰρ
2539 1888 2749 1948 ἐκείνων
2769 1889 2830 1949 τὸ
2851 1888 3003 1969 ἔργον
3026 1915 3040 1927 ·
3061 1889 3176 1950 ὅθεν
3199 1891 3289 1954 καὶ
3319 1891 3550 1952 ἀκονιτὶ

1991 1973 2204 2054 λέγεται
2231 1978 2344 2056 (vel
2367 1976 2570 2037 ἀκονιτὶ
2599 1986 2751 2058 νικᾷν
2781 1975 3045 2056 λέγονται)
3069 2024 3088 2054 ,
3116 1976 3202 2038 ὅτε
3227 1979 3342 2058 (vel
3381 1979 3548 2056 ὅταν)

1991 2065 2095 2148 πρὸ
2121 2070 2212 2124 τοῦ
2236 2069 2330 2136 τῆς
2350 2063 2540 2132 κόνεως
2566 2065 2797 2148 ἅψασθαι
2818 2069 3055 2128 νικῶσιν.
3075 2069 3284 2129 suidas
3304 2090 3364 2133 v,
3401 2069 3546 2148 Ἔγ-

1992 2160 2193 2212 κονεῖτε
2242 2154 2533 2231 vulgatam
2578 2167 2749 2215 tenet.
2771 2191 2835 2208 -
2860 2176 2934 2214 2ο
2961 2158 3174 2214 κινῶσιν
3207 2163 3275 2216 V.
3317 2160 3546 2218 κυκῶσι

1992 2246 2066 2299 G.
2093 2261 2206 2299 om.
2237 2242 2308 2301 Θ.
2333 2279 2395 2292 --
2421 2250 2608 2310 22-24
2645 2245 2728 2300 sic
2747 2245 2840 2315 V.,
2865 2242 2925 2301 τὸ
2957 2241 3014 2302 δὲ
3038 2242 3248 2319 μέλλειν
3278 2243 3406 2301 ἀντὶ
3439 2249 3538 2303 τοῦ

1993 2326 2204 2404 μίλλειν
2233 2327 2321 2388 καὶ
2353 2329 2446 2406 (μ.
2491 2329 2581 2390 καὶ
2619 2350 2737 2391 om.
2772 2331 2880 2408 G.)
2913 2330 3301 2390 ἀναὸάλλεσθαι
3341 2332 3541 2413 καιρὸς

1990 2416 2085 2473 οὐκ
2105 2411 2265 2488 ἔστιν,
2289 2414 2426 2473 ἀλλὰ
2453 2413 2716 2475 σπεύδειν.
2738 2450 2800 2462 -
2822 2426 2895 2486 24
2941 2416 3158 2499 ἐγείρειν
3193 2419 3532 2478 Hemsterh.

1991 2500 2123 2579 conj
2133 2546 2174 2579 .,
2193 2515 2259 2560 ut
2281 2515 2368 2562 est
2396 2504 2457 2562 in
2481 2504 2732 2580 Etymol.
2762 2524 2817 2562 ν.
2842 2502 3113 2581 Ἔγκονεῖν
3138 2528 3152 2562 :
3179 2508 3229 2563 οί
3248 2502 3351 2587 γὰρ
3373 2507 3537 2564 ἐπει-

1989 2587 2204 2669 γόμενοι
2243 2589 2295 2650 τὶ
2341 2591 2589 2674 πράττειν
2606 2634 2623 2664 ,
2672 2587 2810 2650 κατὰ
2872 2589 2962 2649 τὸν
3019 2592 3212 2673 δρόμον
3257 2591 3531 2674 ἐγείρουσι

1990 2677 2150 2740 κόνιν.

2073 2768 2188 2827 256
2224 2770 2382 2847 ἀκμεῖ
2422 2782 2781 2849 corruptum.
2822 2770 3243 2849 corrigendum
3291 2771 3529 2833 videtur

1991 2855 2273 2936 ἅκαματεί.
2299 2860 2483 2935 Dum.
3344 2863 3348 2867 ’

2076 2948 2215 3019 257,
2246 2948 2321 3004 28
2346 2946 2483 3005 libri
2507 2943 2808 3024 συντόμως,
2832 2947 2990 3026 quod
3019 2947 3158 3007 nihil
3193 2948 3270 3006 ad
3292 2968 3412 3009 rem
3435 2950 3528 3009 fa-

1991 3035 2089 3093 cit.
2127 3037 2416 3114 Loquitur
2445 3034 2603 3093 enim
2635 3034 2729 3092 hic
2757 3034 3015 3092 comicus
3040 3035 3114 3095 de
3149 3035 3374 3093 incessu
3397 3038 3530 3095 sive

1992 3123 2172 3200 gradu
2211 3143 2470 3203 propero
2518 3134 2579 3181 et
2617 3134 2892 3180 contento
2918 3167 2935 3195 ‚
2986 3123 3026 3180 i.
3071 3142 3126 3181 e.
3174 3121 3403 3204 συντόνῳ
3422 3169 3441 3198 ,
3490 3145 3526 3183 a

1991 3209 2176 3269 verbo
2216 3209 2496 3270 συντείνειν
2513 3255 2530 3283 ,
2571 3210 2729 3288 quod
2778 3209 2850 3268 de
2899 3210 3106 3287 quavis
3149 3212 3526 3273 contentione

1991 3300 2147 3378 apud
2174 3304 2406 3359 Graecos
2426 3299 2659 3358 dicitnr.
2688 3299 2783 3358 Sic
2812 3299 3014 3378 Eurip.
3032 3298 3210 3357 Elect.
3238 3320 3261 3357 ι
3280 3319 3367 3373 ι2,
3392 3298 3526 3359 σύν-

1991 3409 2127 3446 τεινε
2148 3386 2305 3453 ποδὸς
2331 3384 2530 3466 ὁρμὴν,
2570 3388 2605 3444 i.
2641 3407 2692 3445 e.
2735 3390 2985 3445 accelera
3015 3389 3273 3463 gradum.
3305 3392 3377 3445 Et
3409 3408 3524 3466 pro

1992 3473 2252 3542 συντόνως
2276 3475 2576 3553 Aristoph.
2603 3475 2752 3533 infra
2785 3494 2839 3531 v.
2878 3474 2992 3531 325
3017 3472 3166 3531 dixit
3196 3474 3526 3552 συντεταμέ-

1989 3587 2108 3631 νως.
2136 3567 2308 3625 Κυετ.
2337 3560 2620 3640 σύνδεσμος
2648 3561 3007 3629 ἁποδεικτικός
3034 3562 3168 3640 (hoc
3197 3583 3270 3620 ex
3297 3563 3522 3621 scholio

1991 3671 2047 3710 ν.
2073 3651 2234 3729 261).
2261 3649 2542 3732 προθύμως
2570 3644 2626 3708 δὲ
2651 3646 2767 3709 ἀντὶ
2795 3652 2888 3708 τοῦ
2910 3646 3198 3726 συντόμως,
3217 3669 3291 3726 29
3321 3649 3523 3729 βραχύ-

1989 3761 2145 3812 τητος
2170 3745 2243 3798 V.

2072 3828 2207 3904 259,
2236 3830 2309 3896 34
2340 3849 2426 3885 σοι
2452 3830 2522 3886 R.
2557 3848 2624 3903 με
2646 3825 2775 3886 Ald.
2802 3845 2915 3887 om.
2940 3829 3093 3883 V.-
3112 3826 3185 3884 35
3212 3827 3265 3886 λ.
3291 3826 3522 3909 ὑπερδο-

1987 3914 2076 3976 τὸν
2103 3921 2170 3975 V.
2197 3938 2258 3993 γε
2281 3935 2398 3975 om.
2419 3916 2489 3973 R.
2515 3914 2640 3972 Ald.

2050 4002 2210 4075 '261‚
2243 4006 2316 4062 38
2346 4001 2504 4064 Σύνδ.
2535 4002 2691 4060 ἀποδ.
2724 4001 2968 4079 (scholio
2993 4023 3048 4061 v.
3089 4002 3205 4079 259
3235 4002 3520 4080 additum)

1989 4092 2087 4151 hic
2119 4092 2337 4151 omittit
2359 4094 2453 4165 V„
2484 4090 2785 4167 sequentia
2820 4104 3012 4148 autem
3051 4087 3301 4169 Ροειδιὰ
3327 4088 3389 4149 τὸ
3419 4094 3518 4171 γῆ-
3613 4140 3622 4147 .

1991 4202 2081 4261 ρας
2104 4181 2142 4238 1.
2167 4191 2239 4249 42
2265 4180 2510 4237 collocat
2536 4179 2616 4236 sic
2635 4178 2888 4256 scripta,
2909 4176 3099 4244 ἄλλως.
3130 4175 3249 4244 τοὺς
3270 4176 3517 4260 γε’ροντας

1986 4264 2436 4334 παίζει--διὰ
2450 4264 2511 4324 τὸ
2528 4264 2911 4347 πεπληρῶσθαι
2939 4266 3110 4323 αὐτῶν
3129 4262 3196 4323 τὰ
3221 4252 3334 4323 ὦτα
3357 4263 3513 4346 γήρᾳ.

1984 4366 2116 4425 ...41
2145 4353 2236 4411 καὶ
2263 4352 2519 4435 ἐπεγγελᾷ
2532 4353 2607 4433 τῷ
2626 4353 2768 4434 ἁδρῷ
2784 4352 3075 4424 αἰσθήσεων
3102 4356 3168 4409 V.
3196 4341 3284 4411 οὖν
3305 4373 3417 4411 om.
3443 4358 3513 4413 R.

2068 4442 2183 4501 263
2206 4485 2224 4516 ,
2263 4452 2338 4517 49
2367 4438 2567 4517 Ἤγουν
2595 4444 2687 4500 τοῦ
2733 4441 2858 4500 ΑΜ.
2885 4436 2961 4500 Ἣ
3003 4444 3097 4499 τοῦ
3143 4445 3210 4499 R.
3239 4441 3312 4500 Θ.
3334 4480 3410 4492 —.
3438 4442 3512 4498 50

1985 4528 2072 4589 διὰ
2101 4528 2232 4589 libri
2262 4548 2379 4587 om.
2407 4540 2620 4607 praeter
2641 4532 2713 4588 R.
2732 4532 2809 4610 τῷ
2832 4525 2973 4609 γήρα
2995 4531 3163 4586 ταῦτα
3187 4527 3318 4587 Ald.
3345 4563 3409 4579 -
3436 4529 3508 4587 δι

1985 4617 2040 4677 δὲ
2066 4616 2185 4689 ἰξῆν
2212 4618 2307 4693 O„
2331 4617 2432 4695 qui
2457 4616 2633 4681 habet
2664 4619 2735 4675 53
2761 4613 3330 4687 τοιοῦτος-πενήτων.

2065 4708 2203 4783 266,
2228 4708 2261 4766 5
2294 4706 2529 4791 ρυπαίνω
2552 4706 2783 4787 Regium
2810 4702 3025 4785 ῥυπάνω
3051 4708 3210 4763 Junt.
3238 4743 3318 4756 —
3344 4704 3380 4760 8
3397 4715 3456 4760 et
3474 4724 3514 4779 9

1987 4798 2041 4860 δὲ
2066 4819 2181 4858 orn.
2215 4800 2288 4856 R.
2326 4796 2393 4854 V.
2427 4826 2505 4839 -—-
2537 4813 2606 4853 io
2643 4792 2694 4872 γ’
2728 4780 2816 4855 οὖν
2864 4797 2932 4850 V.
2970 4786 3073 4875 γὰρ
3104 4790 3179 4849 G.
3219 4786 3361 4868 λέγει
3408 4788 3511 4871 γὰρ

1983 4890 2053 4951 Θ.
2080 4885 2136 4946 δὲ
2170 4907 2284 4947 om.
2305 4886 2375 4945 R.
2399 4876 2589 4942 Habet
2617 4878 2739 4940 haec
2767 4880 2976 4941 Suidas
3000 4899 3049 4938 s.
3084 4875 3286 4944 Ψωλός
3307 4889 3366 4936 et
3390 4878 3510 4937 Ma-

1983 4981 2174 5047 δῶντα.
2202 5010 2264 5027 -
2299 4994 2358 5033 11
2395 4972 2521 5057 μαδ.
2550 4966 2671 5031 ἀντὶ
2695 4974 2785 5028 τοῦ
2815 4973 2889 5029 R.
2916 5000 3001 5025 --
3028 4976 3097 5045 ι4
3129 4969 3223 5025 τοῦ
3252 4963 3507 5025 δυσωδίαν
