3859 5725
1653 259 1702 318 N
1714 258 1977 322 UBIUM.

226 411 382 465 φασιν
398 393 466 447 V.
481 392 614 472 δρῶν
630 389 850 449 Suidas.
871 390 941 455 ὥς
955 391 1088 470 ὁρῶν
1105 389 1234 447 Ald.
1253 408 1383 466 quae
1396 408 1508 446 om.
1525 393 1662 447 an
1678 394 1745 446 R.

225 479 399 534 literae
411 490 768 534 evanuerunt
781 479 927 534 inter
941 476 1136 557 φησὶει
1152 476 1271 548 ἕνην
1285 478 1504 553 positae.
1522 521 1586 533 ...
1598 485 1671 544 42
1691 474 1748 534 δὲ

225 583 338 620 0111.
358 569 428 621 R.
451 563 531 632 κς’
542 569 609 622 R.
623 563 851 623 suidas,
872 561 1037 640 κγ’Ἷ.
1058 561 1672 640 q‘posuitDindorlius.
1686 609 1748 621 ....

225 659 412 727 43-46
460 679 576 717 0111.
610 658 841 729 Suidas,
887 659 986 735 qui
1022 666 1091 730 47
1134 655 1229 724 τὰς
1243 660 1371 739 γὰρ,
1419 660 1493 725 48
1540 657 1745 739 διῄρουν

224 745 503 819 Ἀθηναῖοι,
535 756 609 824 49
629 749 1056 826 ἀπαριθμοῦντες,
1085 747 1157 804 50
1176 745 1303 826 ἄχρι
1325 751 1418 817 τῆς
1440 745 1523 820 eff,
1553 747 1620 803 51
1648 743 1743 816 τὴν

222 835 280 893 δὲ
312 833 399 894 κα’
432 833 654 915 ὑστέραν
698 832 910 892 δεκάδα.
953 834 1082 891 AJd.
1121 835 1333 895 δεκάδα.
1366 835 1701 893 Dindorfius
1731 855 1744 890 τ

221 943 246 971 ι
264 922 503 998 Corrigo
531 919 753 1002 ὑστέραν
776 918 976 979 εἰκάδα.
1010 922 1101 979 Sic
1128 922 1464 979 vicesimum
1494 922 1742 998 primum

223 1009 432 1066 mensis
476 1009 627 1067 diem
670 1008 865 1065 vocari
908 1007 1073 1079 dicit,
1119 1010 1444 1085 oppositam
1490 1012 1746 1085 cogitans

218 1093 318 1165 τὴν
345 1094 578 1172 μεγάλην
598 1094 800 1169 εἰκάδα,
828 1115 947 1172 quo
979 1096 1212 1153 nomine
1236 1097 1569 1153 vicesimum
1593 1096 1744 1153 diem

219 1202 346 1240 esse
374 1184 727 1260 appellatum
765 1182 1014 1241 traditur
1045 1184 1101 1240 iu
1135 1182 1352 1240 scholio
1380 1185 1677 1260 superiore
1704 1184 1743 1241 1.

224 1276 297 1334 24
321 1281 378 1326 et
401 1270 735 1327 Florentino
772 1269 829 1326 in
859 1269 1226 1327 annotatione
1252 1268 1323 1326 ad
1349 1270 1387 1327 l.
1418 1291 1454 1346 9
1484 1271 1692 1346 posito.
1719 1297 1742 1320 ‚-

218 1401 285 1412 -
311 1356 384 1411 52
417 1354 534 1433 μετ’
567 1354 729 1426 αὐτὴν
767 1355 993 1415 SuidaS.
1038 1353 1171 1433 μετὰ
1209 1355 1402 1427 ταύτην
1430 1357 1562 1415 Ald.
1587 1403 1638 1415 ..
1671 1356 1742 1414 53

217 1463 279 1498 τε
303 1462 414 1499 0111.
446 1442 671 1501 Suidas.

310 1530 492 1600 1136,
534 1529 605 1597 54
654 1527 874 1594 δεκάτας
898 1533 966 1586 V.
1009 1542 1067 1587 et
1092 1529 1296 1588 Suidas
1324 1550 1372 1588 s.
1407 1532 1742 1611 Πρυτανεῖον.

217 1614 439 1681 δεκάδας
463 1620 536 1674 R.
567 1616 698 1674 Ald.
727 1616 896 1673 Cons-
924 1616 1139 1674 Polluc.
1169 1619 1225 1687 8,
1253 1618 1347 1674 38.
1390 1664 1443 1676 ...
1472 1639 1495 1674 1
1519 1617 1747 1677 καταδά-

216 1703 395 1768 λοντες
424 1702 555 1779 (hoc
574 1704 837 1780 accentu)
862 1707 933 1760 G.
960 1701 1347 1771 ἀποὸάλλοντες
1381 1709 1453 1763 R.
1490 1704 1743 1785 πρυτάνε-

217 1810 305 1848 σιν
327 1790 550 1848 Suidas.
580 1791 802 1869 Legeba
811 1803 904 1849 tur
925 1796 1290 1872 πρυτανεῦσιν.
1317 1838 1380 1850 ..
1401 1811 1435 1848 2
1461 1801 1745 1872 πρυτανεῖα

217 1874 276 1933 δὲ
308 1896 423 1935 om.
452 1882 548 1952 V.‚
578 1881 675 1957 qui
700 1875 768 1936 τὰ
793 1883 883 1936 νῦν
911 1880 1035 1937 καλ.
1069 1878 1344 1957 (λεγόμενα
1368 1880 1469 1956 G.)
1489 1925 1551 1937 ..
1573 1878 1742 1961 σπόρ-

213 1963 380 2021 τουλα
418 1966 476 2023 in
507 1966 792 2042 principio
819 1966 1022 2023 scholii
1048 1966 1309 2023 collocat.
1345 1966 1555 2024 «Aliud
1583 1979 1744 2024 erant

216 2050 378 2128 apud
395 2057 685 2111 Romanos
702 2058 992 2128 sportulae,
1022 2064 1080 2111 et
1097 2053 1256 2112 aliud
1279 2060 1565 2133 πρυτανεῖα
1590 2054 1743 2131 apud

215 2138 601 2198 Athenienses
628 2162 643 2198 τ
669 2160 798 2217 quae
822 2141 1062 2218 proinde
1097 2143 1248 2199 male
1282 2140 1609 2199 scholiastes
1651 2141 1745 2200 hic

215 2227 535 2286 confundit.
582 2234 725 2287 Nam
753 2234 1014 2307 sportula.-
1040 2230 1195 2307 apud
1223 2234 1514 2287 Romanos
1532 2229 1745 2305 judici-

215 2314 329 2370 bus
365 2316 645 2373 cedebant
669 2337 683 2373 :
712 2324 998 2397 πρυτανεῖα
1025 2336 1169 2375 vero
1192 2316 1346 2393 apud
1367 2317 1745 2376 Athenienses

215 2400 291 2457 ad
329 2403 527 2459 liscum
567 2403 689 2460 sive
728 2403 989 2460 aerarium
1028 2403 1310 2461 redibant.
1352 2404 1497 2461 vide
1536 2418 1746 2482 praeter

214 2489 364 2545 alios
391 2495 568 2548 llenr.
603 2490 890 2548 valesium
919 2492 980 2547 in
1005 2504 1169 2550 notas
1195 2493 1478 2549 Maussaci
1501 2492 1574 2550 ad
1600 2498 1744 2551 Har-

217 2589 444 2653 pocrat.
476 2597 535 2654 p.
569 2577 681 2634 252
707 2588 766 2635 et
797 2598 900 2634 nos
934 2578 1007 2636 ad
1031 2599 1089 2636 v.
1132 2577 1298 2650 1182,
1329 2576 1428 2636 ubi
1458 2599 1578 2636 rem
1599 2580 1745 2639 hanc

215 2666 429 2723 clarius
471 2666 832 2743 exponimus.
892 2671 1074 2727 Kusw.
1135 2666 1263 2724 Vid.
1302 2666 1623 2726 Casaubon.
1671 2670 1744 2728 ad

214 2752 431 2809 Athen.
460 2755 579 2810 vol.
616 2754 670 2825 3,
701 2774 759 2831 p.
797 2755 910 2831 395
939 2757 1030 2814 ed.
1057 2753 1405 2833 Schweigh„
1435 2755 1747 2817 Schneide-

218 2858 349 2896 rum
394 2838 463 2896 ad
509 2840 781 2917 Xenoph.
836 2846 921 2899 De
969 2843 1193 2920 republ.
1242 2843 1453 2903 Athen.
1504 2866 1561 2922 p.
1616 2866 1743 2918 107,

214 2931 624 2984 Buttmannum
652 2929 710 2985 in
731 2928 1082 2988 Bibliotheca
1106 2931 1304 2989 critica
1333 2951 1462 3007 quaa
1488 2932 1746 2991 Hildesiae

214 3012 525 3084 edebatur,
560 3033 613 3071 a.
662 3016 844 3087 1821,
882 3017 1018 3074 fasc.
1052 3017 1115 3084 5,
1146 3037 1204 3094 p.
1237 3019 1371 3093 394.
1405 3018 1584 3076 Addit
1608 3020 1739 3078 Ald.

215 3100 486 3179 μέμνηται
506 3104 600 3171 τῆς
618 3099 803 3169 λέξεως
825 3103 914 3161 καὶ
937 3103 1234 3185 Ἰσοκράτης
1261 3107 1314 3163 ἓν
1345 3109 1412 3182 τῇ
1438 3105 1566 3186 πρὸς
1589 3109 1744 3166 Καλ-

211 3188 444 3265 λίμαχον
469 3192 809 3269 παραγραφῇ.
834 3188 945 3249 ἔστι
964 3190 1017 3249 δὲ
1038 3191 1126 3249 καὶ
1144 3191 1290 3273 παρὰ
1307 3200 1415 3256 τοῖς
1437 3191 1613 3259 ἄλλοις
1644 3193 1745 3253 Ἀτ-

211 3284 374 3337 τικοῖς
396 3273 462 3333 τὰ
479 3284 782 3355 πρυτανεῖα.
809 3267 871 3348 ἦν
901 3276 956 3334 δὲ
981 3277 1220 3359 ἀργύριόν
1245 3303 1296 3339 τι
1322 3277 1449 3360 ὅπερ
1472 3281 1743 3350 κατετίθε-

215 3384 315 3421 σαν
341 3364 391 3420 οἱ
421 3361 744 3441 δικαζόμενοι
768 3361 1079 3445 ἀμφότεροι,
1107 3365 1196 3423 καὶ
1224 3371 1253 3426 ὁ
1279 3366 1478 3447 φεύγων
1499 3367 1588 3425 καὶ
1615 3371 1643 3426 ὁ
1666 3368 1746 3426 δι-

212 3451 392 3510 ώκων.
422 3449 643 3518 Ἄλλως.
680 3452 845 3527 δίκας,
868 3452 1107 3530 ἐκταγάς·
1147 3448 1421 3538 αὗταιγὰρ
1449 3458 1520 3521 εἷς
1543 3455 1604 3515 τὸ
1625 3479 1749 3538 πρυ-

209 3546 419 3597 τανεῖον
450 3538 750 3617 συνήγοντο.
783 3540 845 3600 τὸ
871 3540 928 3600 δὲ
955 3532 1019 3612 ἦν
1056 3540 1304 3619 δημόσιόν
1335 3566 1388 3600 τι
1416 3546 1747 3625 θησαυροφυ-

210 3625 419 3684 λάκιον.
458 3629 652 3687 Priora
688 3626 951 3706 μέμνηται
969 3673 1031 3687 ...
1053 3633 1081 3687 ὃ
1102 3627 1301 3688 διώκων
1320 3631 1472 3688 illata
1501 3650 1572 3688 ex
1597 3636 1745 3689 Har-

213 3716 551 3790 pocratione
594 3736 641 3773 s.
688 3717 1004 3796 Πρυτανεῖα.
1045 3721 1230 3774 Dum.
1259 3720 1583 3776 Posteriora
1603 3718 1748 3784 δίκας

214 3848 276 3859 ..
325 3805 446 3873 θησ.
494 3816 626 3860 sunt
661 3805 723 3861 in
763 3805 944 3880 Regio
973 3801 1189 3861 codice.

307 3911 328 3946 1
347 3898 473 3965 142,
497 3900 529 3959 4
551 3892 722 3970 ὀλίγον
747 3883 902 3962 ἧττον
924 3915 1014 3973 φρ.
1042 3897 1114 3951 R.
1132 3897 1202 3951 V.
1227 3938 1289 3949 ...
1313 3893 1350 3950 6
1370 3891 1642 3975 δςπεριεγ.
1668 3900 1740 3952 V.

215 4009 224 4016 ·
305 3998 328 4034 1
347 3986 449 4050 147
475 3983 751 4059 θαυμαστῇ
773 3985 932 4038 Juut.

304 4086 327 4122 1
347 4065 474 4136 150,
503 4068 576 4122 26
600 4065 969 4144 ἀποστερήσεις
991 4071 1063 4124 R.

304 4153 484 4223 1154,
514 4157 587 4211 28
609 4153 697 4212 καὶ
728 4153 950 4212 addidit
976 4154 1240 4212 Dindorf.
1273 4200 1336 4212 ..
1367 4155 1436 4224 37
1470 4152 1559 4212 καὶ
1594 4157 1741 4214 ἀντι-

207 4237 452 4297 σπάστου
476 4243 860 4298 Hermannus.
884 4243 1290 4300 ἀντισπαστικοῧ
1309 4241 1441 4299 Ald.
1470 4286 1535 4301 ...
1562 4243 1633 4308 43
1660 4243 1740 4300 le-

205 4325 460 4401 gebatur
477 4329 553 4404 τῷ
577 4323 680 4395 ις’,
714 4327 872 4403 quod
904 4328 1104 4385 salsum
1132 4341 1237 4384 est.
1274 4327 1621 4386 scholiastes
1653 4328 1738 4384 vi-

206 4413 385 4470 detur
415 4414 614 4491 legisse
638 4426 703 4471 ut
733 4433 839 4472 nos
859 4414 1287 4472 emendavimus
1306 4456 1324 4485 ,
1364 4412 1514 4471 ἄπιθί
1545 4437 1628 4472 σοι
1646 4416 1745 4472 λα-

205 4499 347 4559 ὅών.
373 4504 563 4576 Atque
587 4501 668 4558 ita
686 4499 807 4558 haec
828 4501 1000 4560 verba
1021 4501 1220 4560 eodem
1241 4515 1426 4560 metro
1446 4515 1598 4575 sunt,
1626 4521 1745 4578 quo

208 4589 334 4654 illa,
365 4585 446 4644 ἄϊε
476 4591 570 4644 σοῦ
593 4587 809 4668 πατρός,
829 4589 888 4646 in
911 4587 1120 4665 quibus
1143 4588 1471 4646 scholiastes
1501 4589 1744 4664 primam

205 4676 272 4733 in
309 4671 395 4731 ἄϊε
427 4673 728 4749 corripuit.
773 4679 965 4732 Hzau.
1003 4675 1257 4732 Fallitur.
1290 4680 1356 4732 ln
1385 4675 1566 4751 Regio
1603 4677 1746 4732 scri-

207 4777 384 4839 ptum
423 4760 572 4818 ἅπιθῖ
599 4759 663 4818 σὺ
690 4760 897 4835 λαὸών,
942 4763 1297 4840 respondens
1341 4763 1631 4821 sedecimo
1669 4761 1744 4821 ὅδ’

203 4851 412 4916 ἰκεῖνος
452 4846 613 4929 ἀνήρ,
649 4869 781 4906 cum
829 4850 935 4907 hac
970 4849 1352 4926 explicatione
1393 4872 1407 4906 z
1451 4848 1514 4907 τὸ
1557 4848 1656 4931 γὰρ
1695 4853 1745 4908 θι

205 4932 369 5005 κοινή
397 4936 510 4993 ἐστι
537 4934 800 5008 συλλαὸὴ,
832 4939 902 5001 ὡς
924 4937 1083 5012 λῆγον
1109 4938 1178 5001 εἰς
1208 4933 1363 5017 μέρος
1387 4934 1564 5010 λόγου.
1583 4940 1747 5016 χρῶν-

204 5044 307 5080 ται
327 5018 383 5080 δὲ
395 5029 507 5088 ταῖς
526 5020 788 5089 τοιαύταις
808 5032 1003 5089 κοιναῖς
1021 5023 1309 5090 συλλαὸαῖς
1324 5027 1372 5082 οἱ
1397 5022 1746 5104 ἰαμὸογράιροι

3243 281 3355 333 445

1834 389 1889 446 ἐν
1918 388 2093 467 μόνοις
2132 392 2463 458 δακτυλικοῖς
2494 393 2583 452 καὶ
2620 398 3011 463 ἀναπαιστικοῖς
3030 397 3258 477 στίχοις,
3301 401 3355 456 ἐν

1836 475 2096 553 ἰαμὸικοῖς
2137 477 2192 535 δὲ
2231 479 2487 556 οὐδαμῶς.
2519 525 2581 537 .-
2609 491 2680 549 44
2717 491 2880 543 ταῦτα
2910 486 2970 542 ε’κ
2997 491 3088 543 τοῦ
3132 485 3356 557 Πηλέως

1835 563 2158 643 Σοφοκλέους
2176 570 2273 637 V„
2300 568 2400 643 qui
2421 569 2596 643 45-49
2616 569 3012 650 ἐπιφέρει-βοάν
3033 574 3266 631 omittit.
3293 616 3354 625 .-

1836 654 1909 718 46
1927 651 1963 722 ἤ
1982 675 2059 717 τις
2083 657 2462 712 Hermannus.
2492 656 3014 728 80111101131111·ἥτις.
3044 662 3097 717 ἐν
3130 681 3247 718 0111.
3274 666 3347 718 R.

1832 780 1893 791 -
1921 742 1996 806 48
2024 739 2158 817 τᾶρα
2184 745 2564 800 Hermannus.
2601 741 2702 824 γὰρ
2726 744 2829 825 ἄρα
2846 745 2976 803 Ald.
2999 791 3061 803 ...
3089 746 3161 806 50
3188 745 3353 826 ὓπέρ-

1832 847 1980 884 τονον
2009 824 2064 885 δὲ
2087 847 2205 885 om.
2231 834 2301 885 V.

1920 934 1942 968 1
1959 914 2070 971 156
2098 917 2488 974 victorianum
2510 918 2769 976 scholion
2793 920 3028 977 Thomae
3047 925 3125 977 Μ.
3154 919 3356 978 tribui-

1836 1012 1927 1057 tur
1960 1003 2115 1080 apud
2148 1005 2508 1081 Ducangium
2544 1006 2735 1064 Gloss.
2766 1027 2811 1063 s.
2846 1005 3164 1087 Κεφάλαιον.

1922 1108 1944 1143 1
1962 1090 2069 1145 160
2093 1088 2236 1170 παρὰ
2261 1089 2326 1148 τὰ
2354 1090 2607 1171 εἰρημένα
2628 1092 2719 1151 ὑπ’
2738 1096 2922 1166 αὐτοῦ,
2954 1086 3010 1152 εὖ
3030 1117 3120 1170 μοι
3142 1095 3355 1170 στομώ-

1832 1195 1937 1240 σεις
1973 1175 2151 1234 αὐτόν.
2189 1177 2293 1236 ἀπὸ
2332 1177 2526 1244 εὐθείας
2553 1183 2644 1250 τῆς
2670 1179 2915 1259 ἀμφήκης
2946 1187 3015 1238 V.
3045 1226 3108 1239 ...
3135 1184 3171 1239 6
3201 1183 3349 1240 ἀκολ.

1830 1260 1892 1319 τὸ
1914 1267 1986 1320 R.
2019 1308 2082 1320 ....
2112 1285 2142 1335 7
2176 1265 2331 1323 αὐτὸν
2354 1264 2441 1323 ἐπὶ
2475 1263 2570 1343 μὲν
2604 1267 2793 1346 Θάτερα
2825 1265 2936 1326 οἵαν
2965 1268 3199 1337 δικιδίοις
3226 1270 3349 1327 Ald.

1921 1370 1945 1406 1
1960 1351 2061 1408 161
2086 1357 2158 1408 V.
2185 1350 2245 1411 τὸ
2264 1351 2319 1411 δὲ
2336 1352 2590 1433 πρόὸολος
2611 1376 2799 1435 προστ.

1919 1456 1941 1491 1
1959 1439 2088 1511 163,
2112 1440 2178 1494 13
2205 1441 2569 1520 προενεγκτέον
2593 1448 2661 1498 V.
2689 1441 3056 1520 προσενεκτέον
3085 1448 3155 1501 R.
3185 1466 3345 1524 προσ·

1831 1522 2097 1599 ενεγκτέον
2124 1525 2254 1582 Ald.
2285 1568 2341 1578 -
2370 1528 2438 1583 16
2464 1525 2596 1593 Ζεὺς
2616 1527 2797 1586 νόστον
2827 1527 2946 1606 ἄγοι
2967 1530 3055 1588 τὸν
3074 1530 3278 1588 Suidas
3303 1552 3349 1588 s.

1831 1608 2115 1676 Λυσανίας.
2134 1614 2237 1670 Ζεῦ
2251 1610 2429 1678 ἄνοτος
2444 1611 2622 1691 ἄγοιτο
2634 1615 2767 1673 Ald.
2790 1618 2853 1664 -ἰ
2875 1637 2896 1672 1
2910 1638 2940 1687 7
2958 1616 3077 1674 κατ’
3096 1616 3355 1698 Ἀτρειδᾶν

1831 1698 2138 1757 Bentleius.
2185 1699 2509 1777 Legebatur
2545 1701 2636 1759 καὶ
2676 1701 2958 1784 Ἀτρείδαιν.
2996 1708 3359 1763 Hermannus

1830 1783 1916 1843 τὸν
1944 1784 2028 1843 'At
2064 1830 2077 1844 .

1923 1808 2089 1945 1175),
2116 1893 2189 1930 22
2223 1873 2301 1932 ἰοὺ
2335 1873 2412 1933 ἰοὺ
2446 1877 2513 1935 R.
2548 1877 2612 1933 ἰῶ
2637 1875 2727 1934 καὶ
2753 1876 2811 1935 τὸ
2836 1879 2914 1935 ἶοῧ
2941 1878 3159 1937 Harlei.
3185 1880 3237 1936 5.
3266 1879 3356 1938 καὶ

1811 1957 1890 2028 ,τὸ
1920 1958 1982 2016 ἰὼ
2019 1961 2109 2018 καὶ
2153 1960 2214 2017 τὸ
2252 1964 2332 2020 ἰοῦ
2372 1963 2592 2020 ἐνταῦθα
2626 1960 2713 2022 ἐπὶ
2745 1984 2798 2040 χ.
2830 1964 3181 2042 λαμὸάνεται·
3213 1965 3274 2024 τὸ
3303 1966 3357 2025 δὲ

1832 2047 1910 2104 ἰοῦ
1930 2044 2017 2104 ἐπὶ
2046 2070 2102 2126 χ.
2125 2045 2515 2125 λαμὸανόμενον
2539 2072 2753 2130 περισπ.
2786 2055 2926 2128 neg.
2952 2085 3027 2096 —
3054 2056 3125 2111 23
3157 2056 3203 2112 εἷ
3229 2053 3359 2136 πρὸς

1832 2131 2164 2212 ἀναφώνησιν
2198 2139 2266 2192 R.

1917 2243 1939 2278 1
1957 2243 1977 2278 1
1992 2242 2022 2293 7
2038 2242 2058 2278 1
2088 2220 2185 2287 Ὧς
2204 2242 2317 2279 0111.
2345 2228 2410 2280 V.
2435 2221 2774 2302 ὠχριάσαντα
2797 2227 2863 2280 V.

1917 2328 2066 2380 1172
2096 2309 2193 2381 εἰς,
2215 2306 2280 2366 ἵν’
2309 2298 2345 2387 ᾖ
2374 2329 2492 2368 0111.
2521 2314 2607 2368 Β,

1919 2403 2090 2468 1174,
2119 2398 2295 2466 30-37
2325 2394 2538 2455 εἰώθασι
2567 2429 2639 2441 -
2668 2393 2840 2474 λε’γειν
2863 2394 2916 2455 τί
2946 2396 3114 2474 λέγεις
3136 2397 3234 2473 σύ,
3262 2422 3357 2458 κα-

1829 2474 2093 2551 ταπλῆξαι
2112 2480 2293 2549 αὐτοὺς
2317 2480 2635 2561 βουλόμενοι.
2663 2481 2888 2564 ἀκριὸῶς
2906 2483 3065 2544 πάνυ.
3090 2486 3359 2556 πλεονάζει

1830 2576 1900 2628 R.
1928 2569 1988 2628 τὸ
2011 2573 2158 2649 παρὰ
2189 2570 2285 2642 τὴν
2309 2569 2581 2642 συνήθειαν
2611 2603 2692 2614 -
2718 2568 2886 2648 λέγειν
2909 2570 2992 2643 τί,
3029 2574 3359 2645 καταπλῆξαι

1833 2656 2015 2728 αὐτοὺς
2051 2660 2370 2742 βουλόμενοι.
2397 2658 2458 2722 τὸ
2480 2657 2537 2722 δὲ
2558 2660 2788 2741 ἀτεχνῶς
2810 2657 2928 2719 ἀντὶ
2954 2664 3044 2718 τοῦ
3062 2661 3191 2741 ἄγαν
3215 2654 3358 2745 ἀκρί-

1832 2749 1938 2816 ὅῶς
1966 2751 2122 2809 πάνυ.
2153 2751 2214 2809 τὸ
2242 2750 2295 2809 δὲ
2323 2753 2530 2809 ἐπανθεῖ
2558 2748 2671 2808 ἀντὶ
2698 2754 2790 2807 τοῦ
2818 2749 3107 2819 πλεονάζει,
3137 2751 3358 2830 ἀκμάζει

1832 2843 1900 2897 V.
1919 2882 1982 2892 -
2002 2839 2075 2896 32
2090 2837 2151 2898 τὸ
2168 2836 2312 2920 παρὰ
2326 2836 2421 2909 τὴν
2443 2839 2715 2909 συνήθειαν
2743 2835 2879 2896 κάνὰ
2903 2845 3057 2919 χεῖρα
3081 2838 3282 2898 Suidas
3309 2859 3354 2900 S.

1833 2925 1906 2985 Τί
1925 2924 2093 3005 λέγεις
2122 2925 2204 2997 σύ,
2226 2927 2439 2983 omisso
2459 2927 2737 3006 ἐχρήσατο.

1918 3033 1942 3069 1
1960 3018 2088 3088 176,
2121 3016 2193 3072 38
2217 3010 2503 3092 κακοῦργον
2526 3014 2725 3071 Suidas
2750 3013 2783 3070 l.
2812 3033 2862 3071 c.
2890 3025 2948 3070 et
2970 3032 3013 3070 s.
3049 3011 3266 3078 Βλέπος.
3294 3013 3356 3072 τὸ

1833 3120 1947 3158 om.
1970 3105 2041 3158 R.
2072 3105 2140 3157 V.
2164 3141 2240 3151 —
2265 3104 2338 3174 39
2363 3103 2410 3157 οἱ
2437 3097 2536 3180 γὰρ
2571 3099 2670 3158 Ἀθ.
2697 3098 3065 3157 διαὸάλλονται
3091 3097 3177 3156 ἐπὶ
3205 3101 3356 3158 ἀναι-

1833 3187 1947 3267 δείᾳ
1985 3195 2053 3245 V.
2093 3188 2260 3266 Apud
2284 3187 2516 3246 Suidam
2545 3189 2612 3265 (s.
2651 3185 2875 3261 Βλέπος)
2907 3189 2954 3243 οἱ
2986 3184 3086 3265 γὰρ
3126 3185 3197 3244 Ἀ.
3232 3189 3274 3245 ἕ.
3304 3190 3353 3246 ἀ.

1833 3275 2181 3334 διεὸάλλοντο.
2224 3316 2305 3327 -
2337 3286 2410 3342 40
2446 3273 2507 3332 τὸ
2544 3272 2601 3333 δὲ
2638 3306 2717 3318 ·—
2749 3271 2934 3340 λέξεως
2966 3274 3023 3329 in
3054 3272 3274 3331 scholio
3303 3295 3354 3334 v.

1841 3386 1991 3441 1179
2026 3375 2157 3443 post
2180 3360 2582 3441 ὁμολογουμένῳ
2610 3359 2785 3418 habet
2807 3365 2875 3415 V.
2899 3358 3078 3416 Addit
3099 3359 3221 3417 Ald.
3240 3360 3357 3426 τοὺς

1835 3451 1929 3530 μὲν
1956 3451 2056 3530 γὰρ
2084 3448 2341 3515 Ἀττικοὺς
2391 3451 2477 3508 ἐπὶ
2520 3446 2761 3527 ἀναιδείᾳ
2805 3446 3112 3520 διέὸαλλον,
3159 3447 3275 3516 τοὺς
3300 3448 3355 3507 δὲ

1834 3541 2125 3613 Ἀθηναίους
2150 3539 2235 3597 ἐπὶ
2265 3537 2501 3617 ἀναιδείᾳ
2531 3535 2622 3595 καὶ
2665 3539 2743 3615 τῷ
2775 3535 2982 3604 ἱκανοὺς
3010 3528 3143 3595 εἶναι
3166 3537 3355 3616 λέγειν.

1831 3624 2007 3701 Apud
2025 3625 2259 3684 Suidam
2285 3629 2352 3702 (s.
2384 3624 2457 3682 Ἰ“ί
2482 3621 2649 3702 λέγεις
2673 3621 2756 3700 σύ)
2791 3623 2906 3689 τοὺς
2935 3623 3036 3703 γὰρ
3064 3625 3356 3699 Ἀθηναίους

1832 3713 1920 3771 ἐπὶ
1952 3714 2190 3791 ἀναιδείᾳ
2216 3711 2304 3769 καὶ
2336 3714 2413 3790 τῷ
2447 3708 2752 3793 δραστικοὺς
2777 3702 2909 3769 εἶναι
2932 3711 3220 3772 διέὸαλλον.

1917 3820 2100 3881 1179,
2145 3808 2214 3868 44
2255 3811 2383 3875 post
2415 3795 2817 3878 δμολογουμένῳ
2854 3797 3012 3855 addit
3048 3803 3110 3858 V.
3144 3800 3206 3858 τὸ
3241 3797 3296 3857 δὲ
3318 3822 3358 3878 χ

1830 3886 1959 3967 πρὸς
2012 3888 2093 3945 τὸν
2147 3885 2517 3964 σχηματισμὸν
2564 3889 2656 3955 τῆς
2682 3884 2866 3952 λέξεως
2915 3887 3009 3962 (ex
3057 3888 3356 3964 superiore

1832 3975 2073 4049 scholio)
2098 3971 2217 4043 ἕνην
2243 3995 2303 4031 τε
2335 3970 2424 4029 καὶ
2447 3969 2587 4028 νέαν.
2630 4005 2709 4017 -
2744 3972 2953 4039 45-50
2978 3973 3104 4030 ΑΙά.
3135 3972 3242 4030 δύο.
3272 3970 3352 4030 ὅτι

1831 4067 1890 4122 οὔ
1920 4060 2138 4121 δυνατὸν
2165 4057 2257 4124 τὰς
2292 4058 2383 4117 δύο
2411 4058 2611 4139 ἡμέρας
2648 4058 2771 4134 μίαν
2823 4059 3084 4137 γενέσθαι·
3117 4061 3206 4118 καὶ
3244 4061 3353 4118 δεί-

1831 4173 2007 4209 κνυσιν
2038 4146 2119 4207 ὅτι
2145 4149 2203 4205 οὐ
2224 4150 2316 4215 τῆς
2340 4155 2461 4222 μιᾶς
2489 4144 2688 4226 ἡμέρας
2710 4145 2819 4205 ἐστὶ
2838 4144 2901 4204 τὰ
2928 4144 3160 4224 ὀνόματα
3177 4190 3193 4219 ,
3218 4146 3353 4204 ἀλλὰ

1829 4239 1890 4297 τὸ
1919 4239 2014 4316 μὲν
2039 4242 2133 4306 τῆς
2153 4233 2202 4293 λ’
2233 4235 2344 4307 ἕνη,
2368 4233 2429 4293 τὸ
2448 4232 2503 4292 δὲ
2519 4237 2614 4304 τῆς
2631 4233 2909 4310 νουμηνίας
2930 4238 2965 4305 ἡ
2989 4232 3100 4292 νέα.
3130 4229 3347 4301 Ἄλλως.

1829 4329 2004 4392 παίζει
2025 4325 2246 4381 ἐνταῦθα
2271 4324 2475 4403 ἐρωτῶν
2494 4364 2512 4392 ,
2534 4319 2624 4391 ἕνη
2644 4319 2746 4401 γάρ
2764 4323 2876 4378 ἐστι
2901 4319 2990 4377 καὶ
3013 4318 3105 4377 νέα
3132 4342 3206 4386 τις
3225 4319 3355 4398 ἡμέ-

1834 4433 1932 4486 ρας
1964 4409 2140 4492 ὥσπερ
2179 4409 2267 4467 καὶ
2296 4412 2368 4475 εἷς
2394 4406 2452 4467 τὸ
2482 4405 2826 4488 ἀλεκτρύαινα
2855 4407 2946 4464 καὶ
2977 4407 3287 4487 ἀλεκτρυών.
3314 4413 3350 4481 ἡ

1832 4496 1963 4571 αὐτὴ
1996 4498 2097 4578 γάρ
2120 4500 2259 4556 ἐστιν
2284 4494 2374 4567 ἕνη
2404 4495 2492 4555 καὶ
2514 4496 2627 4554 νία.
2661 4499 2697 4568 ἡ
2717 4494 2817 4575 γὰρ
2850 4498 2941 4553 τοῦ
2975 4494 3133 4570 μηνὸς
3166 4493 3349 4576 πρώτη

1831 4587 1969 4669 ἀρχή
1991 4584 2047 4644 τὲ
2075 4586 2187 4644 ἐστι
2215 4588 2318 4642 τῶν
2339 4582 2619 4642 ἐπιλοίπων
2638 4581 2726 4640 καὶ
2741 4581 2853 4639 νέα.
2880 4583 2940 4639 ἐκ
2956 4580 3149 4651 ταύτης
3165 4580 3268 4661 γὰρ
3284 4578 3351 4638 τὰ

1830 4679 1925 4744 τῆς
1952 4672 2171 4743 σελήνης
2199 4679 2361 4751 χωρεῖ
2388 4668 2515 4752 πρὸς
2541 4668 2754 4741 αὔξησιν
2772 4693 2786 4706 ·
2814 4680 2872 4726 et
2897 4668 2967 4726 ad
2999 4689 3052 4725 ν.
3084 4689 3104 4724 1
3127 4667 3251 4745 189,
3278 4671 3350 4737 εἰς

1832 4760 1907 4819 δύ’
1926 4758 2124 4839 ἡμέρας
2146 4782 2159 4816 z
2189 4761 2412 4839 ἐγχειρεῖ
2427 4756 2595 4834 λέγειν
2618 4756 2698 4814 ὅτι
2714 4757 2807 4815 οὐκ
2825 4754 2936 4815 ἔστι
2955 4754 3051 4833 μία
3068 4755 3240 4838 ἡμέρα
3258 4757 3348 4828 ἕνη

1832 4850 1921 4906 καὶ
1946 4846 2058 4921 νέα,
2089 4845 2204 4903 ἀλλ’
2231 4844 2312 4903 ὅτι
2341 4844 2459 4904 δύο·
2486 4843 2577 4917 ἕνη
2600 4842 2698 4922 μὲν
2725 4841 2846 4918 ἡλ’,
2878 4841 2969 4902 νέα
3003 4843 3057 4903 δὲ
3084 4848 3120 4916 ἡ
3145 4857 3351 4922 νουμη-

1832 4934 1935 4993 νία.
1975 4932 2064 4997 τὰς
2101 4923 2190 4991 οὖν
2209 4932 2417 5002 κλήσεις
2444 4935 2550 4990 τῶν
2582 4932 2738 4989 δικῶν
2766 4935 2832 5011 τῇ
2859 4932 2907 4990 λ’
2935 4931 3062 5012 φασὶ
3091 4930 3346 5010 γενέσθαι,

1833 5022 1972 5088 ὅπως
2000 5026 2027 5078 ὃ
2046 5018 2252 5091 κληθεὶς
2269 5021 2339 5085 εἷς
2363 5019 2458 5091 τὴν
2486 5018 2632 5092 δίκην
2664 5019 2761 5100 ἔχῃ
2777 5019 2874 5092 τὴν
2892 5019 3203 5100 τριακοστὴν
3216 5021 3348 5091 ὅλην
