3859 5725
1495 247 1897 309 SCHOLIA
1948 249 2038 309 IN
2090 249 2414 311 PAGEM.

3449 273 3563 327 2⁰8

334 389 590 455 ἀδουλίαν
613 386 710 461 τὴν
738 387 939 446 ἑαυτῶν
964 386 1061 456 τῆς
1085 385 1192 442 τῶν
1220 385 1349 443 θεῶν
1379 384 1438 442 οὗ
1478 381 1742 442 συνίενται
1766 404 1904 467 προ-
1999 381 2302 464 βασιλικοὺς
2326 382 2662 461 ὀνομάζουσι.
2706 386 2890 446 κώδων
2920 388 2977 448 δὲ
3006 381 3170 465 εἶπεν,
3200 391 3283 452 ὅτι
3308 392 3468 456 λάλον
3504 395 3566 458 τὸ

331 479 493 546 νοίας.

418 586 542 631 10⁶⁶·
585 567 872 645 χαροποῖσι
897 579 913 620 :
942 559 1220 641 Φοόεροῖς.
1247 555 1490 629 πιθήκοις
1512 556 1569 617 δὲ
1594 565 1706 626 τοῖς
1732 560 1908 619 Λακε-

334 650 639 731 δαιμονίοις.
745 645 861 707 ἀντὶ
887 651 979 706 τοῦ
1007 646 1171 705 εἰπεῖν
1201 643 1426 705 λέουσιν.

276 767 306 807 ο
420 761 537 801 1000.
583 736 728 797 αἰὸοῖ
761 735 906 794 αἰδοῖ
939 754 955 794 :
994 732 1418 816 Παρεπιγραφή·
1451 730 1772 801 ἀκούσαντες
1803 731 1907 813 γὰρ

332 834 428 890 τοῦ
472 815 722 909 χρησμοῦ
765 822 1045 904 ἐγέλασαν.
1086 821 1314 903 γέλωτος
1352 819 1456 903 γάρ
1498 823 1611 881 ἐστι
1653 826 1809 881 τοῦτο
1846 819 1908 880 τὸ

381 917 399 977 ί
443 941 478 989 η
526 939 580 977 α.

335 943 379 999 μ
401 941 542 1065 μίοιίζ.
586 999 678 1061 καὶ
713 998 904 1081 κέπφοι
940 1020 956 1059 :
991 997 1192 1072 Εύηθες
1219 1001 1349 1080 ζῷον
1387 1000 1417 1056 6
1448 994 1672 1078 κέπφος,
1711 988 1771 1056 οὗ
1812 993 1908 1072 μέ-

336 1115 534 1172 μνηται
557 1088 650 1149 καὶ
677 1088 972 1168 Νίκανδρος
995 1094 1239 1159 [Alexiph.
1273 1092 1370 1158 170]
1399 1085 1491 1144 καὶ
1525 1080 1748 1165 Ἄρατος
1774 1083 1908 1163 [184]

254 1200 310 1242 10
337 1180 583 1262 περὶτῶν
610 1178 896 1253 διοσημιῶν
926 1170 1322 1252 διαλεγόμενος,
1349 1172 1443 1232 καὶ
1471 1171 1826 1251 Καλλίμαχος
1854 1174 1908 1231 ἐν

336 1269 444 1335 τοῖς
470 1264 680 1344 ἷάμόοις
700 1264 784 1343 [fr.
806 1263 901 1341 81].
928 1265 988 1321 ἐκ
1011 1260 1067 1321 δὲ
1094 1264 1188 1333 τῆς
1210 1259 1479 1333 Θαλάσσης
1504 1264 1596 1331 ζ’ἧν
1622 1258 1778 1318 αὐτὸν
1817 1257 1910 1317 λέ-

337 1379 542 1435 γουσιν,
580 1352 818 1413 ἐσθίοντα
846 1351 935 1409 τὸν
962 1347 1147 1431 ἀφρόν.
1172 1340 1305 1408 εἶναι
1335 1346 1390 1408 δὲ
1421 1347 1578 1408 αὐτὸν
1610 1345 1775 1406 πολὺν
1812 1345 1908 1426 μὲν

339 1444 396 1502 ἐν
423 1445 531 1508 τοῖς
564 1441 799 1520 πτεροῖς,
832 1436 1007 1515 ὀλίγον
1043 1435 1099 1494 δὲ
1134 1439 1189 1495 ἐν
1217 1435 1325 1504 τοῖς
1350 1433 1567 1517 κρέασι,
1599 1433 1690 1494 καὶ
1715 1457 1912 1516 κεκρα-

337 1529 487 1610 γίναι
510 1526 788 1587 ὠδίνοντα·
815 1522 930 1584 ὅθεν
957 1524 1197 1602 γενέσθαι
1223 1522 1320 1595 τὴν
1343 1522 1635 1605 παροιμίαν
1660 1549 1688 1575 ιι
1713 1520 1912 1602 κέπφος

259 1634 313 1673 15
340 1616 541 1689 ὢδίνει,
569 1641 595 1666 ν
624 1613 712 1673 ἐπὶ
732 1615 836 1671 τῶν
864 1609 1332 1691 ἐπαγγελλομένων
1356 1607 1450 1690 μὲν
1481 1609 1719 1690 μεγάλα,
1745 1606 1911 1688 μηδὲν

342 1705 400 1765 δὲ
421 1703 561 1773 ἄξιον
584 1706 679 1774 τῆς
701 1699 1019 1780 ἐπαγγελίας
1039 1697 1350 1759 ποιούντων.

421 1791 685 1874 τρήρωνες
724 1809 739 1849 :
771 1791 889 1850 Οὔκ
925 1786 1016 1846 ἐπὶ
1043 1793 1135 1846 τοῦ
1183 1784 1412 1870 κέπφου,
1438 1783 1578 1844 ἀλλὰ
1613 1788 1734 1845 καθ’
1766 1784 1910 1848 αὑτό.

341 1879 533 1961 κέπφοι
560 1875 664 1959 γὰρ
695 1879 743 1935 οἱ
767 1881 951 1956 κοῦφοι
975 1875 1108 1954 [ἀπὸ
1137 1878 1242 1934 τῶν
1270 1872 1507 1956 ὀρνέων],
1532 1870 1648 1933 ὅθεν
1671 1871 1763 1934 καὶ
1793 1871 1915 1942 τοὺς

344 1965 598 2050 ἐλαφροὺς
617 1969 735 2031 ταῖς
757 1963 910 2046 φρεσὶ
935 1964 1165 2044 κέπφους
1187 1964 1472 2040 καλοῦμεν.

260 2079 317 2121 20
426 2077 547 2115 1008.
590 2043 663 2112 ὧν
708 2051 877 2111 δόλιαι
921 2050 1091 2133 ψυχαὶ
1130 2071 1144 2111 2
1177 2049 1281 2109 Ἀεὶ
1307 2049 1426 2118 τοὺς
1459 2045 1908 2126 Λακεδαιμονίους

343 2146 415 2212 εἷς
453 2149 606 2203 τοῦτο
651 2141 1013 2221 κωμῳδοῦσιν.
1042 2136 1135 2197 καὶ
1179 2137 1466 2219 Εὐριπίδης
1505 2136 1766 2217 [Androm.
1811 2135 1916 2215 4⁴7]

345 2260 372 2285 ι
402 2230 656 2312 Σπάρτης
680 2227 897 2301 ἔνοικοι,
918 2225 1066 2285 δόλια
1094 2224 1461 2306 βουλευτήρια.
1489 2251 1514 2278 2»

427 2339 548 2380 1009.
592 2316 779 2398 θερμὸς
818 2319 848 2374 6
892 2316 1144 2392 πλευμῶν
1192 2335 1207 2374 :
1253 2311 1611 2390 Κεκαυμένος.
1661 2308 1915 2378 ἐσθίοντες

342 2407 447 2489 γὰρ
473 2406 542 2465 τὰ
571 2404 852 2483 σπλάγχνα
877 2400 1045 2484 θερμὰ
1072 2401 1198 2461 ὄντα
1214 2446 1233 2479 ,
1256 2399 1409 2460 τοῦτό
1438 2423 1567 2482 φασι
1594 2397 1723 2482 πρὸς
1745 2398 1912 2481 Ἱερο-

262 2516 320 2556 25
345 2494 498 2556 κλέα.
520 2494 766 2559 Ἀττικῶς
789 2490 844 2551 δὲ
864 2490 948 2549 διὰ
969 2496 1060 2549 τοῦ
1085 2492 1118 2550 λ
1143 2492 1172 2548 6
1198 2486 1472 2566 πλεύμων.

429 2602 550 2642 1070.
593 2578 798 2662 νύμφαι
850 2599 866 2640 2
911 2581 982 2638 Αἱ
1029 2577 1204 2660 ἔφοροι
1247 2580 1344 2648 τῆς
1386 2578 1647 2653 μαντικῆς
1687 2572 1912 2659 νύμφαι.

347 2670 484 2733 οὕτω
506 2669 561 2729 δὲ
591 2659 753 2741 εἶπεν,
777 2665 905 2726 ὡσεὶ
929 2665 1104 2745 ἔλεγεν
1131 2664 1486 2734 ἐξεπαίδευον.

434 2778 554 2820 1071.
601 2755 763 2823 Βάκις
803 2775 818 2815 :
868 2755 1250 2836 Χρησμολόγος
1296 2756 1326 2812 6
1370 2752 1552 2819 Βάκις.
1597 2750 1820 2819 Βάκιδες
1862 2748 1916 2810 δὲ

348 2848 517 2930 τρεῖς,
557 2836 631 2905 ὗν
661 2842 1024 2926 πρεσὸύτατος
1064 2840 1117 2911 ἐξ
1159 2841 1416 2909 Ἐλεῶνος
1450 2844 1544 2915 τῆς
1577 2838 1860 2913 Βοιωτίας,
1888 2843 1917 2899 6

269 2953 327 2995 ³⁰
352 2935 409 2997 δὲ
449 2933 685 3016 δεύτερος
724 2932 979 3005 Ἀττικὸς,
1003 2931 1175 3015 τρίτος
1220 2929 1277 2990 δὲ
1311 2935 1341 2990 6
1386 2928 1571 3011 Ἀρκὰς
1616 2932 1676 2988 ἐκ
1717 2929 1918 2996 πόλεως

351 3026 604 3106 Καφύης,
631 3022 686 3090 ὃς
707 3020 799 3081 καὶ
826 3020 1006 3087 Κύδας
1033 3021 1269 3079 ἐκαλεῖτο
1300 3018 1392 3079 καὶ
1421 3017 1667 3089 Ἀλήτης,
1695 3014 1765 3084 ὥς
1790 3038 1918 3097 φησι

353 3115 601 3184 Φιλητᾶς
636 3114 664 3169 6
687 3108 949 3191 Ἐφέσιος.
986 3106 1308 3185 Θεόπομπος
1332 3105 1388 3166 δὲ
1410 3107 1464 3165 ἐν
1501 3109 1567 3184 τῇ
1592 3105 1637 3163 θ’
1672 3107 1775 3163 τῶν
1804 3104 1916 3163 Φι-

350 3204 617 3262 λιππικῶν
641 3198 778 3258 ἄλλα
799 3221 856 3256 τε
877 3196 1053 3254 πολλὰ
1071 3195 1194 3276 περὶ
1216 3194 1399 3254 τούτου
1420 3199 1514 3254 τοῦ
1537 3191 1762 3259 Βάκιδος
1781 3194 1918 3251 ἱστο-

355 3290 435 3374 ρεῖ
457 3284 759 3368 παράδοξα,
790 3283 881 3343 καὶ
919 3283 1000 3342 ὅτι
1039 3279 1170 3342 ποτὲ
1206 3286 1310 3341 τῶν
1352 3278 1787 3358 Λακεδαιμονίων
1824 3276 1919 3346 τὰς

274 3398 329 3439 ⁸5
347 3383 604 3457 γυναῖκας
632 3370 884 3451 μανείσας
911 3369 1182 3452 ἐκάθηρεν,
1210 3367 1536 3435 ’Λπόλλωνος
1560 3365 1761 3433 τούτοις
1791 3371 1920 3425 τοῦ-

354 3487 444 3523 τον
474 3458 740 3544 καθαρτὴν
767 3456 957 3526 δόντος.
983 3456 1099 3516 ἔστι
1128 3455 1184 3516 δὲ
1209 3455 1301 3516 καὶ
1324 3454 1559 3515 ἐπίθετον
1589 3453 1919 3537 Πεισιστρά-

353 3574 467 3612 του.

443 3658 566 3699 1072.
615 3633 846 3715 βακίζων
873 3653 892 3693 t
930 3634 999 3693 Εἰ
1027 3630 1103 3710 μὴ
1129 3628 1364 3715 παύσαιο
1391 3627 1724 3709 μεμνημένος
1749 3626 1920 3688 Βάκι-

357 3728 471 3799 δος,
502 3723 726 3790 Βάκιδος
752 3719 1114 3800 μνημονεύων.

278 3831 334 3876 εο
441 3832 565 3874 1074.
621 3818 730 3877 τοῖς
782 3808 906 3868 ἇλσί
946 3832 1008 3886 γε
1055 3827 1071 3868 2
1114 3804 1400 3878 Ἔπίτηδες
1447 3801 1788 3885 ἀποκεκοφὼς
1834 3802 1923 3862 τὸν

357 3900 511 3980 λόγον
547 3896 709 3977 λέγει.
755 3895 886 3979 φησὶ
928 3894 983 3955 δὲ
1025 3893 1095 3954 τὰ
1138 3892 1268 3975 κρέα
1307 3897 1503 3975 χρῆναι
1535 3891 1788 3973 πρότερον
1818 3892 1926 3959 τοῖς

360 3987 485 4048 ἇλσὶ
506 3990 774 4057 πασθῆναι
793 3982 863 4043 τὰ
890 3980 1204 4055 ὀπτηθέντα.

441 4096 563 4137 1070.
607 4072 848 4151 ὑμεναιοῖ
875 4091 891 4132 :
918 4074 1013 4138 Εἰς
1033 4069 1234 4149 γάμους
1262 4068 1461 4146 ἄγοιτο.
1488 4067 1549 4128 τὸ
1577 4065 1833 4127 ἀδύνατον
1867 4067 1924 4126 δὲ

361 4155 477 4226 εἷπε
500 4159 649 4242 παρὰ
676 4159 738 4220 τὸ
762 4189 787 4214 α
811 4163 884 4227 ὡς
905 4162 1001 4218 οὐκ
1024 4157 1136 4217 ἔστι
1160 4157 1336 4216 λέουσι
1367 4155 1459 4215 καὶ
1487 4154 1738 4236 ἀνδράσιν
1769 4155 1923 4236 ὅρκια

280 4264 339 4306 45
366 4281 392 4307 ι
412 4249 609 4329 πιστὰ,
653 4246 774 4308 οὖδὶ
819 4247 971 4306 λύκοι
1010 4268 1070 4305 τε
1095 4244 1188 4305 καὶ
1231 4245 1413 4325 ἄνδρες
1450 4243 1717 4326 ὁμόφρονα
1762 4240 1923 4321 θυμὸν

363 4369 392 4396 α
479 4361 642 4400 wow-
672 4364 698 4390 ὓ

414 4339 566 4488 ιζὀπ.
608 4428 680 4492 ὣς
705 4428 744 4495 ἡ
771 4419 1033 4504 σφονδύλη
1059 4440 1075 4481 :
1100 4419 1274 4502 Σίλφη
1301 4418 1381 4487 τίς
1403 4421 1546 4478 ἐστιν
1568 4422 1604 4491 ἡ
1629 4416 1889 4501 σφονδύλη
1905 4461 1924 4492 ,

368 4515 560 4598 βδίλλῃ
586 4508 913 4594 προσομοία,
942 4507 1179 4582 δυσώδης
1218 4507 1395 4574 ὄντως.
1430 4506 1652 4586 ἄρχεται
1681 4506 1738 4564 δὲ
1767 4508 1924 4565 ‹282oe-

365 4603 527 4676 νόητα
564 4599 736 4679 λέγειν
776 4596 900 4666 τοὺς
935 4595 1285 4679 χρησμῳδοὺς
1328 4593 1650 4673 μιμούμενος
1689 4594 1781 4654 καὶ
1820 4597 1925 4653 τῶν

288 4715 342 4757 ω
365 4694 634 4774 χρησμῶν-
652 4688 719 4747 τὰ
748 4685 894 4755 λοξά.

450 4800 572 4840 1078.
615 4780 689 4857 χή
710 4772 892 4835 κώδων
916 4793 932 4834 :
949 4771 1113 4853 Παρὰ
1131 4771 1192 4831 τὸ
1213 4769 1620 4850 κραυγαστικὸν,
1644 4767 1680 4841 ἢ
1700 4767 1843 4829 κύων
1863 4767 1925 4829 τὸ

369 4872 516 4950 ζῷον.
544 4864 657 4924 ἔστι
685 4862 740 4922 δὲ
767 4858 1074 4932 ἀδιανόητον
1103 4858 1194 4920 καὶ
1233 4864 1402 4919 τοῦτο.
1427 4855 1575 4940 παρὰ
1612 4855 1709 4928 τὴν
1732 4879 1928 4939 παροι-

374 4955 501 5034 μίαν
529 4981 555 5007 u
581 4957 616 5024 ἡ
654 4950 793 5011 κύων
819 4948 1118 5009 σπεύδουσα
1149 4946 1322 5030 τυφλὰ
1352 4945 1533 5005 τίκτει.
1563 4973 1586 4998 υ
1622 4943 1683 5004 τὸ
1710 4943 1766 5004 δὲ
1789 4948 1929 5004 ἀκα-

370 5040 549 5110 λανθὶς
573 5039 657 5124 ὑφ’
685 5037 755 5098 ἔν.
781 5036 896 5104 ἔστι
919 5035 976 5100 δὲ
1018 5035 1301 5104 ἀκαλανθὶς
1334 5024 1465 5102 εἶδος
1492 5031 1671 5117 ὀρνέου
1685 5076 1703 5106 ,
1727 5032 1762 5091 ἃ
1791 5032 1929 5102 τινὲς

1967 5047 1975 5063 ·
2019 5031 2187 5111 em„
2205 5036 2273 5112 τῇ
2299 5029 2671 5114 χρησμολόγῳ·

1993 473 2146 550 ζῷον.
2177 475 2347 529 ταῦτα
2372 470 2429 531 δὲ
2464 470 2640 531 πάντα
2682 473 2928 549 ἐπίτηδες
2954 478 3277 552 ἀδιανοήτως
3317 480 3565 565 ἔφρασεν,

1993 554 2056 615 τὸ
2082 557 2281 638 ἀσαφὲς
2317 560 2423 617 τῶν
2464 563 2725 638 χρησμῶν
2772 562 3126 642 μιμούμενος,
3155 567 3272 627 ἐπεὶ
3315 570 3408 630 καὶ
3434 573 3565 654 παρ’

1994 642 2227 725 ἱστορίαν
2256 643 2508 725 λελέχθαι
2537 646 2706 706 δοκεῖ·
2736 647 2881 708 οὐδὲν
2915 649 3020 733 γὰρ
3052 657 3157 713 τῶν
3200 653 3344 737 ζῴων
3379 656 3460 719 ὅτι
3488 659 3564 738 μὴ

1995 731 2135 791 κύων
2165 731 2347 810 μόνον,
2373 732 2672 793 σπεύδουσα
2703 732 2799 804 τὰς
2825 738 3046 814 ὠδῖνας,
3066 739 3186 809 τοὺς
3210 742 3369 812 κύνας
3400 745 3563 806 τίκτει
3590 771 3617 810 5

1995 819 2235 903 τυφλούς.

2089 908 2375 978 ἀκαλανθὶς
2406 929 2421 970 :
2452 909 2666 988 Ὀνομα
2696 910 2847 980 κυνὸς
2876 912 3171 992 ἐπισήμου,
3202 920 3251 977 οῖ
3279 918 3335 977 δὲ
3362 919 3562 1001 ὀρνέου.

1997 997 2027 1054 6
2048 993 2105 1055 δὲ
2126 1002 2245 1065 νοῦς
2266 1002 2523 1072 τοιοῦτος,
2545 1001 2619 1066 ὥς
2641 1004 2872 1082 φυσικῶς
2901 1004 3293 1085 ἀπαράλλακτα
3324 1005 3393 1066 τὰ
3420 1010 3567 1090 εἰρη-

1999 1084 2132 1162 μένα
2146 1129 2165 1163 ,
2192 1083 2355 1153 οὕτως
2374 1085 2750 1167 ἀμετάτρεπτα
2771 1086 2841 1148 τὰ
2860 1088 3143 1168 λεγόμενα.
3167 1091 3274 1167 διὸ,
3294 1094 3454 1174 φησὶ,
3470 1093 3568 1166 τὴν

1998 1171 2206 1255 εἰρήνην
2234 1174 2328 1233 οὒκ
2357 1173 2462 1232 ἔδει
2486 1173 2744 1252 γενέσθαι.
3599 1207 3648 1246 1⁰

2081 1280 2205 1322 1001.
2248 1259 2286 1333 ἢ
2316 1261 2689 1324 διακαυνιάσαι
2721 1260 2839 1325 1Ἦ
2870 1265 3335 1347 διακληρώσασθαι
3360 1269 3571 1353 πότεροι

1999 1346 2053 1418 ἐξ
2077 1352 2231 1427 ἡμῶν
2258 1348 2438 1410 τέλεον
2468 1350 2939 1433 διαφθαρήσονται.
2967 1359 3158 1413 καῦνον
3187 1355 3292 1439 γὰρ
3315 1356 3407 1416 τὸν
3433 1361 3571 1432 κλῆ-

2000 1435 2088 1517 ρόν
2106 1459 2255 1518 φασι.
2279 1437 2373 1497 καὶ
2395 1440 2449 1496 ἐν
2474 1439 2653 1507 ἄλλοις
2679 1447 2759 1513 [fr.
2783 1448 2883 1513 5⁴³]
2905 1467 2931 1494 α
2950 1440 3109 1509 πόσος
3123 1441 3228 1502 ἔσθ’
3250 1448 3279 1502 6
3305 1452 3522 1521 καῦνος;
3542 1475 3570 1500 ν

1997 1524 2059 1583 τὸ
2086 1524 2143 1584 δὲ
2169 1524 2451 1604 λεγόμενον
2489 1526 2724 1588 τοιοῦτόν
2761 1530 2931 1588 ἐστιν·
2958 1531 3053 1588 οὔκ
3074 1532 3239 1612 ἐχρῆν
3266 1536 3434 1611 ἡμᾶς,
3462 1557 3572 1616 φη-

2000 1611 2103 1686 σὶν,
2128 1618 2535 1674 κατατεθεῖσθαι
2556 1614 2646 1674 τὸν
2677 1613 2913 1695 πόλεμον
2940 1616 3059 1676 οὐδὲ
3089 1620 3396 1694 ἐσπεῖσθαι,
3431 1622 3571 1682 ἀλλὰ
3602 1655 3650 1694 15

1999 1710 2315 1783 προσμεῖναι
2363 1701 2461 1771 ἕως
2514 1703 2580 1763 ἂν
2621 1696 2695 1773 εἷς
2754 1704 2807 1774 ἐξ
2858 1710 3013 1784 ἡμῶν
3060 1706 3228 1789 ἄρδην
3283 1709 3568 1782 ἀπόληται.

1999 1787 2218 1857 Ἄλλως.
2248 1790 2561 1866 καυνιάσαι,
2587 1795 2947 1873 κληρωθῆναι.
2988 1799 3181 1854 καῦνον
3220 1795 3323 1877 γὰρ
3363 1798 3571 1877 λέγουσι

1999 1877 2088 1936 τὸν
2113 1881 2329 1959 κλῆρον.
2374 1883 2403 1938 6
2431 1878 2489 1939 δὲ
2526 1885 2673 1953 νοῦς,
2702 1880 2810 1941 ἔδει
2837 1885 2985 1959 ἡμᾶς
3025 1881 3102 1960 μὴ
3152 1883 3363 1966 εἰρήνην
3407 1885 3570 1965 ἄγειν,

2003 1964 2142 2025 ἀλλὰ
2180 1967 2518 2048 κληρωθῆναι
2559 1969 2647 2026 ἐπὶ
2674 1970 2755 2051 τῷ
2792 1972 2993 2048 γνῶναι
3029 1969 3167 2038 τίνες
3191 1976 3343 2048 ἡμῶν
3379 1975 3574 2033 δυστυ-
3728 2028 3733 2031 .

2001 2053 2227 2132 χήσουσι
2250 2054 2341 2114 καὶ
2363 2058 2470 2113 τῶν
2490 2054 2780 2132 πολεμίων.
2804 2056 2896 2115 καὶ
2910 2059 3172 2138 Κρατῖνος
3192 2060 3393 2141 Πυτίνῃ
3419 2089 3443 2114 σι
3465 2061 3573 2122 ἀπὸ
3599 2089 3654 2129 m

2002 2137 2258 2222 προτέρου
2299 2139 2390 2199 τὸν
2432 2147 2624 2201 καῦνον
2671 2141 2999 2225 ἅριθμήσεις.
3043 2172 3072 2197 ²·
3191 2144 3410 2215 Ἄλλως.
3456 2149 3574 2209 ἀντὶ

2001 2233 2094 2286 τοῦ
2118 2230 2472 2307 κληρωθῆναι.
2499 2233 2570 2297 ὥς
2594 2234 2701 2289 τῶν
2730 2231 2974 2291 Καυνίων
3001 2231 3236 2311 μάλιστα
3263 2235 3570 2316 χρωμένων,

2003 2318 2073 2382 ὣς
2097 2314 2188 2375 καὶ
2219 2315 2505 2397 σιφνιάζειν
2529 2316 2620 2375 καὶ
2647 2316 2965 2388 λεσὸιάζειν.
3125 2386 3131 2393 .

2095 2423 2217 2463 1082.
2259 2407 2408 2484 κοινῇ
2430 2409 2526 2476 τῆς
2549 2403 2809 2472 Ἑλλάδος
2834 2424 2850 2466 :
2880 2404 2977 2474 Ἐξ
3000 2408 3168 2488 ἀρχῆς
3193 2405 3297 2489 γὰρ
3325 2410 3373 2468 οἱ
3405 2413 3577 2471 Λακε·

2004 2489 2264 2568 δαιμόνιοι
2288 2494 2385 2562 τῆς
2409 2496 2506 2571 γῆς
2524 2491 2799 2573 ἐκράτουν,
2824 2496 2874 2553 οἱ
2898 2491 2955 2554 δὲ
2982 2493 3243 2568 Ἀθηναῖοι
3263 2500 3357 2568 τῆς
3384 2497 3574 2558 θαλάσ-
3600 2525 3654 2564 25

2006 2601 2118 2652 σης.
3530 2636 3541 2647 .

2090 2686 2211 2727 1003.
2254 2665 2315 2725 οὔ
2359 2689 2487 2726 ποτε
2528 2666 2765 2739 ποιήσεις
2806 2667 2901 2729 τὸν
2943 2669 3190 2751 καρκίνον
3230 2689 3246 2731 :
3275 2670 3418 2733 Οὔτε
3457 2672 3576 2743 τοὺς

2004 2753 2452 2832 Λακεδαιμονίους
2479 2756 2719 2828 δηλονότι
2741 2755 2869 2838 ὀρθὰ
2893 2757 2987 2816 καὶ
3011 2758 3159 2818 ἁπλᾶ
3185 2768 3410 2840 φρονεῖν.

2090 2864 2210 2904 1004.
2255 2840 2444 2903 οὔποτε
2473 2841 2768 2917 δειπνήσεις
2798 2863 2813 2904 :
2841 2841 2974 2906 ‘'O-tt
3003 2845 3095 2905 καὶ
3127 2848 3175 2906 οἱ
3215 2847 3574 2929 χρησμολόγοι

2007 2935 2249 3012 μετεῖχον
2290 2934 2385 3002 τῆς
2430 2933 2487 2989 ἐν
2523 2930 2821 3014 πρυτανείῳ
2869 2931 3121 3004 σιτήσεως
3110 2978 3152 3046 Ἰ,
3184 2934 3339 3005 δῆλον
3383 2938 3444 2994 ἐκ
3480 2943 3573 2995 τοῦ
3599 2949 3654 2991 30

2006 3017 2338 3096 Λάμπωνος,
2362 3017 2416 3084 ὃς
2441 3016 2627 3078 τούτου
2653 3017 2865 3091 ἠξίωτο.
2896 3019 3053 3101 φησὶν
3081 3043 3194 3098 ουν,
3221 3020 3394 3081 οὐκέτι
3424 3022 3573 3082 ἔσται

2005 3105 2251 3183 πόλεμος.
2283 3103 2473 3164 τούτου
2498 3103 2602 3185 γὰρ
2633 3103 2713 3183 μὴ
2741 3105 2887 3172 ὄντος
2915 3105 3063 3165 οὐδὲν
3099 3106 3396 3186 ἰλάμὸανεν
3423 3100 3573 3177 οὗτος

2008 3196 2068 3253 ἐκ
2091 3198 2185 3253 τοῦ
2210 3191 2482 3271 δημοσίου·
2514 3192 2604 3252 ἐπὶ
2624 3191 2727 3274 γὰρ
2751 3197 2844 3252 τοῦ
2871 3191 3105 3271 πολέμου
3127 3193 3283 3277 χρεία
3305 3200 3409 3256 τῶν
3439 3196 3575 3275 μάν-

2006 3303 2157 3341 τεων.

2091 3388 2210 3428 1006.
2250 3366 2338 3427 ἐπὶ
2385 3370 2462 3448 τῷ
2504 3364 2795 3449 πραχθέντι

2009 3454 2234 3537 εἰρήνην.

2032 3575 2043 3599 ·.
2092 3563 2213 3604 100⁶.
2255 3540 2350 3601 τὸν
2377 3540 2579 3625 τραχὺν
2615 3543 2787 3622 ἐχῖνον
2829 3563 2845 3604 t
2881 3539 3024 3604 Οὔδὲ
3055 3546 3204 3622 ὑμεῖς
3234 3544 3410 3626 φιλίαν
3445 3544 3577 3628 πρὸς

2009 3628 2473 3707 Λακεδαιμονίους.
2594 3626 2815 3697 Ἄλλως.
2846 3629 3108 3690 κάλλιστα
3142 3630 3370 3711 πάμπαν
3398 3633 3460 3692 τὸ
3495 3635 3575 3691 εἷ-

2012 3715 2236 3799 ρημένον
2276 3718 2347 3784 εἷς
2386 3714 2448 3775 τὸ
2488 3717 2660 3776 αὐτῶν
2699 3715 2987 3797 μετήνεγκε
3025 3717 3326 3799 πρόσωπον.
3370 3722 3575 3794 οὐκοῦν,

2010 3804 2186 3886 φησὶν,
2216 3802 2332 3863 οὔτε
2354 3807 2498 3882 ἡμᾶς
2520 3803 2725 3871 πείσαις
2748 3803 2811 3863 ἄν
2837 3827 2967 3863 ποτε
2992 3806 3306 3884 μεταδοῦναί
3334 3805 3417 3866 σοί
3438 3829 3573 3875 τινος
3597 3826 3654 3869 ⁴0

2011 3891 2118 3951 οὔτ’
2152 3892 2339 3964 ἠπίους
2377 3915 2459 3951 σοι
2491 3890 2788 3971 γεγονέναι,
2827 3891 3009 3975 ὥσπερ
3050 3896 3144 3954 οὐκ
3184 3892 3249 3953 ἄν
3273 3917 3408 3955 ποτε
3441 3896 3577 3963 λεῖος

2012 3983 2041 4039 6
2070 3978 2269 4062 τραχὺς
2294 3980 2462 4059 ἐχῖνος
2483 3978 2701 4058 γίνοιτο.

2095 4089 2215 4128 1000.
2278 4067 2348 4136 ὣς
2389 4070 2440 4127 οἱ
2485 4065 2581 4145 μὲν
2629 4086 2644 4128 2
2691 4067 2934 4136 Ἀστείως
2973 4067 3115 4128 πάνυ
3163 4067 3459 4152 παρίπλεξε
3504 4066 3576 4129 τὰ

2033 4158 2083 4216 Ο
2128 4154 2163 4228 ή
2228 4180 2275 4215 υ.

2086 4178 2226 4305 τοῦς.)
2261 4240 2525 4324 ἱδρύσανθ’
2552 4239 2727 4324 ἱερείῳ
2756 4260 2775 4303 ε
2804 4244 2887 4304 Οὔ
2928 4242 3175 4324 χύτραις,
3197 4243 3271 4316 ὥς
3305 4241 3415 4301 ἄνω
3452 4240 3574 4302 ἔλε-
3597 4263 3652 4306 εε

2048 4353 2124 4392 ον.
2152 4361 2171 4378 0
2235 4363 2241 4368 .
2270 4347 2309 4370 ἢ*

2012 4355 2047 4411 γ
2095 4437 2218 4480 10113.
2261 4416 2377 4477 ὁδὸν
2403 4415 2718 4496 ἡγεμόνευον
2742 4436 2758 4478 2
2790 4418 2903 4491 Τῆς
2929 4415 3107 4484 θυσίας
3128 4413 3388 4496 ἠρξάμην.

2097 4526 2220 4567 1004.
2262 4504 2483 4567 κώθωνα
2512 4526 2527 4565 :
2566 4510 2677 4568 Νῦν
2706 4504 2769 4564 τὸ
2793 4504 3060 4587 ποτήριον,
3088 4505 3323 4582 ἀλλαχοῦ
3356 4502 3414 4562 δὲ
3439 4502 3573 4564 κάν-υ

2014 4600 2190 4676 θαρον.
2216 4593 2303 4658 διὰ
2337 4592 2394 4653 δὲ
2418 4592 2480 4651 τὸ
2505 4596 2807 4675 ἠπορῆσθαι
2839 4591 2930 4651 τὸν
2969 4591 3155 4670 μάντιν
3185 4592 3243 4652 ἐκ
3269 4595 3362 4663 τῆς
3393 4589 3576 4660 θυσίας

2016 4683 2172 4741 αὐτὸν
2198 4680 2361 4763 μηδὲν
2388 4679 2581 4752 ταύτης
2608 4681 2994 4761 ἀποκερδῆσαι,
3019 4677 3159 4739 ἀλλὰ
3187 4675 3322 4756 μηδὲ
3349 4679 3575 4751 σπονδῆς
3599 4693 3660 4738 ω

2017 4770 2328 4848 μετασχεῖν,
2353 4773 2505 4827 τοῦτο
2533 4766 2730 4836 ἔπαιξε.
2757 4766 2977 4827 κώθωνα
3001 4765 3058 4824 δὲ
3083 4763 3227 4843 λέγει
3251 4765 3340 4824 τὸν
3363 4769 3456 4824 νῦν
3484 4767 3573 4830 λε-

2014 4856 2233 4936 γόμενον
2260 4854 2468 4914 κύαθον.

2099 4964 2221 5005 1006.
2267 4942 2507 5003 Σίὸυλλα
2554 4963 2569 5002 t
2611 4942 2695 5003 Οὗ
2731 4939 2834 5021 γὰρ
2874 4940 3047 5000 κεῖται
3084 4944 3256 4999 ταῦτα
3290 4938 3437 5018 παρὰ
3475 4941 3572 4999 22-

2794 5026 3014 5095 Ἄλλως.
3038 5027 3105 5087 τὰ
3128 5026 3231 5099 ἶπη
3254 5025 3383 5108 φησὶ
3405 5030 3573 5088 ταῦτα

2840 3386 2857 3428 2
2901 3366 3034 3428 Ἐπὶ
3073 3371 3151 3450 τῷ
3190 3367 3433 3448 γενέσθαι
3476 3368 3573 3444 τὴν
3599 3395 3654 3437 ³5
