3859 5725
376 200 492 253 ⁴⁴2

375 322 491 400 Ἐρ.
531 319 699 402 Φρύν.
724 324 792 377 V.
814 360 873 372 ...-
893 326 965 386 44
1007 314 1353 396 περσέπτολιν
1400 320 1468 375 R.
1493 319 1559 373 V.
1583 312 1895 395 περσέπολιν

372 408 562 467 Suidae
608 406 791 465 codex
841 406 1019 464 Paris.
1076 411 1120 459 Α
1173 422 1218 466 s.
1245 400 1571 483 Τηλέπορον,
1597 400 1699 460 ubi
1723 400 1899 458 verba

375 495 634 556 Παλλάδα
648 492 959 574 περσέπολιν
984 490 1199 551 Ἀθάναν
1222 491 1505 566 leguntur,
1519 490 1618 547 sed
1643 488 1900 548 Παλλάδα

373 582 536 640 abest
564 603 596 639 a
616 581 782 639 codd.
810 579 984 639 Paris.
1010 591 1067 637 et
1083 578 1242 635 Leid.
1265 575 1461 650 κληίζω
1485 582 1639 638 R.V.
1664 578 1898 653 πολεμο-

373 669 520 730 δόκον
541 676 611 731 V.
635 670 795 749 ἁγνὴν
817 675 886 728 G.
913 705 977 719 -
1005 671 1078 736 45
1102 666 1440 747 δαμάσιππον
1463 688 1577 726 om.
1606 672 1673 726 R.
1689 673 1755 725 V.
1779 664 1897 723 Ad-

372 758 490 816 didi
542 779 612 815 ex
664 757 883 816 scholio
928 755 1159 814 Aldino.
1214 754 1565 831 δαμνηπῶλον
1613 766 1700 812 est
1741 752 1897 830 apud

372 846 730 904 scholiastam
768 844 1031 903 Aristidis
1058 843 1172 900 vol.
1204 843 1273 915 3,
1311 862 1368 920 p.
1402 842 1549 915 538,
1588 839 1898 919 δαμόπωλον

348 930 528 1012 'apud
563 937 826 991 Tzetzam
861 933 1005 990 nist.
1041 951 1091 1001 1,
1135 932 1267 987 683.
1310 929 1494 987 Iidem
1525 930 1691 986 finem
1727 929 1899 1004 hujus

374 1038 572 1078 versus
597 1020 947 1096 initiumque
971 1021 1264 1095 sequentis
1301 1016 1521 1075 addunt
1548 1017 1724 1074 ἄϊστον
1759 1036 1898 1097 παρ-

371 1104 531 1165 θένον.
559 1110 898 1184 Suspectum
924 1117 1114 1162 tamen
1140 1116 1227 1162 est
1252 1101 1431 1161 ἄϊστον
1454 1121 1633 1181 quum
1659 1115 1899 1180 propter

370 1212 431 1251 se
464 1194 654 1271 ipsum
696 1205 815 1250 tum
861 1204 1102 1270 propter
1144 1191 1311 1249 unius
1345 1190 1558 1267 dactyli
1591 1190 1896 1248 desectum.

372 1284 639 1339 Ceterum
690 1280 1015 1357 Lamprocli
1071 1299 1143 1334 an
1195 1278 1528 1335 stesichoro
1587 1277 1647 1335 hi
1697 1297 1897 1335 versus

372 1367 660 1426 tribuendi
703 1369 817 1425 sint
854 1369 912 1424 in
939 1365 1127 1424 medio
1151 1366 1426 1442 relinquit
1448 1363 1752 1423 scholiasta
1777 1367 1900 1423 Ari-

369 1454 550 1528 stidis,
578 1454 971 1514 Stesichorum
1000 1452 1357 1510 confidenter
1386 1453 1643 1509 nominat
1669 1457 1898 1521 Tzetza,

369 1541 471 1618 qui
502 1562 607 1599 sua
645 1532 730 1599 ex'
757 1541 1064 1599 scholiasta
1103 1540 1370 1597 Aristidis
1412 1540 1679 1618 sumpsit.
1716 1543 1898 1598 Dum.

368 1670 430 1681 .-
469 1630 542 1697 46
587 1626 623 1700 ἢ
649 1628 766 1700 τηλ.
800 1633 869 1687 R.
902 1625 1081 1706 βόημα
1103 1631 1169 1684 V.
1209 1661 1273 1675 -·
1314 1636 1385 1699 47
1419 1623 1548 1684 πότε
1579 1628 1720 1684 ἑστιν
1743 1630 1814 1684 V.
1837 1668 1901 1680 -

373 1717 447 1784 48
478 1719 729 1798 ἀριστοφοι
752 1720 825 1774 R.
867 1714 1237 1795 ἀριστοφάνους
1267 1719 1332 1781 V.
1367 1720 1774 1792 Fragmentum
1800 1736 1900 1772 co-

370 1804 516 1862 dicis
556 1804 699 1863 dicit
742 1806 801 1862 in
842 1802 1194 1861 bibliotheca
1228 1802 1616 1860 Alexandrina
1654 1800 1728 1859 ab
1772 1803 1901 1859 Ari-

368 1892 652 1967 stophane
692 1891 1065 1967 grammatico
1121 1901 1428 1966 repertum.
1473 1930 1536 1941 -
1578 1897 1654 1965 49
1704 1887 1900 1948 Κυδίου

371 1978 777 2054 Bernhardyus
802 1978 953 2055 apud
980 1983 1309 2035 Buttmann.
1333 1976 1406 2034 ad
1430 1978 1653 2035 Platon.
1680 1978 1899 2054 Dialog.

368 2065 457 2122 ed.
491 2085 658 2123 novae
695 2062 991 2123 Heindorf.
1035 2066 1146 2122 vol.
1188 2058 1238 2135 1,’
1267 2085 1321 2143 p.
1355 2066 1449 2138 67.
1483 2063 1711 2124 Κυδίδου
1739 2070 1807 2125 R.
1836 2069 1897 2122 V.

369 2189 428 2201 -
453 2154 485 2210 3
503 2152 797 2230 legebatur
821 2151 1162 2233 περσέπτολιν
1190 2149 1361 2224 δεινὴν
1395 2151 1506 2211 θεὸν
1536 2151 1899 2231 ἐγρεκύδοιμον

366 2238 705 2310 ποτικληίζω.
725 2238 910 2297 Verba
937 2236 1108 2309 δεινὴν
1137 2237 1249 2296 θεὸν
1278 2238 1643 2319 ἐγρεκύδοιμον
1674 2259 1897 2297 merno-

368 2325 465 2382 riae
488 2345 686 2383 errore
712 2326 945 2384 aliunde
966 2338 1099 2383 sunt
1120 2325 1294 2383 illata.
1321 2324 1513 2399 δεινὴν,
1534 2324 1901 2405 ἐγρεκύδοιμον

366 2412 683 2471 Minervam
714 2426 886 2470 vocat
910 2413 1140 2471 Hesiod.
1170 2412 1385 2489 Theog.
1416 2415 1551 2489 925.
1581 2413 1761 2471 Verbi
1792 2434 1901 2471 au-

368 2510 483 2556 tem
518 2498 819 2579 ποτικλῄζω
859 2500 1090 2576 syllabae
1125 2520 1248 2558 ποτι
1290 2512 1428 2558 ortae
1469 2511 1604 2558 sunt
1643 2519 1714 2557 ex
1752 2520 1902 2578 prae-

366 2587 593 2644 cedenti
658 2586 989 2667 περσέπολιν.
1047 2588 1458 2665 Aristophanes
1509 2600 1701 2646 autem
1744 2587 1901 2665 quod

367 2672 627 2733 Παλλάδα
641 2674 952 2754 περσέπολιν
970 2672 1139 2733 δεινὰν
1156 2677 1403 2754 scripsit,
1422 2672 1613 2747 δεινὰν,
1629 2676 1901 2733 usitatum

365 2761 508 2819 illud
542 2763 787 2820 Palladis
815 2764 1142 2841 epitheton,
1173 2783 1370 2821 versus
1402 2763 1673 2841 explendi
1701 2782 1903 2822 caussa

365 2848 593 2926 adjecit.
640 2851 856 2909 Omisit
896 2852 996 2928 qui
1044 2850 1200 2909 hunc
1249 2852 1436 2911 locum
1486 2852 1746 2911 imitatur
1790 2852 1901 2912 Dio

364 2940 564 3015 ChryS.
610 2940 724 2997 vol.
779 2960 830 3010 1,
873 2959 931 3017 p.
973 2949 1128 3011 427:
1172 2940 1262 2999 καὶ
1302 2946 1391 2999 νῦν
1434 2941 1519 2999 ἐπὶ
1552 2940 1764 3008 ταύταις
1788 2949 1902 3009 ταῖς

364 3023 567 3083 ἐλπίσιν
597 3029 785 3085 οἰκεῖτε
812 3025 909 3098 τὴν
942 3025 1097 3085 πόλιν
1123 3026 1211 3086 καὶ
1247 3025 1367 3094 τοὺς
1388 3026 1529 3095 υἱέας
1557 3029 1902 3111 παρασκευά-

364 3114 503 3182 ζετε,
526 3114 598 3180 ὥς
616 3113 858 3180 δυνατοὺς
873 3113 1148 3192 ἐσομένους
1164 3119 1393 3195 χρῆσθαι
1412 3123 1520 3184 τοῖς
1543 3140 1600 3176 τε
1622 3119 1791 3175 αὐτῶν
1812 3117 1900 3176 καὶ

362 3212 470 3272 τοῖς
502 3204 771 3282 δημοσίοις
795 3204 1133 3287 πράγμασιν,
1166 3203 1289 3263 ὅταν
1323 3208 1516 3275 ἱκανῶς
1548 3208 1902 3290 καθαρίσωσιν

363 3291 396 3364 ἢ
433 3293 686 3352 Παλλάδα
715 3292 1064 3375 περσέπολιν,
1110 3292 1146 3365 ἢ
1179 3298 1256 3374 τῷ
1290 3295 1412 3353 ποδὶ
1478 3298 1611 3372 βῶσι
1647 3295 1776 3377 πρὸς
1805 3295 1900 3369 τὴν

361 3377 544 3458 λύραν,
579 3380 678 3439 ubi
727 3381 984 3441 Παλλάδα
1010 3379 1360 3464 περσέπτολιν
1402 3380 1623 3452 Ἀθηνᾶν
1672 3384 1900 3460 legitur,

364 3467 584 3540 Ἀθηνᾶν
619 3469 695 3527 ab
725 3471 1043 3547 interprete
1082 3471 1274 3544 illato,
1299 3482 1361 3528 ut
1391 3471 1452 3527 in
1483 3472 1611 3529 loco
1642 3472 1831 3530 Suidae
1858 3493 1900 3531 s.

361 3553 689 3636 Τηλέπορον.
728 3560 943 3615 Contra
979 3556 1053 3615 de
1083 3555 1280 3614 verbis
1315 3554 1604 3637 τηλέπορόν
1636 3580 1689 3616 τι
1725 3557 1901 3637 βόαμα

361 3640 545 3722 λύρας,
582 3643 992 3719 Aristophanes
1032 3645 1228 3703 omisit
1255 3644 1690 3701 incommodum
1719 3658 1901 3705 metro

366 3730 708 3787 vocabulum
747 3728 906 3810 λύρας
944 3736 1120 3789 Dum.
1163 3768 1224 3780 —
1259 3735 1293 3787 6
1332 3729 1556 3790 Κυδίδου
1583 3731 1899 3808 legebatur.

442 3819 559 3893 969
591 3817 718 3875 Ald.
749 3815 1043 3898 κάμψειενε
1089 3819 1201 3877 ἀντὶ
1239 3823 1332 3878 τοῦ
1380 3820 1426 3876 εἰ
1465 3817 1897 3891 κακοηθεύσοιτο·

361 3902 694 3985 κεκλασμένῃ
741 3910 808 3985 τῇ
852 3911 998 3987 φωνῇ
1039 3904 1135 3979 τὴν
1184 3905 1323 3987 ᾠδὴν
1374 3906 1701 3985 ἀνενέγκοιτο
1725 3953 1742 3983 ,
1791 3900 1897 3970 οἷον

360 3992 725 4074 καταισχύνων
751 3998 826 4075 τῷ
852 3998 1109 4076 μαλθακῷ
1134 4000 1234 4066 τῆς
1260 3998 1452 4076 φωνῆς.
1475 4038 1535 4048 -
1561 4019 1581 4054 1
1597 3999 1629 4055 3
1656 3995 1902 4078 προενέγ-

361 4107 504 4143 κοιτο
526 4083 731 4142 Suidas
751 4104 794 4140 s.
815 4082 1308 4162 Βωμολοχεύσαιτο.
1333 4082 1735 4164 προσενέγκοιτο
1755 4091 1819 4144 R.
1833 4090 1897 4144 V.

441 4193 579 4246 971,
629 4172 695 4229 16
740 4171 1104 4230 scribebatur
1142 4172 1336 4231 Μιτυλ.
1371 4177 1442 4230 V.
1495 4174 1896 4245 Μιτυλληναῖος.

364 4302 420 4311 -
456 4282 518 4331 17
563 4260 708 4340 παρὰ
753 4258 1136 4331 Παναθηναίοις
1163 4265 1229 4318 V.
1280 4258 1622 4331 Παναθήναια
1668 4262 1798 4320 Ald.
1841 4275 1900 4320 et

360 4345 566 4405 Suidas
597 4366 642 4403 s.
681 4347 903 4425 Φρῦνις.
938 4388 1002 4398 -
1039 4348 1113 4403 30
1143 4347 1267 4405 fieri
1298 4358 1488 4424 potest
1519 4360 1582 4404 ut
1611 4368 1680 4406 ex
1721 4348 1899 4407 Suida

363 4434 619 4492 intulerit
671 4438 961 4492 Musurus.
1017 4439 1202 4492 Dum.
1270 4477 1333 4487 -
1390 4444 1463 4504 24
1511 4434 1895 4517 Ἀριστοκλείδῃ

363 4521 581 4581 Suidas.
611 4520 1006 4602 Ἀριστοκλείτῳ
1030 4520 1158 4578 Ald.
1183 4518 1411 4600 σχεδίοις
1434 4518 1597 4581 ἔοικεν
1622 4523 1829 4582 Suidas
1851 4546 1894 4584 S.

364 4615 563 4694 Φρῦνις
591 4625 651 4669 et
677 4609 786 4668 sub
815 4608 1060 4689 Σχέδιον,
1092 4609 1193 4668 ubi
1220 4614 1387 4668 ταῦτα
1424 4608 1482 4669 δὲ
1506 4609 1732 4688 σχεδίοις
1758 4609 1897 4670 ἔοικε

1503 180 1949 247 ΑΒΝΟΤΑΤῙΟ
1990 180 2072 244 ΙΝ
2113 182 2372 259 SCHOL,

1985 321 2263 398 κωμῳδίαν
2300 327 2515 391 ἔκλασεν
2547 334 2634 392 ἐπὶ
2663 333 2724 393 τὸ
2753 330 3169 412 μαλθακώτερον.
3198 323 3266 403 ἦν
3292 328 3349 389 δὲ
3371 333 3514 391 πάνυ

1986 401 2211 481 ἄμουσος
2239 413 2330 472 καὶ
2372 420 2596 498 ψυχρός.
2620 458 2681 471 -
2709 424 2784 478 28
2809 417 3229 500 Ἀριστοκράτης.
3260 420 3515 478 Valcke-

1987 495 2180 553 narius
2211 503 2366 577 apud
2398 509 2732 584 Bnrgesium
2775 510 2835 566 in
2872 507 3064 565 Diario
3098 507 3339 566 classico
3374 507 3514 566 fasc.

1987 585 2091 651 44,
2135 602 2192 661 Ρ.
2234 590 2382 663 280,
2434 592 2788 674 Ἀριστόξενος.
2837 597 3143 672 Burgesius
3175 595 3301 672 ipse
3326 596 3517 673 Φερεν-

1985 667 2214 748 κρᾶτηςε
2263 680 2418 753 quod
2468 681 2842 758 probabilius.
2879 683 3126 757 Phrynis
3156 696 3517 741 memoratur

1987 755 2045 812 in
2074 757 2390 837 fragmento
2420 768 2769 827 Pherecratis
2795 789 2868 827 ex
2896 769 3146 829 Chirone
3170 770 3324 846 apud
3356 772 3515 829 Ptut.

1987 843 2188 904 Moral.
2231 869 2285 926 p.
2329 861 2496 921 1142.
2534 860 2797 915 Fortasse
2842 852 3030 915 tamen
3070 858 3380 916 delendum
3421 859 3517 917 καὶ

1988 928 2396 1016 Ἀριστοκράτης.
2429 946 2606 1001 Dum.

2065 1024 2201 1095 973,
2226 1026 2295 1093 34
2322 1027 2588 1106 εὐκόσμως
2600 1034 2672 1090 V.
2689 1042 2749 1090 et
2761 1031 2967 1091 suidas
2986 1029 3128 1089 ε.Ἐν
3149 1030 3517 1112 παιδοτρίὸου.

1987 1107 2272 1185 εὔκοσμίως
2300 1116 2427 1174 Ald.

2065 1198 2200 1271 975,
2224 1209 2296 1268 42
2315 1205 2485 1263 αὐτῶν
2505 1210 2642 1265 R.V.
2662 1248 2721 1259 -
2738 1207 2810 1275 43
2832 1204 2949 1269 τοὺς
2966 1203 3288 1285 ἔραστάςν.,
3303 1212 3517 1270 nonG.

2065 1284 2182 1357 980
2221 1287 2466 1363 glossam
2514 1292 2778 1366 μαυλίζων
2822 1292 2999 1350 habet
3042 1296 3113 1349 R.
3157 1293 3394 1350 Thomae
3434 1299 3517 1352 M.

1985 1367 2239 1431 scholion
2257 1394 2330 1433 ex
2349 1378 2474 1435 cod.
2498 1380 2672 1437 Paris.
2692 1400 2782 1457 ap.
2810 1385 3063 1456 Ducang.
3083 1380 3268 1437 Gloss.
3290 1399 3345 1457 p.
3366 1383 3485 1457 890
3504 1404 3520 1438 :

1988 1453 2260 1529 Ἐκδιδοὺς
2290 1463 2472 1524 ἑαυτὸν
2515 1467 2589 1534 εἰς
2624 1467 2898 1543 λαγνείαν,
2937 1466 3027 1524 καὶ
3065 1466 3385 1544 προαγωγὴν
3418 1468 3521 1539 τὴν

1986 1542 2075 1601 καὶ
2105 1546 2471 1630 μαυλίστριαν,
2509 1554 2672 1610 ποιῶν
2701 1551 2821 1619 τοὺς
2851 1551 3148 1634 ὀφθαλμοὺς
3179 1552 3267 1613 διὰ
3294 1558 3521 1635 σχημά-

1986 1650 2091 1688 των
2115 1636 2290 1693 τινῶν.

2067 1719 2201 1793 981,
2227 1724 2259 1780 3
2285 1723 2401 1782 ἀντὶ
2420 1723 2516 1796 τὴν
2541 1730 2610 1784 R.
2635 1727 2686 1784 ἀ.
2713 1730 2806 1786 τοῦ
2825 1725 2921 1798 τὴν
2940 1734 3010 1786 V.
3034 1770 3096 1780 -
3121 1739 3153 1797 4
3177 1727 3362 1805 ἔτεμον
3389 1730 3520 1789 Ald.

1988 1802 2043 1863 δὲ
2084 1815 2203 1864 om?
2242 1814 2307 1867 R.
2334 1816 2402 1868 V.
2446 1811 2624 1870 Addit
2667 1813 2783 1872 Atel.
2827 1814 2956 1895 φησὶ
3003 1813 3087 1873 διὰ
3134 1815 3230 1887 τὴν
3264 1817 3522 1896 κεφαλὴν,

1988 1911 2116 1968 quae
2152 1895 2211 1951 in
2247 1901 2312 1953 V.
2345 1898 2426 1955 sic
2468 1901 2683 1978 scripta
2711 1913 2864 1972 sunt,
2897 1900 3025 1982 φησὶ
3056 1897 3111 1959 δὲ
3136 1902 3233 1972 τὴν
3265 1903 3523 1984 κεφαλὴν,

1988 1976 2145 2057 ἤγουν
2174 1978 2234 2038 τὸ
2267 1983 2398 2065 πρὸς
2424 1993 2532 2053 τοῖς
2561 1985 2772 2067 φύλλοις
2800 1989 3081 2054 καυλῶδες.

2067 2070 2180 2143 983
2200 2114 2216 2139 ,
2243 2093 2274 2144 7
2299 2070 2536 2131 τουτέστι
2560 2073 2767 2153 κίχλας.
2808 2073 2977 2156 ἕτεροι
3002 2072 3057 2134 δὲ
3085 2080 3149 2134 V.

2067 2155 2203 2230 984,
2231 2177 2298 2214 10
2317 2155 2436 2225 τοὺς
2453 2159 2752 2239 κρωὸανούς
2769 2161 2966 2220 Md...
2982 2183 3003 2218 1
3016 2170 3047 2230 4
3068 2182 3149 2240 sq.
3170 2158 3239 2219 τὰ
3263 2161 3526 2239 λεγόμενα

1987 2240 2181 2300 Διάσια
2218 2250 2381 2304 ταῦτα
2414 2248 2504 2303 καὶ
2528 2246 2803 2307 Διιπόλεια
2824 2249 3110 2328 (Διιπόλια
3129 2250 3217 2325 V.)
3257 2255 3326 2309 R.
3357 2257 3427 2309 V.
3460 2294 3527 2304 -

1998 2328 2064 2384 16
2093 2327 2147 2386 δὲ
2177 2351 2289 2389 om.
2319 2337 2389 2390 R.
2417 2333 2478 2393 τὸ
2507 2332 2563 2393 δὲ
2585 2335 2834 2411 τεττίγων
2867 2333 2947 2393 ὅτι
2976 2337 3147 2414 (adde
3183 2338 3436 2416 ἀρχαῖον)
3461 2337 3527 2396 τὸ

1987 2411 2104 2483 τοὺς
2131 2414 2369 2495 τέττιγας
2395 2418 2707 2479 ἀναπλέκειν
2742 2421 2981 2480 τουτέστι
3006 2422 3337 2504 κρωὸύλους·
3371 2423 3409 2495 ἦ
3441 2424 3529 2483 ὅτι

1989 2505 2037 2561 οἱ
2058 2505 2274 2564 παλαιοὶ
2293 2513 2358 2565 V.
2383 2543 2443 2558 —
2469 2529 2489 2566 1
2503 2509 2538 2566 8
2560 2513 2655 2568 τοῦ
2675 2508 2949 2591 φαίνεσθαι
2968 2514 3035 2570 G.
3065 2509 3151 2569 διὰ
3168 2510 3231 2569 τὸ
3249 2510 3528 2592 φαίνεσθαι

1989 2594 2060 2648 Β.
2083 2597 2155 2649 V.

2067 2678 2183 2753 985
2198 2723 2213 2748 ,
2243 2691 2313 2750 24
2341 2680 2576 2753 Κυκίδης
2596 2681 2929 2763 διθυράμὸων
2951 2704 3009 2741 π.
3024 2688 3090 2742 V.
3117 2685 3265 2742 Hinc
3285 2684 3533 2761 corrigit

1989 2766 2326 2826 Dindorfius
2365 2770 2635 2828 Photium
2665 2790 2722 2848 p.
2763 2772 2903 2843 160,
2941 2791 3035 2845 19,
3073 2772 3343 2844 Κηδῖδηςι
3376 2774 3529 2831 διθυ-

1992 2843 2387 2926 ραμὸοποιητὴς
2423 2850 2657 2929 ἀρχαῖος.
2696 2892 2760 2902 -
2805 2852 2879 2908 30
2914 2850 3201 2910 Διιπολίων
3236 2852 3445 2911 Suidas
3476 2881 3527 2912 s.

1990 2933 2265 3014 Βουφόνια.
2289 2937 2573 2995 Διονυσίων
2602 2937 2723 2995 Ald.
2752 2974 2816 2986 —
2840 2940 2931 2996 32.
2979 2937 3237 3019 Βουφόνια
3274 2939 3430 3020 {opi-22
3454 2946 3525 2999 R.

1989 3021 2272 3088 Διιπολίοις
2290 3029 2358 3081 V.
2385 3066 2444 3077 -.
2472 3027 2543 3083 33
2563 3023 2689 3107 φησὶ
2715 3028 2850 3082 ΒΝ.
2871 3061 2934 3074 -
2958 3027 3029 3093 34
3055 3046 3123 3104 sq
3166 3025 3256 3084 καὶ
3278 3024 3531 3084 τούτου-

1989 3106 2206 3167 τυθέντα
2240 3131 2309 3169 ex
2358 3115 2458 3184 R.;
2501 3113 2689 3190 prima
2735 3125 2956 3170 tantum
2987 3111 3167 3171 verba
3202 3111 3295 3170 καὶ
3338 3111 3531 3173 τούτου

1988 3195 2145 3278 χάριν
2170 3201 2291 3277 βοῦν
2321 3198 2527 3260 θύουσιν
2557 3200 2732 3259 babet
2753 3205 2818 3257 V.
2838 3236 2903 3250 —
2925 3202 2999 3259 36
3022 3199 3289 3262 Θαύλωνα
3318 3204 3530 3261 Suidas

1989 3304 2039 3346 s.
2074 3286 2333 3370 Βουφόνια
2369 3302 2427 3348 et
2458 3286 2707 3351 Θαύλων.
2746 3288 3003 3349 Βαύλωνα
3034 3290 3163 3348 Ald.
3205 3295 3271 3348 ln
3300 3290 3533 3349 scholio

1991 3376 2157 3452 Regii
2189 3375 2402 3434 codicis
2437 3376 2683 3459 βουφόνια
2715 3376 2868 3459 ἑορτὴ
2904 3376 3194 3451 πολυτελὴς
3221 3394 3527 3439 vocantur.

2070 3465 2186 3539 986
2229 3466 2495 3525 omittere
2534 3466 2808 3524 videntur
2843 3471 2913 3525 R.
2951 3470 3022 3524 V.
3064 3502 3127 3517 --
3168 3469 3242 3544 39
3288 3489 3526 3547 τροπωσ.

1992 3551 2237 3628 Regius,
2264 3552 2393 3611 Ald.

2068 3639 2215 3714 988,
2244 3638 2321 3697 48
2350 3654 2483 3718 post
2510 3640 2710 3699 ἀσπίδα
2733 3640 2921 3717 pergit
2950 3644 3041 3718 V.,
3069 3638 3130 3699 τὸ
3166 3639 3288 3713 ἑξῆς
3324 3640 3425 3713 τὴν
3458 3645 3532 3701 ἁ-

1989 3726 2153 3786 σπίδα
2183 3730 2278 3799 τῆς
2304 3728 2683 3809 Τριτογενείας.
2713 3729 2804 3789 καὶ
2836 3733 2967 3811 (scr.
3009 3730 3103 3807 ὡς)
3145 3731 3200 3788 ἐν
3238 3735 3305 3810 τῇ
3333 3738 3531 3812 πομπῇ

1988 3815 2479 3897 ἀσπιδηφορούντων
2518 3819 2710 3894 αὐτῶν,
2750 3817 2864 3878 δέον
2905 3818 3389 3900 περικαλύπτεσθαι
3424 3821 3523 3893 τὴν

1989 3903 2261 3982 αἰσχύνην.
2284 3906 2437 3963 unde
2466 3907 2729 3966 Dindorf.
2765 3910 3015 3967 correxit
3040 3909 3337 3985 vulgatum
3366 3909 3531 3969 διὰτὸ

1988 3991 2452 4052 ἐπικαλύπτεσθαι.

2069 4089 2217 4155 994,
2264 4102 2335 4156 19
2378 4083 2700 4141 addebatur
2739 4081 2868 4163 ὅπερ
2910 4081 3093 4161 μέλλει
3139 4083 3385 4161 μολύνειν
3423 4084 3526 4158 τὴν

1989 4166 2155 4240 αἰδῶ,
2195 4189 2226 4224 c
2265 4171 2535 4247 proximo
2563 4171 2781 4228 scholio
2815 4171 3056 4228 illatum.

2067 4257 2216 4331 995,
2259 4276 2326 4314 21
2375 4260 2653 4338 πληρῶσαι
2680 4263 2750 4317 V.
2794 4259 3022 4317 Deinde
3059 4257 3317 4339 γράφεται
3351 4258 3536 4322 δὲκαὶ

1987 4342 2269 4424 ἀφανίζειν.
2309 4346 2434 4404 Ald.
2468 4384 2528 4394 —
2561 4347 2635 4404 28
2677 4367 2800 4424 sqq.
2850 4346 3219 4425 Moschopuli
3263 4348 3527 4406 scholion

1986 4431 2206 4490 editum
2249 4454 2280 4490 a
2323 4438 2608 4494 Creuzero
2646 4435 2719 4493 ad
2750 4437 2956 4493 Plotin.
3003 4441 3092 4495 De
3136 4436 3530 4514 pulcritudine

1988 4523 2217 4598 p.37o.

2064 4617 2200 4685 997,
2235 4617 2304 4678 41
2354 4607 2454 4691 γὰρ
2492 4630 2606 4669 0111.
2653 4615 2753 4682 R.,
2793 4611 2894 4689 qui
2937 4613 3014 4680 45
3058 4610 3235 4670 habet
3276 4614 3529 4690 glossam

365 4714 639 4776 tanquam
685 4698 1083 4776 Aristophanis
1130 4699 1307 4756 verba
1349 4698 1686 4756 afferuntur.
1726 4702 1890 4759 Conf.
1983 4695 2239 4778 ἐκπέσῃς,
2268 4711 2327 4756 ct
2356 4700 2430 4755 50
2455 4704 2547 4757 τοῦ
2571 4697 2783 4779 πατρός.

365 4790 593 4849 Kustcr.
621 4785 693 4844 ad
723 4786 897 4844 schol.
926 4791 1068 4844 Ran.
1100 4789 1191 4860 78.
1220 4825 1282 4836 —
1310 4788 1382 4844 25
1412 4790 1509 4844 οὐκ
1533 4783 1595 4844 ἂν
1629 4785 1890 4862 ἐσιώπων,

2070 4807 2208 4845 1001
2225 4831 2240 4858 ,
2267 4807 2301 4844 2
2330 4807 2418 4864 sq.
2446 4787 2535 4845 καὶ
2552 4785 2695 4867 τάχα
2714 4822 2748 4833 -
2766 4787 3068 4869 Τριφάλητι
3086 4806 3201 4845 0111.
3230 4794 3300 4848 R.
3325 4788 3527 4870 προκέ-

367 4896 438 4947 27
461 4872 795 4939 κατακλάσας
826 4875 1066 4947 SuidaS,
1108 4874 1208 4951 qui
1247 4870 1618 4954 ἔθος-ψυχρός
1655 4875 1889 4934 omittit.
1981 4875 2138 4954 φαλοι
2169 4875 2395 4934 SuidaS.
2440 4876 2797 4956 προσκέφαλοι
2841 4881 2906 4934 V.
2936 4918 2999 4927 —
3035 4879 3065 4936 3
3111 4875 3368 4956 Γεωργοῖς
3396 4899 3524 4956 φησι

364 4963 556 5024 Codex
581 4967 720 5041 Reg.
757 4962 1088 5043 κωμῳδεῖται
1121 4960 1174 5019 δὲ
1200 4961 1280 5020 ὅτι
1308 4965 1513 5042 πρῶτος
1538 4961 1635 5034 τὴν
1661 4963 1889 5044 ἀρχαίαν
1979 4962 2069 5022 καὶ
2103 4964 2331 5023 Suidas.
2355 5002 2418 5015 --
2446 4976 2475 5035 4
2498 4963 2667 5045 Δήμῳ
2690 4969 2758 5023 V.
2782 4962 2985 5042 Δήμοις
3006 4970 3074 5023 G.
3099 4982 3216 5023 om.
3241 4966 3453 5025 Suidas
3474 4985 3524 5030 s.
