3859 5725
1495 209 1878 272 SCHOLIA
1932 213 2023 274 IN
2073 212 2386 274 PACEM.

3437 234 3537 285 181

329 347 493 430 φησὶ,
521 348 672 404 τοῦτο
695 345 838 414 ὑμῖν,
866 339 1001 401 ὥστε
1026 339 1161 418 μετὰ
1191 343 1344 399 τοῦτο
1362 338 1552 417 μηκέτι
1578 340 1903 420 ἐνοχλεῖσθαι(
1990 343 2109 403 νικὰ
2150 343 2437 426 δίρρυθμα,
2481 342 2542 404 τὸ
2570 344 2625 404 δὲ
2654 346 2825 428 τρίτον
2855 347 3133 429 τροχαϊκὸν
3175 352 3550 434 ἑφθημιμερὲς,

334 437 468 515 μοι)
1473 517 1507 533 „

413 543 512 584 835.
551 518 789 600 πέπορδα
815 537 831 577 2
858 516 927 578 Ἡ
965 514 1256 599 μεταφορὰ
1297 514 1404 575 ἀπὸ
1438 538 1541 573 των
1581 514 1738 574 ὄνων·
1771 513 1903 594 χαί-

335 634 510 695 ροντες
530 607 634 691 γὰρ
656 605 953 688 πέρδονται.

283 718 314 758 5
423 719 522 760 336.
566 696 603 768 ἢ
633 694 694 753 τὸ
722 699 888 775 γῆρας
930 690 1080 759 ἐκδὺς
1112 711 1128 753 2
1159 687 1429 767 ἽΙδομαι,
1454 688 1631 764 φησὶν,
1664 686 1905 770 ἐκφυγὼν

337 788 438 861 τὴν
478 785 679 846 ἀσπίδα
715 780 752 854 ἢ
790 777 940 846 ἐκδὺς
973 778 1034 837 τὸ
1068 783 1254 861 γῆρας.
1293 783 1328 850 ἡ
1365 774 1638 859 μεταφορὰ
1669 775 1779 834 ἀπὸ
1801 778 1905 834 τῶν

337 877 527 1022 ὄφὶᾚ..
565 961 636 1038 (ἐς
670 953 988 1036 πανηγύρεις
1020 952 1229 1034 θεωρεῖν
1269 971 1285 1012 z
1328 950 1645 1029 Πέμπεσθαι
1691 948 1910 1029 θεωροὺς

340 1055 395 1119 ἔς
428 1049 522 1116 τὰς
557 1045 892 1125 πανηγύρεις.
934 1038 1153 1121 θεωροὺς
1189 1038 1245 1098 δὲ
1277 1038 1497 1098 ἐκάλουν
1523 1037 1641 1105 τοὺς
1674 1039 1778 1095 ἀπὸ
1805 1040 1908 1095 τῶν

262 1155 316 1194 10
342 1138 548 1199 πόλεων
571 1132 835 1212 δημοσίως
859 1125 1284 1208 ἐκπεμπομένους
1306 1125 1649 1193 συνθύσοντας
1670 1125 1761 1184 καὶ
1783 1147 1911 1200 συμ-

340 1221 826 1306 πανηγυρίσοντας.)

427 1333 524 1374 343.
567 1306 892 1377 κοτταὸίζειν
927 1327 942 1367 z
980 1301 1239 1382 (Παίζειν.
1269 1303 1341 1368 εἰς
1365 1303 1568 1382 χαλκᾶς
1600 1299 1655 1359 δὲ
1689 1297 1908 1381 φιάλας,

347 1402 409 1462 αἳ
458 1402 744 1461 καλοῦνται
790 1393 1043 1474 λάταγες,
1095 1390 1401 1473 ἀνέρριπτον
1451 1388 1800 1459 ἐμὸάλλοντες
1849 1385 1910 1445 τὸ

344 1489 512 1567 πόμα.
542 1486 634 1548 καὶ
672 1485 719 1543 εἰ
754 1480 956 1562 ἐγένετο
997 1478 1186 1557 μείζων
1215 1476 1403 1558 ψόφος,
1432 1475 1640 1535 ἐδόκουν
1666 1472 1768 1532 ὑπὸ
1805 1476 1910 1531 τῶν

266 1589 320 1628 ¹⁵
348 1578 580 1659 ἐραστῶν
594 1576 830 1656 ἐρᾶσθαι.
840 1603 918 1612 -
929 1565 1184 1633 κότταὸος
1200 1562 1410 1642 λέγεται
1424 1564 1484 1622 τὸ
1498 1562 1703 1640 λεῖμμα
1717 1565 1807 1621 τοῦ
1823 1583 1914 1618 πο-

346 1662 556 1747 τηρίου,
585 1661 615 1721 ὃ
636 1657 988 1738 ἐμὸάλλουσιν
1013 1657 1084 1722 εἷς
1111 1652 1205 1721 τὰς
1229 1651 1479 1730 λάταγας.
1506 1661 1569 1708 V.
1690 1649 1910 1715 Ἄλλως.

349 1751 617 1828 κότταὸος)
643 1747 882 1827 παίγνιον
908 1735 973 1816 ἦν
1004 1740 1153 1823 παρὰ
1195 1740 1478 1813 Ἀθηναίοις
1520 1744 1773 1798 τοιοῦτον.
1819 1736 1910 1818 ῥά·

350 1840 471 1907 ὅδος
495 1832 560 1913 ἦν
583 1834 764 1918 μακρὰ
788 1829 1103 1910 πεπηγμένη
1128 1833 1181 1888 ἐν
1210 1833 1277 1910 τῇ
1305 1832 1373 1908 γῇ
1393 1873 1410 1903 ,
1439 1827 1531 1887 καὶ
1558 1827 1710 1905 ἑτέρα
1734 1823 1914 1884 ἐπάνω

351 1929 512 1999 αὑτῆς
529 1922 808 2002 κινουμένη
831 1925 901 1988 ὥς
920 1918 1008 1978 ἐπὶ
1028 1916 1217 1994 ζυγίου.
1243 1906 1352 1993 εἶχε
1382 1913 1438 1973 δὲ
1466 1913 1792 1992 πλάστιγγας
1822 1909 1914 1971 δύο

266 2031 325 2070 m
351 2011 703 2095 ἐξηρτημένας
735 2009 827 2068 καὶ
862 2011 1129 2088 κρατῆρας
1164 2001 1256 2061 δύο
1295 2000 1481 2069 ὕδατος
1521 2001 1771 2060 ὑποκάτω
1807 2003 1912 2059 τῶν

352 2099 715 2180 πλαστίγγων,
745 2095 837 2156 καὶ
865 2094 967 2153 ὑπὸ
993 2093 1054 2152 τὸ
1081 2091 1219 2172 ὕδωρ
1245 2088 1456 2170 ἀνδριὰς
1480 2081 1545 2163 ἦν
1567 2091 1800 2170 χαλκοῦς
1819 2111 1913 2146 κε-

351 2187 706 2272 γρυσωμένος.
720 2190 876 2245 τοῦτο
898 2181 954 2241 δὲ
973 2173 1038 2252 ἧν
1051 2183 1105 2239 ἐν
1121 2188 1227 2254 τοῖς
1243 2176 1564 2255 συμποσίοις.
1580 2175 1672 2235 καὶ
1686 2184 1790 2242 πᾶς
1810 2177 1913 2232 τῶν

353 2256 641 2347 παιζόντων
675 2273 924 2333 ἀνίστατο
964 2268 1100 2350 ἔχων
1125 2267 1318 2349 φιάλην
1344 2265 1605 2344 γέμουσαν
1656 2261 1914 2343 ἀκράτου,

352 2368 446 2429 καὶ
466 2363 691 2445 μηκόθεν
707 2359 984 2438 ἱστάμενος
1006 2356 1240 2433 ἔπεμπεν
1254 2353 1374 2413 ὅλον
1397 2352 1484 2411 τὸν
1508 2343 1644 2411 οἶνον
1666 2349 1768 2409 ὑπὸ
1790 2348 1917 2428 μίαν

271 2481 329 2521 25
357 2454 585 2535 σταγόνα
621 2453 695 2518 εἰς
724 2448 821 2521 τὴν
855 2444 1184 2523 πλάστιγγα,
1219 2442 1305 2501 ἵνα
1343 2441 1650 2520 γεμισθεῖσα
1687 2441 1916 2519 βαρυνθῇ

355 2544 449 2606 καὶ
475 2540 706 2610 κατέλθη
733 2536 826 2596 καὶ
861 2535 1187 2593 κατελθοῦσα
1223 2528 1418 2610 κρούσῃ
1446 2530 1518 2596 εἷς
1544 2526 1640 2599 τὴν
1681 2523 1917 2607 κεφαλὴν

355 2639 449 2694 τοῦ
478 2604 776 2711 ἀνδριάντος
796 2628 886 2682 τοῦ
910 2620 1010 2679 ὑπὸ
1037 2619 1099 2678 τὸ
1121 2619 1258 2697 ὕδωρ
1280 2615 1671 2698 κεκρυμμένου,
1688 2613 1779 2673 καὶ
1800 2636 1917 2672 ποι·

356 2721 465 2794 ήση
485 2711 637 2798 ἦχον.
656 2713 748 2773 καὶ
774 2714 821 2771 εἰ
841 2708 936 2789 μὲν
966 2707 1041 2787 μὴ
1062 2710 1258 2788 ἐκχυθῇ
1278 2708 1339 2764 ἐκ
1362 2711 1452 2764 τοῦ
1471 2703 1609 2763 οἴνου
1624 2748 1642 2779 ,
1664 2702 1809 2760 ἐνίκα
1827 2701 1919 2760 καὶ

358 2785 474 2884 ἤδέι
503 2805 583 2867 ὅτι
617 2805 844 2887 φιλεῖται
876 2796 1030 2866 αὐτὸς
1056 2795 1160 2854 ὑπὸ
1194 2798 1289 2867 τῆς
1325 2791 1613 2876 ἐρωμένης·
1643 2794 1688 2849 εἰ
1725 2788 1780 2849 δὲ
1814 2787 1919 2868 μὴ,

278 2914 336 2955 ³0
362 2877 577 2970 ἦττᾶτο.
606 2890 811 2972 ἐλέγετο
835 2885 891 2947 δὲ
913 2890 943 2945 6
970 2882 1180 2966 ἀνδριὰς
1202 2886 1231 2942 6
1254 2880 1356 2942 ὑπὸ
1375 2881 1436 2941 τὸ
1459 2881 1597 2962 ὕδωρ
1621 2876 1921 2959 κεκρυμμέ-

360 3007 445 3051 νος
466 2981 654 3061 μάνης.

443 3088 540 3130 344.
576 3062 870 3142 συὸαρίζειν
906 3080 921 3121 :
951 3058 1088 3118 Ἀντὶ
1114 3062 1205 3116 τοῦ
1231 3064 1452 3138 τρυφᾶν,
1480 3052 1588 3113 ἀπὸ
1616 3058 1710 3124 τ’ῆς
1733 3051 1920 3113 Συὸα-

366 3161 563 3243 ριτικῆς
584 3157 804 3236 τρυφῆς·
839 3145 995 3230 (φασὶ
1018 3145 1120 3226 γὰρ
1147 3143 1267 3210 τοὺς
1291 3139 1592 3222 Συὸαρίτας
1615 3138 1924 3199 πολυτελέσι

364 3250 595 3328 χρῆσθαι
620 3239 916 3324 τραπέζαις.
946 3234 1084 3294 ἔστιν
1111 3224 1198 3292 οῧν
1223 3229 1339 3290 ἀντὶ
1358 3235 1447 3289 τοῦ
1475 3237 1692 3310 τρυφᾶν.
1715 3227 1750 3299 ἢ
1777 3228 1924 3311 παρὰ

285 3356 341 3398 ²5
366 3337 435 3397 τὰ
453 3330 724 3411 Συὸάρεια
742 3323 1122 3408 ἐπιφθέγματα,
1133 3319 1269 3400 ἅπερ
1283 3317 1395 3378 ἐστὶ
1407 3317 1532 3398 παρ’
1543 3314 1914 3398 Ἐπιχάρμῳ.)

369 3462 438 3473 ....
462 3417 859 3497 Καλλίστρατος
890 3417 1109 3490 τρυφᾶν,
1146 3405 1250 3465 ἀπὸ
1276 3409 1370 3477 τῆς
1408 3403 1758 3484 Συὸαριτικῆς
1795 3426 1926 3483 τρυ-

369 3516 493 3593 φῆς·
511 3503 887 3588 Ἀρτεμίδωρος
909 3500 1092 3563 ἁπλῶς
1110 3492 1365 3574 θορυὸεῖν.
1385 3492 1476 3551 καὶ
1500 3490 1765 3571 Φρύνιχος
1789 3519 1812 3542 «
1835 3512 1927 3548 πο-

368 3598 461 3666 λὺς
484 3593 539 3655 δὲ
576 3585 898 3670 συὸαρισμὸς
938 3584 1180 3655 αὐλητῶν
1203 3572 1285 3651 ἧν.
1310 3606 1335 3631 υ
1360 3578 1489 3659 φασὶ
1512 3575 1567 3635 δὲ
1603 3576 1722 3644 τοὺς
1745 3575 1926 3637 Συὸα·

373 3685 517 3768 ρίτας
545 3683 616 3748 εἰς
639 3683 883 3738 τοσοῦτον
922 3668 1156 3752 τραπέζῃ
1200 3666 1476 3727 πολυτελεῖ
1505 3669 1762 3747 χρῆσθαι,
1789 3664 1927 3724 ὥστε

291 3796 346 3837 40
371 3773 464 3834 καὶ
492 3774 563 3837 εἷς
583 3763 871 3846 παροιμίαν
912 3758 1157 3841 φέρεσθαι
1185 3754 1508 3827 ἐκνενίκηκεν
1535 3758 1569 3824 ἡ
1599 3750 1925 3836 Συὸαριτικὴ

371 3859 638 3941 τράπεζα,
665 3859 700 3925 ἡ
727 3845 1018 3918 πολυτελὴς
1042 3844 1133 3904 καὶ
1162 3841 1403 3923 δαψιλής.
1432 3851 1493 3898 V.

456 3947 594 4026 (με).
613 3945 658 4001 εἷ
680 3940 782 4020 γάρ
803 3959 892 4014 μοι
917 3933 1117 4013 γένοιτο
1141 3950 1155 3991 :
1178 3926 1442 4010 [Κορωνὶς
1466 3926 1558 3986 καὶ
1586 3926 1807 3994 εἴσθεσις
1833 3951 1930 4008 χο-

377 4040 466 4118 pq?
491 4023 871 4111 μονοστροφικὴ
910 4019 1103 4099 στίχων
1137 4018 1228 4077 καὶ
1251 4016 1434 4076 κώλων
1460 4019 1540 4076 ιε’.
1573 4006 1645 4074 ὧν
1670 4019 1699 4074 6
1725 4020 1932 4097 πρῶτος

375 4117 654 4205 τροχαῖκὸς
677 4113 1022 4193 τετράμετρος
1042 4102 1443 4176 καταληκτικός.
1475 4101 1536 4161 τὸ
1564 4102 1612 4183 β’
1642 4106 1932 4181 ἑφθημιμε-

295 4240 349 4280 45
380 4209 481 4291 ρές.
516 4209 545 4265 6
571 4201 739 4284 τρίτος
772 4192 1056 4259 παιωνικὸς
1094 4190 1442 4272 τετράμετρος
1482 4187 1845 4260 ἀκατάληκτος
1871 4192 1932 4247 ἐκ

375 4295 621 4357 παιώνων
666 4287 758 4348 καὶ
797 4283 1074 4367 κρητικῶν.
1115 4278 1207 4337 καὶ
1251 4282 1280 4337 6
1309 4278 1340 4335 ι’
1370 4276 1460 4336 καὶ
1490 4276 1576 4353 ιγ’.
1606 4277 1654 4335 οἱ
1701 4275 1813 4346 ἑξῆς
1841 4276 1934 4334 δύο

375 4384 546 4461 ὅμοιοι
568 4381 644 4438 τῶ
662 4372 873 4456 πρώτῳ.
895 4368 956 4428 τὸ
973 4368 1022 4437 ς’
1044 4365 1097 4426 δὲ
1125 4365 1218 4425 καὶ
1239 4366 1290 4436 η’
1312 4367 1388 4445 τῷ
1411 4363 1481 4442 β’.
1504 4361 1565 4421 τὸ
1586 4363 1629 4431 ζ’
1649 4363 1930 4422 παιωνικὸν

379 4438 674 4551 δίρρυθμόν.
703 4460 794 4521 καὶ
819 4458 880 4517 τὸ
908 4457 951 4517 θ’
981 4454 1073 4515 καὶ
1097 4453 1159 4513 τὸ
1184 4452 1251 4511 26¹
1277 4451 1370 4510 καὶ
1401 4451 1488 4510 ιδ’.
1516 4448 1577 4508 τὸ
1605 4447 1658 4507 δὲ
1691 4451 1759 4507 ια’
1782 4448 1933 4527 δίμε-

379 4581 499 4640 τρον
528 4547 825 4634 τροχαῖκόν.
867 4545 928 4604 τὸ
959 4541 1255 4603 τελευταῖον
1292 4535 1576 4597 παιωνικὸν
1604 4535 1934 4617 τρίρρυθμον.

298 4673 356 4714 m
382 4646 466 4728 ὑφ’
496 4643 525 4703 ὃ
550 4636 805 4721 κορωνίς.]
829 4664 906 4681 --
935 4631 1094 4700 διπλῆ
1121 4626 1213 4687 καὶ
1240 4626 1457 4691 εἴσθεσις
1480 4627 1582 4683 τῶν
1611 4624 1804 4701 ὁμοίων
1842 4628 1934 4684 έκ-

379 4732 603 4794 καίδεκα
620 4726 824 4795 κώλων,
845 4711 917 4780 ῶν
935 4723 964 4778 6
989 4717 1084 4795 μὲν
1105 4713 1309 4797 πρῶτός
1332 4715 1443 4772 ἐστι
1463 4711 1638 4792 στίχος
1659 4712 1937 4792 τροχαῖκὸς

383 4817 705 4895 ἐπικείμενος,
731 4809 824 4870 καὶ
851 4806 1086 4887 δεύτερος
1121 4806 1176 4864 ἐν
1204 4802 1402 4862 ἐκθέσει
1428 4797 1610 4858 κώλων
1638 4803 1934 4858 παιωνικῶν

380 4904 764 4987 τετράρρυθμος
803 4893 1194 4964 ἀκατάληκτος,
1233 4890 1331 4947 κάν
1372 4885 1640 4948 ἐπεκθέσει
1666 4885 1937 4966 τροχαῖκοὶ

386 4997 437 5076 β’
468 4987 811 5071 τετράμετροι
836 4977 1212 5051 καταληκτικοὶ
1237 4977 1384 5037 κῶλα
1406 4974 1478 5042 ς’,
1505 4963 1577 5032 ῶν
1601 4970 1667 5030 τὰ
1695 4974 1745 5049 β’
1774 4995 1934 5031 παιω-

1991 428 2059 489 τὰ
2087 430 2142 489 δὲ
2169 430 2330 490 λοιπὰ
2357 432 2465 498 τοῖς
2488 432 2657 512 τρισὶν
2685 432 2840 512 ὅμοια
2869 434 3084 503 ἕκαστος
3107 434 3330 517 ἑκάστῳ.
3359 429 3473 496 εἶτα
3497 443 3552 499 ἐν

1993 516 2193 576 ἐκθέσει
2221 517 2398 598 στίχος
2428 519 2707 600 τροχαϊκὸς
2734 524 2762 581 6
2793 549 2815 574 a
2853 525 2905 589 ἐς
2937 519 3157 582 Λύκειον
3196 527 3300 582 κάκ
3328 525 3553 585 Λυκείου

1993 603 2087 662 σὺν
2123 604 2233 684 δορὶ
2262 605 2355 664 σὺν
2393 605 2604 680 ἀσπίδι,
2628 635 2652 659 u
2676 611 2775 667 κάν
2811 608 3006 670 ἐκθέσει
3028 611 3177 669 κῶλα
3205 612 3249 669 δ’
3276 612 3540 672 παιωνικὰ

1992 689 2247 772 τρίμετρα
2283 692 2568 773 δίρρυθμα,
2612 694 2674 754 τὸ
2702 694 2757 754 δὲ
2789 696 2833 755 δ’
2864 696 3175 779 τρίρρυθμον
3217 697 3277 757 τὸ
3320 726 3344 751 α
3392 699 3546 759 εἵλετ’
3582 726 3607 765 5

1996 777 2167 856 ἀγαθή
2190 802 2266 846 τις
2294 781 2421 850 ἡμῖν
2448 780 2607 861 τύχη.
2631 810 2657 833 ι
2740 784 2925 856 διπλῆ·
2954 784 3134 843 ἕπεται
3161 783 3262 867 γὰρ
3291 786 3474 863 μέλος,
3494 779 3554 846 οὗ

1995 868 2030 936 ἠ
2051 862 2146 941 μὲν
2165 866 2399 947 προῳδός
2418 869 2558 926 ἐστιν
2578 872 2636 927 ἐκ
2656 870 2913 950 διστιχίας
2930 871 3119 949 ὁμοίως
3143 873 3446 951 ἐκκειμένης
3466 875 3557 934 καὶ

1999 954 2051 1009 ἓν
2075 951 2274 1012 ἐκθέσει
2293 955 2477 1013 κώλων
2501 954 2580 1023 λζ’
2600 961 2896 1036 τροχαῖκῶν
2922 959 3058 1036 μετὰ
3081 959 3337 1043 διμέτρων
3354 964 3558 1021 ἀκατα-

1996 1037 2203 1110 λήκτων
2232 1041 2293 1102 ε’.
2327 1041 2694 1115 καταληκτικὰ
2731 1043 2786 1103 δὲ
2813 1044 2880 1104 τὰ
2908 1048 3210 1120 τελευταῖα,
3239 1047 3556 1130 μονόμετρον

1998 1124 2054 1184 δὲ
2080 1124 2141 1184 τὸ
2176 1129 2490 1189 τελευταῖον.
2523 1127 2634 1188 ἔστι
2661 1129 2717 1189 δὲ
2745 1130 2804 1190 τὸ
2830 1131 2976 1199 τέλος
3022 1159 3048 1185 α
3087 1133 3165 1192 ἰοὺ
3196 1134 3273 1194 ἰοὺ
3304 1134 3554 1218 κεκραγέ·
3589 1158 3638 1197 ιο

1999 1238 2022 1265 α
2049 1235 2152 1271 ναι.
2184 1240 2208 1266 2>
2236 1224 2300 1271 V.

2078 1298 2287 1368 εἰκότως
2340 1301 2499 1361 εἰπὼν
2558 1303 2658 1363 ὅσα
2706 1307 2879 1373 αὐτοῖς
2911 1306 3084 1386 ἀγαθὰ
3125 1309 3185 1368 ἐκ
3226 1314 3320 1383 τῆς
3356 1314 3560 1395 εἰρήνης

1998 1385 2257 1468 ὑπάρχει,
2281 1388 2441 1448 πάλιν
2464 1390 2822 1474 ἐπανέδραμεν
2850 1396 2922 1461 εἰς
2950 1392 3018 1453 τὰ
3050 1400 3143 1454 τοῦ
3166 1396 3398 1476 πολέμου
3432 1403 3557 1463 δυσ-

1997 1478 2158 1554 χερῆ,
2204 1476 2618 1555 προτρεπόμενος
2661 1479 2846 1547 αὐτοὺς
2885 1472 3018 1549 εἶξαι
3072 1485 3149 1564 τῷ
3199 1487 3464 1570 Τρυγαίῳ.
3493 1507 3556 1554 v.

2082 1563 2218 1640 (3⁴7).
2250 1562 2502 1633 στιὸάδας
2528 1565 2588 1635 ἃς
2612 1565 2802 1648 ἔλαχεν
2834 1589 2850 1628 t
2879 1568 3047 1636 Ἰδίως
3075 1570 3328 1641 στιὸάδας
3348 1574 3445 1643 τὰς
3463 1600 3562 1656 χα-
3594 1594 3640 1633 15

2002 1648 2243 1723 μευνίδας
2271 1650 2491 1711 ἐκάλουν
2512 1656 2559 1712 οἱ
2585 1654 2824 1717 παλαιοί.
2852 1654 2980 1737 ὅπερ
3001 1648 3064 1729 ἦν
3086 1656 3311 1738 πάσχειν
3337 1662 3561 1743 ἐπάναγ-

1999 1757 2087 1802 κες
2106 1738 2213 1803 τοῖς
2253 1739 2590 1817 πολεμοῦσιν,
2616 1741 2916 1823 ὑπαιθρίους
2937 1746 3291 1827 ταλαιπωρεῖν
3331 1750 3422 1808 καὶ
3456 1775 3559 1832 χα-

2002 1826 2306 1900 μαικοιτεῖν.
2328 1827 2580 1897 στιὸάδας
2600 1822 2708 1901 οὖν,
2734 1829 2848 1889 ἐπεὶ
2867 1835 2915 1890 οῖ
2941 1837 3261 1913 στρατιῶται
3279 1859 3562 1916 χαμαικοι·
3612 1866 3641 1895 υ

1999 1918 2167 1974 τοῦσι.
2209 1911 2420 1993 λέγεται
2455 1915 2512 1974 δὲ
2549 1920 2577 1975 6
2603 1917 2859 1996 Φορμίων
2900 1923 3108 1992 νικῆσαι
3145 1924 3461 2004 ναυμαχίαις
3510 1928 3559 2007 β’

2003 2002 2446 2079 Λακεδαιμονίους
2469 2004 2857 2086 στρατηγήσας.
2882 2006 3021 2074 λιτὸς
3048 2009 3103 2066 δὲ
3121 2003 3267 2078 οὗτος
3288 2011 3379 2069 καὶ
3402 2036 3560 2093 στρα-
3588 2036 3641 2076 20

2003 2087 2253 2157 τιωτικός.
2274 2089 2334 2148 τὸ
2356 2090 2412 2148 δὲ
2436 2089 2495 2158 ἃς
2517 2089 2708 2172 ἔλαχεν
2724 2137 2742 2170 ,
2772 2092 2888 2152 ἀντὶ
2917 2098 3010 2153 τοῦ
3040 2094 3104 2162 ἃς
3130 2094 3375 2174 ὑπέμεινε
3407 2102 3562 2183 Φορ-

2005 2174 2241 2251 μίων.-
2265 2176 2613 2257 φιλοπόλεμος
2653 2176 2756 2261 γὰρ
2783 2180 2875 2240 καὶ
2917 2182 3176 2263 αὐστηρὸς
3216 2187 3245 2242 6
3279 2187 3559 2267 Φορμίων.

2003 2261 2255 2330 στιὸάδας
2282 2263 2367 2336 δὲ,
2396 2265 2512 2324 ἐπεὶ
2534 2270 2582 2325 οῖ
2604 2269 2921 2347 στρατιῶται
2947 2276 3402 2349 χαμαικοιτοῦσιν.
3429 2277 3564 2335 ἀνα-

2004 2349 2262 2431 γράφεται
2286 2351 2343 2410 δὲ
2378 2356 2407 2411 6
2443 2353 2700 2433 Φορμίων
2723 2355 2840 2414 δυσὶ
2864 2379 3038 2434 ναυμα
3081 2357 3180 2425 ίαις
3206 2363 3416 2432 νικῆσαι
3443 2365 3564 2423 Λα-

2004 2438 2361 2516 κεδαιμονίους
2383 2441 2768 2521 στρατηγήσας.
2794 2442 2937 2510 λιτὸς
2949 2442 3006 2503 δὲ
3030 2380 3176 2513 offro<
3193 2448 3284 2506 καὶ
3307 2471 3565 2531 στρατιω-
3591 2477 3644 2517 2⁵

2004 2524 2163 2593 τικός.
2193 2525 2274 2585 διὸ
2316 2524 2407 2586 καὶ
2449 2527 2702 2596 στιὸάδας
2738 2519 2852 2588 εἷπε
2896 2530 3224 2612 Φορμίωνος.
3265 2537 3313 2593 οἱ
3353 2534 3454 2616 γὰρ
3496 2536 3566 2596 τὰ

2005 2613 2270 2692 πολεμικὰ
2318 2613 2734 2694 ἕξασκησάμενοι
2777 2616 2879 2676 ὑπὸ
2918 2620 3222 2696 γυμνασίων
3263 2621 3355 2681 καὶ
3393 2623 3564 2683 πόνων

2008 2700 2220 2761 εἰώθασι
2276 2707 2662 2783 χαμαικοιτεῖν.
2704 2702 2797 2762 καὶ
2844 2703 3110 2775 Διονύσιος
3154 2710 3209 2766 ἐν
3251 2709 3568 2793 Ταξιάρχοις

2006 2789 2133 2871 παρ’
2162 2788 2420 2850 Εὐπόλιδι
2445 2791 2721 2868 μανθάνων
2750 2790 2897 2873 παρὰ
2920 2795 2997 2875 τῷ
3022 2794 3299 2877 Φορμίωνι
3324 2795 3442 2866 τοὺς
3463 2802 3567 2857 τῶν

2010 2881 2315 2957 στρατηγῶν
2342 2876 2433 2937 καὶ
2465 2877 2709 2955 πολέμων
2732 2878 2919 2958 νόμους
2939 2881 3094 2962 φησὶν
3112 2927 3129 2955 ,
3152 2910 3183 2935 σι
3201 2887 3271 2951 ὣς
3293 2884 3462 2944 οὐκέτ’
3496 2885 3561 2944 ἂν
3594 2914 3647 2954 ³0

2009 2963 2037 2988 *
2060 2965 2089 2995 '⁵
2116 2963 2336 3044 φάγοιμι
2358 2962 2611 3030 στιὸάδας
2633 2963 2686 3033 ἐξ
2727 2965 2852 3024 ὅσου
2892 2966 3087 3047 ’φυγον.
3123 2994 3148 3020 a»
3180 2972 3208 3028 6
3231 2971 3489 3052 Φορμίων
3511 2971 3566 3032 δὲ

2009 3042 2155 3118 οὗτος
2180 3051 2444 3124 Ἀθηναῖος
2476 3055 2552 3131 τῷ
2590 3046 2757 3130 γένει,
2800 3052 2906 3120 υίὸς
2934 3053 3217 3129 Ἀσωπίου,
3247 3056 3302 3125 ὃς
3329 3061 3570 3139 καθαρῶς

2011 3138 2379 3218 στρατηγήσας
2399 3137 2560 3210 πένης
2583 3137 2799 3217 ἐγένετο.
2824 3141 3099 3218 ἀτιμωθεὶς
3127 3142 3181 3201 δὲ
3203 3148 3280 3224 τῷ
3307 3143 3383 3222 μὴ
3413 3145 3571 3205 δύνα-

2012 3230 2133 3285 σθαι
2161 3224 2255 3294 τὰς
2284 3226 2329 3306 ρ’
2361 3234 2494 3303 μνᾶς
2519 3229 2614 3297 τῆς
2637 3224 2852 3299 εὐθύνης
2878 3229 3189 3303 ἀποδοῦναι,
3218 3232 3272 3290 ἐν
3297 3234 3442 3315 ἀγρῷ
3465 3233 3568 3294 διέ·

2011 3313 2204 3393 τριὸεν,
2245 3311 2339 3379 ἕως
2375 3311 2686 3394 Ἀκαρνᾶνες
2717 3314 3011 3396 στρατηγὸν
3046 3316 3202 3376 αὐτὸν
3230 3318 3405 3397 ᾔτουν.
3448 3324 3476 3380 6
3512 3320 3567 3381 δὲ
3596 3346 3649 3387 ³5

2013 3401 2113 3479 οὐχ
2139 3398 2435 3472 ὑπήκουσε,
2470 3398 2686 3480 φάσκων
2716 3398 2791 3479 μὴ
2834 3400 3022 3470 ἐξεῖναι
3060 3407 3165 3470 τοῖς
3195 3405 3412 3483 ἀτίμοις.
3446 3411 3476 3466 6
3515 3407 3570 3467 δὲ

2014 3488 2177 3564 δῆμος
2228 3485 2540 3565 βουλόμενος
2591 3488 2752 3547 λῦσαι
2802 3487 2897 3560 τὴν
2945 3490 3160 3567 ἀτιμίαν
3206 3494 3571 3571 ἀπεμίσθωσεν

2015 3573 2171 3633 αὐτὸν
2191 3578 2296 3633 τῶν
2322 3574 2365 3657 ρ’
2398 3577 2539 3651 μνῶν
2561 3578 2656 3632 τοῦ
2679 3575 2979 3649 Διονυσίου,
3009 3580 3080 3645 ὣς
3109 3577 3410 3659 Ἀνδροτίων
3436 3584 3491 3639 ἰν
3519 3582 3571 3659 γ’

2015 3662 2280 3722 Ἀττικῶν.
2336 3663 2497 3721 αὑτοῦ
2518 3660 2784 3739 μέμνηται
2807 3666 2836 3721 6
2857 3663 3086 3740 κωμικὸς
3109 3668 3161 3725 ἐν
3182 3665 3422 3727 Ἱππεῦσι
3446 3669 3571 3748 [566]

2014 3749 2107 3809 καὶ
2135 3749 2393 3831 Νεφέλαις
2413 3756 2635 3822 [Lysistr.
2662 3757 2762 3822 80⁴]
2800 3750 2891 3809 καὶ
2931 3751 3312 3828 Βαὸυλωνίοις,
3342 3753 3572 3824 Εὔπολις
3599 3781 3653 3820 ιο

2017 3836 2422 3919 Ἀστρατεύτοις.
2452 3839 2480 3894 6
2508 3834 2563 3894 δὲ
2601 3836 2837 3918 δεύτερος
2861 3829 2925 3910 ἦν
2949 3838 3138 3920 κωφός·
3171 3839 3462 3918 μέμνηται,
3480 3842 3573 3902 καὶ

2019 3924 2274 4005 Στράττις
2321 3923 2631 4003 Ἀταλάντῃ.
2674 3923 2842 4004 τρίτος
2893 3926 3090 4005 μοιχός·
3122 3929 3382 4010 Κρατῖνος
3410 3932 3440 3960 *
3466 3931 3492 3958 *
3526 3931 3570 3991 *.

2016 4012 2258 4094 τέταρτος
2287 4011 2659 4091 Κροτωνιάτης
2697 4013 2931 4093 ἀρχαῖος·
2976 4017 3234 4094 Κρατῖνος
3263 4018 3570 4099 Τροφωνίῳ.

2017 4099 2258 4177 πέμπτος
2284 4103 2502 4179 ἀρχαῖος
2529 4099 2792 4171 Ἀθηναῖος
2809 4145 2826 4177 ,
2856 4099 2991 4177 μετὰ
3011 4102 3230 4162 Σόλωνα
3258 4102 3432 4184 ἄρξας·
3465 4104 3571 4166 E&-

2017 4188 2168 4253 πολις
2212 4188 2264 4243 ἐν
2303 4185 2518 4261 Δήμοις.
2639 4183 2858 4252 Ἄλλως.
2901 4186 2961 4253 ἃς
3000 4187 3248 4265 ὑπέμεινε
3295 4190 3569 4271 Φορμίων.
3600 4225 3652 4265 45

2018 4271 2269 4338 πολλάκις
2314 4271 2369 4331 δὲ
2406 4271 2608 4351 εἴρηται
2648 4272 2770 4352 περὶ
2805 4272 2988 4332 τούτου
3030 4273 3110 4332 ὅτι
3152 4274 3338 4353 ἀγαθὸς
3371 4275 3574 4353 ἐγένετο

2022 4357 2327 4440 στρατηγός.
2351 4362 2405 4418 ἐν
2435 4358 2490 4417 δὲ
2512 4360 2618 4426 τοῖς
2643 4359 2963 4440 Ταξιάρχοις
2989 4359 3201 4443 φέρεται
3222 4365 3293 4428 ὡς
3311 4362 3570 4432 ἐπίπονος.

2021 4460 2083 4507 V.

2101 4555 2198 4596 ³52.
2245 4534 2398 4612 (πολὺ
2435 4532 2685 4616 νεώτερον
2726 4554 2741 4594 :
2784 4532 3007 4605 Ἐπειδὴ
3040 4533 3206 4614 γέρων
3239 4540 3268 4595 6
3304 4537 3484 4619 χορὸς,
3524 4543 3583 4599 οἱ

2022 4621 2077 4682 δὲ
2119 4622 2375 4703 γέροντες,
2396 4621 2722 4703 πραγμάτων
2758 4620 3173 4704 καταδεέστεροι.
3214 4622 3353 4701 λέγει
3395 4624 3451 4684 δὲ
3494 4625 3573 4685 ὅτι
3602 4658 3653 4699 fic

2021 4709 2154 4770 πολὺ
2194 4709 2439 4791 νεώτερον
2483 4707 2670 4788 ἔχοντα
2698 4705 2889 4789 τρόπον
2916 4707 3078 4787 θεάσῃ
3118 4732 3182 4787 με
3198 4754 3216 4787 ,
3245 4709 3278 4768 6'
3308 4714 3418 4771 ἐστι
3448 4713 3575 4772 παί-

2052 4820 2195 4857 οντα.
2304 4849 2309 4856 .

2022 4800 2051 4866 ζ
2103 4798 2217 4943 353.)
2241 4880 2418 4940 ἱκανὸν
2440 4879 2625 4961 χρόνον
2653 4900 2668 4940 2
2696 4880 2762 4959 ιγ’
2792 4878 2893 4960 γὰρ
2919 4880 3009 4952 ἔτη
3041 4871 3182 4962 εἶχον
3209 4886 3571 4962 πολεμοῦντες.

2024 4968 2270 5044 (πολλὴν,
2311 4968 2466 5049 φησὶ,
2508 4966 2679 5046 θλίψιν
2728 4966 3081 5043 ὑπεμείναμεν
3129 4970 3201 5034 εἷς
3247 4970 3313 5029 τὸ
3354 4970 3572 5032 Λύκειον
