3859 5725
1620 229 1689 287 G.
1735 226 2141 287 munem-³11.
3116 214 3131 223 '
3431 259 3468 300 v

322 380 461 427 rata.
492 373 678 443 Quam
710 365 1087 459 temp-itatem
1106 369 1379 423 Musurus
1405 362 1568 421 auxit
1594 380 1666 419 eo
1694 358 1852 437 quod

321 457 537 515 scholia
571 454 713 513 locis
742 455 1010 533 plurimis
1037 473 1108 511 ex
1135 451 1594 529 Harpocratione
1613 493 1630 522 ,
1672 447 1853 507 Suida

322 545 564 621 aliisque
581 541 966 620 scriptoribus
991 539 1074 620 (1)
1107 540 1500 617 interpolavit,
1526 550 1584 596 et
1610 539 1687 595 ita
1718 537 1853 613 qui-

321 632 452 690 dem
513 643 581 689 ut
630 650 868 689 suorum
914 643 1242 706 temporum
1289 628 1584 686 infantiam
1635 624 1854 701 ubique

321 718 616 797 proderet.
659 723 805 776 Nam
842 737 1022 795 quum
1058 738 1132 775 ex
1153 716 1330 775 Suida
1362 717 1717 775 scholiorum
1763 715 1855 772 la-

319 827 500 866 cunas
522 810 801 886 plurimas
831 807 1066 885 explere
1088 805 1470 881 codicumque
1493 825 1728 862 suorum
1763 804 1854 860 vi-

320 896 403 953 tia
436 896 883 953 innumerabilia
923 893 1232 953 emendare
1266 905 1497 971 posset,
1545 893 1636 950 his
1681 892 1853 950 bonis

322 982 592 1041 omnibus
626 984 900 1060 neglectis
930 1003 998 1041 ea
1019 995 1237 1040 tantum
1259 1001 1332 1038 ex
1348 980 1527 1039 Suida
1544 995 1602 1038 et
1617 979 1850 1039 aliunde

321 1075 518 1133 intulit
544 1096 674 1153 quae
701 1076 844 1134 nulli
877 1077 1006 1134 usui
1044 1086 1233 1133 essent
1270 1094 1376 1132 nec
1407 1095 1544 1133 raro
1573 1072 1646 1131 ab
1673 1073 1844 1131 scho-

319 1162 614 1221 liastarum
657 1177 920 1221 veterum
965 1160 1383 1221 consuetudine
1435 1160 1848 1219 abhorrerent:

319 1249 643 1326 cujusmodi
661 1264 795 1310 sunt
821 1271 951 1329 quae
965 1250 1168 1309 Suidas
1182 1268 1256 1307 ex
1274 1247 1537 1325 Polybio,
1555 1250 1847 1326 AppianO,

317 1338 581 1414 Juliano,
608 1341 896 1417 Procopio
927 1337 1326 1414 similibusque
1353 1337 1735 1415 scriptoribus
1764 1337 1850 1394 ci-

322 1428 484 1485 tavit.

398 1515 659 1573 Editioni
704 1515 921 1573 Aldinae
955 1518 1230 1575 successit
1256 1537 1306 1575 a.
1343 1517 1492 1574 1525
1517 1514 1850 1573 Florentina

316 1604 556 1661 Antonii
595 1603 867 1663 Franciui
890 1603 973 1681 (2)
1003 1648 1020 1675 ,
1074 1624 1203 1681 quae
1253 1604 1525 1663 editionis
1570 1602 1851 1680 principis

319 1692 568 1766 vestigia
590 1692 692 1749 vix
729 1711 973 1768 usquam
1001 1712 1108 1750 uec
1131 1693 1241 1750 nisi
1263 1693 1325 1750 in
1347 1691 1520 1750 rebus
1549 1690 1851 1748 levissimis

320 1776 611 1850 deseruit,
651 1779 1038 1837 accessionem
1072 1799 1208 1838 vero
1233 1800 1409 1837 unam
1443 1778 1616 1837 habet
1648 1776 1849 1835 lauda-

315 1863 494 1922 bilem
538 1866 759 1924 scholia
798 1865 874 1924 ad
901 1867 1064 1924 Pacis
1093 1886 1148 1925 v.
1179 1868 1493 1942 948-1005
1537 1886 1612 1923 ex
1654 1865 1853 1924 codice

318 1964 656 2018 Ravennate
683 1962 979 2038 suppleta,
1006 1962 1079 2019 de
1110 1961 1322 2039 quibus
1348 1980 1524 2039 supra
1550 1959 1849 2019 dicebam:

321 2066 451 2104 nam
479 2067 614 2123 quae
647 2060 925 2123 praeterea
966 2047 1039 2105 ad
1087 2048 1312 2125 priores
1343 2048 1591 2105 maxime
1633 2046 1853 2105 fabulas

318 2136 537 2211 passim
573 2134 798 2193 addidit
820 2137 1141 2194 Francinus
1173 2136 1389 2194 scholia
1417 2148 1475 2194 et
1496 2136 1852 2212 glossemata,

319 2222 430 2279 etsi
471 2222 682 2299 partim
728 2241 800 2279 ex
848 2221 1014 2280 libris
1052 2224 1460 2299 manuscriptis
1505 2223 1681 2282 ducta
1730 2244 1854 2283 esse

316 2321 651 2369 nostrorum
700 2310 967 2369 codicum
1012 2331 1327 2370 consensus
1370 2312 1595 2388 arguit,
1642 2314 1855 2373 nullius

319 2398 492 2473 plane
533 2397 708 2475 pretii
753 2409 908 2455 sunt.
960 2398 1087 2455 Alia
1133 2419 1203 2456 ex
1245 2399 1553 2457 scholiasta
1599 2400 1853 2475 Pindari,

316 2484 622 2543 Eustathio
647 2486 889 2562 aliisque
912 2486 1297 2562 grammaticis
1337 2485 1628 2563 descripta
1663 2488 1854 2547 editor

317 2574 583 2645 inseruit,
610 2592 726 2629 non
761 2574 885 2629 sine
920 2571 1192 2648 gravibus
1221 2574 1502 2650 peccatis,
1527 2574 1853 2655 cujusmpdi

317 2673 404 2719 est
447 2659 608 2736 quod
650 2659 888 2717 scholiis
915 2658 1142 2717 Aldinis
1185 2660 1258 2717 de
1289 2661 1594 2737 Pamphilo
1632 2663 1855 2740 pictore

317 2748 657 2806 Atheniensi
702 2746 774 2805 ad
822 2747 974 2806 Plut.
1016 2748 1130 2804 385
1176 2762 1511 2825 excerptum
1562 2748 1853 2825 quoddam

312 2834 586 2913 adjunxit
617 2856 691 2896 ex
711 2836 1020 2894 scholiasta
1041 2836 1277 2895 Pindari
1298 2836 1371 2896 de
1399 2838 1717 2915 Pamphylo
1741 2842 1855 2897 He-

316 2924 538 2983 raclida
562 2968 579 2997 ,
621 2925 856 3001 AEgimii
897 2926 1016 2983 tilio
1041 2970 1058 2997 ,
1105 2945 1278 3003 quem
1317 2925 1442 3003 ipse
1487 2927 1855 3004 Pamphilum

315 3011 539 3070 scribit.

380 3198 452 3260 (1)
484 3201 562 3248 Ex
607 3200 984 3263 Harpocratione
1027 3199 1151 3249 Nub.
1187 3205 1323 3262 1134,
1356 3206 1440 3264 Eq.
1480 3205 1599 3264 414,
1627 3204 1752 3254 Eccl.
1779 3206 1855 3270 18,

315 3274 434 3331 269,
457 3275 571 3331 395,
607 3277 720 3331 662,
749 3275 858 3320 663.
888 3276 956 3320 Ex
989 3270 1133 3319 suida
1155 3271 1280 3320 nub.
1315 3276 1428 3334 971,
1460 3278 1579 3321 aaa.
1609 3279 1718 3337 295,
1743 3281 1855 3340 791,

318 3346 460 3402 1366,
492 3347 576 3404 eq.
612 3346 722 3403 422,
755 3348 867 3404 435,
888 3346 998 3401 445,
1022 3346 1133 3404 527,
1167 3349 1275 3403 531,
1312 3351 1423 3405 666,
1452 3352 1563 3406 666,
1598 3350 1708 3409 645,
1744 3353 1855 3412 716,

314 3415 430 3474 726,
450 3416 562 3471 756,
587 3417 701 3473 652,
721 3416 832 3474 654,
858 3417 969 3476 655,
988 3418 1100 3475 954,
1117 3413 1230 3475 964,
1251 3418 1362 3476 965,
1397 3421 1530 3478 1611,
1556 3420 1692 3478 1617,
1719 3424 1855 3484 1665,

317 3489 460 3545 1150,
489 3487 630 3541 1302,
660 3483 780 3532 Aeli.
816 3490 927 3545 520,
970 3488 1105 3544 1182,
1132 3487 1282 3547 Vesp.
1315 3489 1419 3546 170,
1456 3491 1565 3548 289,
1599 3494 1708 3552 583,
1743 3496 1855 3555 678,

313 3555 830 3615 661,721,769,674,
869 3557 1337 3615 1626,1636,1642,
1380 3561 1517 3617 1111,
1553 3563 1687 3621 1236,
1719 3567 1854 3624 1259,

316 3628 460 3683 1416,
489 3627 629 3684 1411,
656 3626 956 3685 14961517,
976 3628 1085 3672 rac.
1114 3628 1187 3685 17,
1217 3628 1322 3683 153,
1343 3629 1614 3690 635,1ο94,
1634 3635 1724 3681 av.
1750 3636 1857 3695 156,

319 3697 434 3752 19⁴,
457 3697 600 3752 1022,
622 3697 763 3754 1283,
788 3692 912 3742 ΕοοΙ.
942 3698 1016 3754 18,
1039 3696 1148 3753 148,
1173 3697 1279 3754 154,
1300 3699 1411 3755 652,
1434 3701 1570 3746 1026.
1591 3704 1660 3748 Ex
1678 3702 1857 3752 AEliano

311 3764 520 3813 De‘uat.
545 3764 694 3811 anim.
729 3767 812 3824 tq,
838 3766 950 3811 045.
989 3768 1060 3811 Ex
1082 3763 1339 3812 Ammonio
1361 3765 1487 3813 Eccl.
1527 3773 1634 3817 611.
1671 3775 1737 3819 Ex
1767 3778 1858 3823 De-

312 3833 496 3885 maio
537 3835 642 3897 περὶ
679 3832 915 3897 ἑρμηνείας
949 3831 1077 3881 Eub.
1110 3836 1221 3882 401.
1260 3839 1328 3882 Ex
1362 3835 1574 3886 Diodoro
1604 3839 1673 3888 Pl.
1709 3844 1756 3890 9.
1789 3848 1857 3892 Ex

314 3900 655 3954 untatbioad
673 3901 955 3963 Dionysium
977 3901 1104 3952 Ναὶ).
1126 3908 1234 3954 208.
1258 3908 1325 3952 Ex
1343 3908 1570 3968 Gregorio
1593 3914 1701 3959 cor.
1727 3913 1853 3963 Nub.

313 3979 402 4026 53.
425 3980 494 4024 Ex
515 3973 751 4023 Pausania
783 3979 906 4022 itan.
936 3975 1020 4023 552·
1049 3980 1116 4023 Ex
1148 3976 1408 4026 Plutarcho
1440 3978 1564 4027 nub.
1605 3985 1743 4044 1179,
1769 3990 1854 4047 Eq.

320 4052 460 4097 1017.
485 4053 556 4096 Ex
577 4046 832 4096 scholiasta
863 4045 1100 4109 Apollonii
1121 4049 1295 4098 Rhodii
1331 4049 1457 4098 Nub.
1492 4055 1603 4114 397,
1634 4059 1858 4106 1068.Ε11

313 4117 579 4168 scholiasta
597 4115 839 4178 Euripidis
855 4122 974 4165 ltan.
996 4120 1106 4176 303,
1134 4120 1266 4179 1185,
1291 4125 1428 4186 1225,
1453 4124 1594 4185 Vesp-
1627 4127 1760 4174 1413.
1790 4133 1856 4176 Ex

314 4186 568 4250 stephano
587 4191 697 4247 syn.
724 4186 849 4235 11111).
869 4191 979 4247 323,
1001 4191 1111 4236 332.
1151 4194 1216 4237 rx
1236 4189 1339 4239 vita
1359 4192 1608 4254 sophoclis
1636 4198 1755 4244 aaa.
1778 4200 1856 4247 73.

317 4263 394 4307 Ex
411 4257 609 4307 zenobii
629 4257 897 4319 proverbiis
915 4257 1040 4307 Nub-
1073 4262 1178 4318 133,
1197 4264 1341 4324 vesp.
1369 4268 1476 4323 191,
1501 4269 1586 4326 Eq.
1608 4267 1717 4315 98⁴.

389 4327 460 4390 (1)
511 4330 799 4378 Prae-inum
840 4327 1094 4377 nominant
1126 4333 1553 4394 nemaei-husius,
1594 4336 1861 4388 Brunckius

317 4396 536 4460 aliique,
577 4411 742 4447 errore
776 4397 966 4462 decepti
999 4399 1266 4461 typothetae
1286 4436 1301 4462 ,
1351 4403 1435 4465 qui
1484 4406 1741 4456 Fracinus
1771 4421 1859 4472 pro

319 4469 622 4517 hammus
671 4469 837 4531 posuit
882 4468 935 4517 in
986 4469 1146 4520 trente
1191 4470 1409 4533 epistolae
1450 4474 1511 4524 ad
1549 4478 1860 4530 Benedictum

320 4536 572 4586 amttam
597 4573 614 4600 ,
655 4537 1070 4601 mutiepiscopum
1093 4549 1098 4556 ·
1119 4546 1466 4594 Ravennatem.
1518 4551 1706 4597 Nomen
1753 4550 1860 4600 viro

318 4604 475 4657 fiune
501 4609 754 4660 francini
788 4622 852 4660 ex
887 4610 1087 4660 unciani
1127 4613 1440 4677 suetoniique
1474 4615 1769 4670 editionibus
1813 4624 1863 4671 et

320 4676 522 4730 athmde
558 4681 766 4731 comtat.
806 4682 873 4729 Et
916 4682 987 4731 sic
1023 4687 1228 4734 vocatur
1262 4685 1312 4733 in
1352 4686 1695 4749 epigrammate
1724 4692 1862 4741 Σεὸα-

322 4745 514 4797 στιάνω
538 4755 622 4799 τοῦ
649 4749 921 4812 Δουκκίου,
957 4752 1088 4816 quod
1129 4755 1436 4817 Aristophani
1473 4757 1728 4821 praefixum
1752 4764 1858 4823 aet,

321 4821 506 4881 πρῡτος
526 4821 555 4869 ὁ
574 4822 860 4885 limoniam<
880 4820 1029 4872 δῶκεν
1049 4825 1164 4874 ποτὶ
1196 4825 1345 4874 πολλὰ
1368 4827 1577 4889 μογήσας
1604 4828 1612 4890 Ι
1640 4829 1862 4892 χαλκοτύ-

319 4901 430 4943 ποις
457 4890 634 4940 σελίσιν
657 4891 825 4956 m
862 4892 1222 4957 Ἀριστοφάνους.
1246 4895 1262 4958 Ι
1288 4897 1495 4963 δεύτερος
1519 4897 1579 4948 αὗ
1602 4903 1862 4965 Φραγκῐνος

325 4957 519 5040 [adv-:cv
545 4963 698 5012 τωύτὰ
726 4961 934 5026 χαράξας
960 4965 970 5023 l
994 4966 1190 5017 πλεῖστα
1220 4967 1499 5032 διορθώσας,
1531 4969 1861 5036 timum

2022 360 2345 423 Editionem
2387 364 2779 425 Florentinum
2839 366 3232 443 repetiverunt
3286 372 3465 449 Sigis-

1944 448 2192 509 mundus
2227 453 2497 512 Gelenius
2528 453 2757 511 Basileae
2785 473 2834 511 a.
2877 455 3021 527 ¹⁵47
3047 499 3064 526 ,
3106 468 3164 513 et
3205 460 3466 520 AEmilius

1944 542 2152 597 Portus
2192 541 2439 599 Aureliae
2468 539 2849 618 Allobrogum
2888 561 2939 602 a.
2988 544 3133 615 1607
3157 586 3173 611 ,
3223 558 3467 625 uterque

1942 645 2058 684 non
2103 629 2226 685 sine
2263 627 2659 705 frequentibus
2702 630 2914 686 levium
2955 630 3230 688 vitiorum
3269 653 3469 692 corre-

1943 713 2271 773 ctionibus:
2302 736 2444 793 quas
2475 716 3001 775 emendatiunculas
3044 717 3219 776 hodie
3245 741 3314 778 cx
3354 722 3469 780 illis

1943 803 2226 877 expiscari
2264 802 2617 861 editionibus
2660 815 2821 861 tauto
2867 806 3055 862 minus
3096 804 3289 882 operae
3327 830 3468 886 pre-

1947 891 2084 947 tium
2116 890 2257 963 fuit,
2286 911 2465 968 quum
2509 912 2695 968 prope
2727 912 2926 951 omnes
2961 894 3289 970 graviorem
3317 917 3468 955 nuuc

1942 976 2194 1036 habeant
2243 979 2644 1037 auctoritatem
2698 980 2986 1038 codicum.
3047 982 3235 1039 Multo
3282 984 3469 1042 minus

1941 1085 2392 1124 commemorare
2431 1066 2595 1124 licuit
2623 1087 2752 1144 quae
2782 1080 2840 1126 et
2872 1069 2969 1126 isti
3005 1081 3064 1127 et
3092 1070 3189 1128 alii
3221 1071 3471 1131 editores

1940 1171 2059 1209 nou
2083 1173 2215 1210 raro
2235 1155 2328 1212 vel
2353 1172 2488 1211 sana
2520 1166 2905 1214 attrectarunt
2938 1155 3030 1214 vel
3056 1157 3264 1215 vitiosa
3288 1162 3473 1218 corri-

1940 1240 2128 1316 gendo
2154 1243 2332 1319 magis
2361 1255 2772 1320 corruperunt.

2017 1329 2233 1386 AEmilii
2257 1330 2418 1386 Porti
2440 1331 2700 1407 vestigiis
2730 1332 2941 1389 institit
2978 1333 3321 1411 Ludolphus
3348 1341 3471 1394 Ku-

1939 1428 2125 1473 sterus
2152 1417 2212 1473 in
2239 1416 2496 1476 editione
2524 1419 3046 1479 Amstelodamensi
3075 1442 3124 1479 a.
3164 1418 3331 1496 1716,
3372 1427 3478 1501 qui

1940 1505 2062 1581 ipse
2096 1524 2329 1582 quoque
2368 1506 2582 1563 leviora
2604 1508 2906 1586 scripturae
2929 1508 3068 1568 vitia
3100 1510 3280 1569 multa
3300 1512 3474 1571 tacite

1939 1600 2194 1657 correxit
2216 1643 2231 1671 ,
2263 1599 2336 1658 de
2358 1600 2484 1658 aliis
2507 1602 2566 1659 in
2595 1604 2970 1662 annotatione
3003 1605 3228 1663 monuit
3252 1649 3269 1676 ,
3296 1606 3471 1664 adhi-

1940 1684 2063 1743 bito
2087 1686 2374 1745 interdum
2401 1688 2594 1747 Suidae
2621 1690 2828 1749 lexico.
2872 1691 3105 1750 Scholia
3132 1694 3468 1769 Lysistratae

1941 1775 2163 1851 primus
2207 1775 2389 1834 edidit
2434 1796 2506 1834 ex
2544 1777 2844 1836 codicibus
2881 1780 3160 1838 Vossiano
3206 1781 3473 1840 Leidensi

1942 1863 2033 1938 (L)
2059 1874 2118 1920 et
2153 1864 2506 1922 Barocciano
2536 1867 2611 1923 38
2647 1864 2852 1944 (Bon).
2881 1871 3138 1945 Uterque
3165 1869 3354 1927 codex
3385 1870 3472 1927 la-

1941 1969 2190 2007 cunosus
2212 1964 2297 2009 est
2319 1971 2507 2028 neque
2524 1952 2595 2009 ad
2613 1957 3001 2011 Ravennatem
3022 1955 3440 2032 comparandus
3459 1979 3471 2013 :

1942 2049 2209 2095 neutrum
2236 2040 2371 2097 satis
2413 2040 2719 2117 diligenter
2742 2043 3009 2100 tractavit
3032 2047 3335 2102 KusteruS.
3364 2051 3474 2103 Ba-

1944 2125 2276 2184 roccianum
2308 2129 2630 2205 accuratius
2675 2120 2926 2188 contulit
2960 2135 3210 2189 ,Ioannes
3256 2133 3473 2192 Alberti

1944 2214 2002 2270 in
2038 2212 2555 2274 observationibus
2578 2217 2955 2276 miscellaneis
2983 2220 3473 2278 Amstelodamen-

1942 2299 2103 2358 sibus
2131 2301 2245 2358 vol.
2275 2323 2328 2373 7,
2354 2322 2413 2379 p.
2446 2303 2554 2360 125
2575 2347 2591 2375 ,
2621 2324 2947 2381 quanquam
2978 2326 3096 2364 non
3122 2307 3252 2384 ipso
3277 2309 3476 2367 codice

1944 2407 2099 2462 usus,
2134 2388 2234 2447 sed
2254 2390 2595 2468 apographo
2610 2393 2862 2469 quodam
2889 2393 3013 2471 ejus
3036 2414 3088 2453 a.
3126 2398 3272 2471 1697
3300 2397 3472 2455 sacto.

1942 2476 2288 2534 Vossianum
2319 2496 2427 2555 ego
2454 2479 2583 2555 ipse
2608 2480 2850 2556 inspexi.

2025 2562 2335 2622 Librorum
2355 2566 2741 2624 Parisinorum
2765 2568 3106 2645 glossemata
3130 2575 3476 2645 Brunckius,

1944 2651 2405 2710 Britannicorum
2440 2652 2723 2713 Dobraeus
2745 2655 2944 2713 edidit.

2025 2765 2049 2791 α
2071 2741 2275 2815 Copias
2317 2744 2662 2799 Victor-fanas-
2683 2770 2705 2794 ι»
2757 2765 2975 2821 magnae
3020 2759 3191 2806 testes
3238 2750 3481 2827 inopiae‚

1944 2825 2015 2884 ad
2042 2827 2262 2887 fabulas
2281 2848 2484 2888 novem
2505 2831 2745 2891 Aldinas
2764 2833 2949 2893 edidit
2969 2836 3235 2911 Aloysius
3264 2839 3479 2898 Niclte-

1943 2915 2056 2972 lius
2079 2916 2140 2974 in
2162 2917 2484 2975 Thierschii
2511 2920 2672 2979 Actis
2697 2922 3142 2982 Monacensibus
3179 2925 3298 2983 vol.
3334 2948 3382 2997 1,
3420 2948 3476 3005 p.

1948 3005 2240 3074 341-416.
2270 3008 2419 3063 Sunt
2452 3006 2564 3064 illae
2592 3009 2775 3085 copiae
2797 3009 2939 3066 nihil
2970 3010 3089 3069 fere
3120 3012 3279 3069 aliud
3303 3029 3489 3092 quant

1945 3091 2287 3168 glossemata
2315 3094 2527 3170 partim
2549 3114 2620 3152 ex
2652 3095 2958 3154 codicibus
2992 3098 3340 3175 quibusdam
3374 3122 3481 3160 ex—

1945 3193 2145 3257 cerpta
2164 3224 2181 3253 ,
2226 3181 2377 3239 iuter
2405 3200 2552 3258 quos
2583 3181 2718 3241 libri
2744 3185 2928 3243 nostri
2949 3190 3095 3247 VB.
3118 3208 3241 3250 esse
3269 3191 3479 3250 viden-

1947 3279 2031 3324 tui
2064 3308 2079 3336 ,
2109 3269 2318 3346 partim
2345 3288 2379 3326 a
2403 3269 2665 3329 victorio
2688 3292 2721 3330 e
2751 3272 3174 3353 lexicographis
3215 3281 3484 3336 transcri-

1945 3367 2044 3432 pta
2071 3356 2129 3412 iu
2158 3358 2475 3433 marginem
2503 3360 2851 3438 exemplaris
2879 3363 3076 3422 Aldini
3124 3366 3283 3441 quod
3324 3387 3476 3425 nunc

1944 3443 2006 3498 in
2033 3439 2388 3502 bibliotheca
2409 3446 2565 3523 regia
2592 3451 2927 3507 Monacensi
2959 3465 3301 3514 asservatur.

2025 3530 2271 3590 scholiis
2300 3531 2361 3589 in
2390 3533 2618 3591 Plutum
2642 3536 2940 3595 utilissima
2969 3539 3076 3597 fuit
3103 3540 3483 3599 Hemsterhu-

1945 3619 2015 3678 sii
2037 3638 2218 3697 opera
2245 3621 2316 3698 (a.
2354 3623 2557 3699 1744),
2598 3625 2856 3701 quamvis
2883 3647 2998 3684 uon
3036 3629 3152 3686 alio
3176 3630 3265 3688 usi
3307 3629 3481 3707 adju-

1946 3721 2140 3765 mento
2162 3726 2333 3784 quam
2365 3710 2554 3769 Suidae
2582 3713 2785 3771 lexico.
2811 3718 3074 3792 Namque
3102 3715 3346 3775 duorum
3381 3721 3478 3796 qui

1946 3796 2027 3854 illi
2057 3809 2266 3873 praesto
2296 3797 2458 3857 sucre
2499 3799 2766 3859 codicum
2791 3805 3108 3880 margines,
3138 3807 3480 3864 Dorvilliani

1946 3897 2005 3942 et
2029 3884 2344 3957 Leidensis,
2370 3906 2486 3943 nou
2502 3901 2777 3947 ‚veterum
2797 3893 3300 3968 grammaticorum
3318 3894 3482 3952 scho-

1946 3972 2070 4043 liis,
2117 3970 2216 4029 sed
2257 3971 2520 4031 barbaris
2562 3978 2915 4036 novitiorum
2958 3980 3261 4039 hominum
3298 3982 3474 4039 inter·

1947 4057 2367 4134 pretationibus
2398 4062 2739 4140 plerumque
2764 4065 3006 4125 verbum
3028 4068 3209 4126 verbo
3234 4068 3481 4127 redden-

1948 4147 2100 4205 tibus
2147 4147 2397 4223 impletae
2439 4164 2574 4209 sunt
2604 4175 2618 4209 :
2649 4174 2891 4230 quarum
2932 4176 3235 4215 numerum
3283 4159 3409 4217 aliis
3449 4179 3482 4219 e

1946 4235 2111 4293 libris
2135 4254 2481 4314 magnopere
2504 4260 2714 4317 augere
2741 4244 3053 4319 potuissem
3071 4287 3088 4315 ,
3125 4245 3233 4303 nisi
3263 4245 3477 4304 chartis

1947 4342 2184 4400 parcere
2218 4325 2588 4400 praestitisset.
2631 4333 2763 4385 Non
2807 4330 2986 4387 multo
3029 4331 3284 4394 melioris
3327 4347 3479 4391 uotae
3531 4357 3539 4369 ·

1948 4424 2084 4468 sunt
2124 4431 2253 4488 quae
2288 4432 2359 4468 ex
2393 4412 2592 4472 codice
2629 4418 2884 4475 Parisino
2928 4416 3079 4490 2827
3130 4421 3362 4497 (Paris.)
3404 4420 3478 4478 ab

1948 4499 2142 4558 Bastio
2169 4514 2441 4577 excerpta
2470 4502 2687 4561 scholia
2715 4516 2773 4562 et
2797 4505 3134 4582 glossemata
3154 4506 3479 4566 Schaeferus

1948 4586 2134 4644 edidit
2178 4588 2239 4645 in
2286 4590 2606 4666 appendice
2661 4591 2735 4650 ad
2772 4593 2923 4652 Pluti
2986 4595 3479 4654 Hemsterhusiaui

1949 4675 2256 4734 editionem
2288 4677 2646 4753 Lipsiensem
2679 4700 2737 4758 p.
2774 4681 3077 4753 487-565‚
3108 4703 3238 4758 quae
3269 4683 3476 4761 partim

1948 4762 2188 4820 Thomae
2210 4765 2473 4841 Magistri
2496 4787 2616 4825 esse
2640 4789 2709 4826 ex
2738 4770 2927 4852 prim9
2953 4769 3025 4826 ad
3051 4771 3276 4829 Plutum
3308 4772 3480 4831 scho-

1949 4849 2027 4907 lio
2080 4850 2271 4928 colligi
2322 4865 2530 4930 potest.
2593 4859 3010 4918 Anuotationes
3059 4861 3477 4919 Bemsterhusii

1950 4938 2087 4996 meis
2132 4938 2208 4995 ita
2246 4939 2457 5000 inserui
2504 4955 2571 5002 ut
2613 4964 2924 5003 resecarem
2973 4967 3102 5025 quae
3145 4960 3474 5007 nostrorum

1950 5027 2211 5087 codicum
2255 5029 2424 5088 lectio
2450 5033 2673 5092 inutilia
2697 5035 3066 5111 reddidisset,
3098 5039 3157 5097 iu
3186 5040 3256 5097 iis
3287 5052 3474 5097 autem
