3859 5725
373 264 489 316 280

371 389 409 469 ἧ
462 419 563 455 που
618 395 816 477 σφόδρα
864 401 1032 476 θυμοῖ.

370 494 506 568 τρεῖς
532 490 684 544 τοῦτο
710 485 983 564 λέγοντας,
1013 488 1406 566 ἀσπαζομένους
1426 489 1516 549 τὸν
1544 489 1793 571 Χάρωνα,
1807 488 1934 551 Διό-

371 596 552 646 νυσον,
593 571 826 634 Ξανθίαν
867 574 958 634 καὶ
994 574 1083 635 τὸν
1119 576 1319 659 νεκρόν.
1365 579 1447 637 δεῖ
1486 576 1589 659 γὰρ
1644 582 1934 650 ὑπονοῆσαι

376 661 652 741 βούλεσθαι
678 659 770 721 καὶ
784 663 940 721 αὐτὸν
959 664 1321 740 συνεμὸαίνειν
1357 668 1550 734 αὐτοῖς.

318 762 345 802 ὅ
453 768 547 808 185.
593 748 699 828 [τίς
732 752 804 817 εἰς
839 751 1149 819 ἀναπαύλας
1187 772 1202 812 τ
1251 755 1343 820 Εἷς
1377 752 1698 820 ἀναπαύσεις
1734 751 1837 833 γὰρ
1871 754 1933 811 ἐκ

370 840 639 915 κοσμικῶν
658 837 927 917 ὀχλήσεων
953 845 1214 921 χωροῦσιν
1240 844 1289 899 οἱ
1317 840 1731 922 μεθιστάμενοι]

453 945 548 986 186.
592 925 671 993 τίς
709 928 781 993 εἰς
819 925 879 985 τὸ
921 925 1098 1000 Λήθης
1132 927 1308 988 πεδίον
1344 948 1358 989 :
1398 931 1570 989 Τοῦτο
1614 927 1867 1009 κηρύσσει
1902 931 1932 987 6

370 1012 585 1093 Χάρων.
616 1017 686 1080 ὣς
704 1011 896 1081 τόπους
923 1011 977 1073 δὲ
1002 1013 1304 1096 καταλέγει.
1332 1018 1392 1075 ἐκ
1419 1014 1474 1074 δὲ
1503 1021 1593 1075 τοῦ
1612 1015 1851 1097 δευτέρου
1871 1015 1930 1074 τὸ

370 1100 624 1160 ἀδύνατον
664 1104 770 1160 τῶν
809 1101 928 1161 καθ’
967 1101 1124 1188 ᾍδου
1154 1105 1326 1177 δηλοῖ,
1358 1110 1449 1163 τοῦ
1487 1105 1566 1181 (ἧς
1604 1105 1720 1164 ὄνου
1761 1103 1929 1170 πόκας

294 1207 345 1247 10
373 1189 488 1248 ἀντὶ
502 1193 610 1268 τοῦ)
635 1188 668 1262 ἢ
692 1193 763 1258 εἷς
783 1190 902 1250 ὄνου
917 1190 1104 1259 πόκας.
1129 1189 1382 1251 ἀδύνατον
1401 1190 1503 1273 γὰρ
1521 1190 1689 1259 πόκας
1712 1190 1928 1250 ἀποκεί-

371 1283 561 1359 ρασθαι
586 1282 691 1339 τῶν
714 1278 864 1340 ὄνων.
890 1278 1132 1359 φαίνεται
1160 1277 1214 1338 δὲ
1237 1279 1330 1338 καὶ
1349 1282 1700 1361 παροιμιῶδες
1720 1280 1823 1352 ἤδη
1852 1269 1927 1338 ε’ί-

369 1388 474 1428 ναι.
520 1365 581 1426 τὸ
620 1365 677 1426 δὲ
721 1366 901 1438 Λήθης
925 1366 1126 1444 πεδίον,
1166 1365 1394 1444 Δίδυμός
1434 1391 1595 1448 φησι,
1639 1367 1832 1447 χωρίον
1872 1369 1926 1424 ἐν

366 1451 536 1540 ε’ᾼδου
592 1454 975 1513 διατετύπωκεν
1023 1453 1186 1534 (οὕτω
1230 1454 1529 1535 λεγόμενον,
1572 1460 1655 1535 ὁὡς
1703 1455 1793 1514 καὶ
1837 1453 1925 1513 τὸν

366 1542 596 1603 Αὗαίνου
631 1541 774 1602 λίθον
809 1540 1036 1601 ἔπλασεν
1072 1542 1177 1601 ἀπὸ
1216 1548 1308 1601 τοῦ
1334 1542 1454 1609 τοὺς
1475 1541 1683 1622 νείροὺς
1714 1539 1926 1599 αὗαίνε-

226 1642 234 1649 “
289 1650 339 1690 15
367 1634 489 1689 σθαι
513 1630 606 1690 καὶ
647 1628 931 1698 ἀλίὸαντας
958 1620 1110 1691 εἶναι.
1143 1628 1260 1689 ὄνου
1285 1628 1341 1689 δὲ
1368 1630 1533 1698 πόκας
1548 1629 1611 1689 τὸ
1639 1628 1924 1710 ἄχρηστον·

364 1717 484 1777 οὐδὲ
506 1717 606 1799 γὰρ
631 1720 687 1777 αἱ
713 1722 807 1777 τοῦ
835 1716 954 1777 ὄνου
980 1717 1136 1786 πόκες
1158 1717 1585 1799 χρησιμεύουσιν.
1614 1723 1650 1789 ἡ
1666 1716 1924 1797 παροιμία

364 1805 421 1866 δὲ
442 1806 653 1886 λέγεται
680 1805 768 1865 ἐπὶ
794 1810 898 1865 τῶν
927 1805 1213 1880 ἀνηνύτων,
1243 1809 1296 1866 ἐν
1334 1798 1378 1888 ᾧ
1423 1806 1603 1888 τρόπῳ
1635 1805 1804 1887 φαμὲν
1833 1803 1924 1863 καὶ

362 1894 424 1954 τὸ
449 1894 647 1975 χύτραν
672 1893 985 1967 ποικίλλεις,
1013 1893 1104 1952 καὶ
1129 1893 1323 2008 κόπρον
1349 1897 1657 1976 ἀναθυμιᾷς.
1693 1892 1922 1965 ἀνήνυτα

363 1981 420 2043 δὲ
439 1983 530 2044 καὶ
543 1981 611 2042 τὰ
644 1980 884 2069 ἐνᾍδου.
917 1980 1004 2041 διὰ
1031 1987 1182 2041 τοῦτο
1196 2005 1283 2040 ουν
1318 1982 1436 2042 ὄνου
1472 1981 1643 2050 πόκας
1657 1980 1922 2040 ἀνέπλασε

282 2083 340 2124 20
364 2072 686 2149 ποιητικῶς.)
728 2105 805 2117 -—
826 2068 861 2141 ἢ
882 2070 923 2137 ’ς
954 2068 1073 2129 ὄνου
1095 2068 1262 2137 πόκας
1290 2090 1305 2130 :
1332 2073 1426 2137 Εἰς
1448 2070 1506 2130 τὸ
1537 2069 1719 2148 μηδέν.
1752 2082 1879 2132 vict.

443 2182 539 2222 187.
580 2158 616 2230 ἢ
653 2158 697 2227 ’ς
742 2156 1057 2239 Κερὸερίους
1103 2176 1119 2218 :
1162 2156 1343 2235 (Τινὲς
1378 2158 1468 2218 καὶ
1509 2160 1637 2241 παρ’
1691 2161 1920 2248 Ὁμήρῳ

363 2257 477 2322 [od.
499 2260 568 2322 A,
601 2254 673 2319 ιι]
701 2244 985 2328 γράφουσιν
1019 2274 1045 2299 α
1072 2244 1252 2305 ἐνθάδε
1275 2245 1575 2327 Κερὸερίων
1619 2273 1644 2303 n
1684 2251 1798 2311 ἀντὶ
1826 2261 1921 2314 τοῦ

360 2334 707 2417 Κιμμερίων·
739 2332 775 2404 ἢ
812 2335 1010 2412 μᾶλλον
1040 2332 1159 2401 τοὺς
1200 2333 1526 2416 Κιμμερίους
1565 2337 1712 2417 φασί.
1746 2341 1921 2411 παίζει

360 2426 415 2485 δὲ
443 2422 590 2506 παρὰ
612 2422 704 2483 τὸν
725 2420 1009 2503 Κέρὸερον.
1027 2457 1105 2467 -
1119 2421 1284 2500 ὄνομα
1307 2420 1472 2481 τόπου
1495 2423 1748 2504 κηρύσσει
1767 2432 1794 2487 6
1813 2429 1922 2489 Χά-

278 2530 331 2571 25
363 2540 485 2598 ρων.
513 2509 826 2594 Κερὸερίους
849 2508 905 2568 δὲ
932 2509 1051 2576 τοὺς
1080 2508 1403 2589 Κιμμερίους
1416 2509 1576 2590 λέγει.
1606 2523 1664 2571 R.
1692 2539 1925 2598 περαιω.

358 2610 512 2679 θ’ῆναι
535 2600 629 2681 μὲν
672 2599 783 2658 ἐκεῖ
807 2597 902 2657 οὔκ
925 2600 1067 2671 ἐστι,
1092 2595 1387 2663 κατάὸασις
1408 2597 1465 2655 δὲ
1498 2601 1569 2666 εἰς
1589 2598 1747 2686 ᾍδου
1777 2605 1913 2679 ἐκεῖ,

356 2698 427 2761 ὡς
447 2688 741 2771 μυθεύεται.
768 2701 833 2749 V.

440 2800 535 2839 188.
581 2775 798 2859 σχήσειν
831 2795 846 2836 2
875 2772 1169 2855 Ὁρμίσειῦ.
1189 2783 1251 2831 V.
1278 2771 1639 2850 ἑλλιμενίσειν.
1665 2793 1730 2840 Ε.

437 2890 532 2930 189.
578 2867 660 2948 [ἐς
688 2862 918 2948 κόρακας
957 2885 972 2924 :
1002 2859 1197 2930 Παίζει
1231 2863 1451 2921 ἐνταῦθα
1486 2860 1647 2921 εἰπὼν
1674 2867 1725 2933 ἐς
1757 2865 1916 2948 κόρα-

277 2967 330 3007 ³0
355 2981 469 3027 χας,
495 2955 742 3029 Ἀθήνησι
767 2951 871 3034 γὰρ
911 2949 1068 3018 τόπος
1092 2940 1156 3023 ἦν
1181 2947 1317 3024 οὕτω
1334 2950 1680 3030 καλούμενος,
1710 2955 1829 3036 οὐχὶ
1863 2959 1917 3016 ἐν

353 3047 532 3135 ᾍδου.
563 3044 599 3118 ἢ
616 3049 772 3104 τοῦτο
792 3041 967 3121 λέγει,
998 3037 1177 3110 ἐπειδὴ
1219 3039 1310 3098 καὶ
1350 3041 1396 3099 οῖ
1420 3043 1588 3100 ἐκεῖσε
1616 3043 1915 3123 ῥιπτόμενοι

353 3140 425 3205 εἰς
453 3133 716 3195 ἀπώλειαν
742 3127 1018 3212 ἤρχοντο]

430 3223 518 3284 ναὶ
546 3221 625 3301 μὰ
658 3218 761 3281 Δία
786 3223 881 3278 σοῦ
909 3216 957 3296 γ’
987 3214 1161 3274 εἵνεκα
1202 3233 1218 3276 :
1250 3212 1499 3293 Παρόσον
1530 3214 1692 3286 οὕτως
1719 3222 1767 3278 οἱ
1796 3228 1916 3281 ναῦ-

349 3337 439 3374 ται
465 3309 679 3371 εἰώθασι
700 3306 870 3386 λέγειν
898 3301 1233 3386 χαριζόμενοι
1261 3305 1336 3380 τῷ
1360 3302 1608 3384 ἐπιὸάτῃ.
1860 3381 1865 3387 ι

268 3412 323 3451 3⁵
434 3420 531 3461 1⁹1.
578 3399 624 3456 εἰ
669 3394 745 3474 μὴ
786 3390 1153 3471 νεναυμάχηκε
1194 3409 1209 3449 :
1242 3387 1374 3467 (Τὴν
1417 3390 1537 3473 περὶ
1574 3392 1911 3475 Ἀργίνοοσαν

349 3488 478 3571 φησὶ
498 3482 819 3564 ναυμαχίαν.
839 3471 974 3553 ἦσαν
1002 3479 1105 3559 γὰρ
1124 3480 1172 3536 οἱ
1200 3478 1373 3536 δοῦλοι
1394 3476 1512 3539 τότε
1530 3482 1913 3561 ναυμαχήσαν-

347 3601 455 3651 τες,
479 3573 599 3655 περὶ
629 3570 831 3641 οὗδενὸς
860 3568 1020 3627 ἄλλου
1054 3565 1089 3638 ἢ
1117 3563 1238 3646 περὶ
1266 3568 1371 3624 τῶν
1407 3565 1552 3624 ἰδίων
1579 3571 1762 3648 κρεῶν,
1790 3595 1909 3631 του-

346 3664 494 3724 τέστι
511 3659 788 3739 σωμάτων.
813 3655 970 3739 φησὶν
999 3644 1107 3726 οῧν,
1134 3649 1240 3713 οῖον
1269 3654 1328 3711 οὗ
1352 3653 1473 3736 περὶ
1497 3656 1792 3735 χρημάτων
1818 3659 1910 3719 καὶ

346 3749 625 3831 πατρίδος,
655 3743 793 3806 ἀλλὰ
813 3743 935 3824 περὶ
961 3748 1054 3801 τοῦ
1078 3741 1210 3800 ἰδίου
1239 3739 1504 3818 σώματος.
1534 3742 1692 3823 κρέας
1726 3743 1829 3828 γὰρ
1851 3748 1910 3807 τὸ

267 3845 324 3887 ⁴⁰
348 3844 521 3917 σῶμα.
547 3834 762 3917 φέρεται
794 3830 848 3891 δὲ
874 3831 964 3891 καὶ
1000 3830 1134 3903 άλλη
1163 3829 1374 3910 γραφή·
1411 3828 1508 3900 τὴν
1538 3831 1661 3912 περὶ
1686 3837 1788 3892 τῶν
1820 3858 1905 3895 νε-

346 3931 502 4009 κρῶν.
530 3924 611 3997 εἴη
640 3922 685 3982 δ’
713 3921 775 3981 ἂν
803 3917 971 3997 λέγων
996 3918 1118 3999 περὶ
1143 3921 1237 3989 τῆς
1261 3917 1315 3975 ἐν
1336 3915 1690 3998 Ἀργινούσαις
1713 3944 1910 4001 ναυμα·

344 4017 494 4098 χίας,
523 4017 577 4074 ἐν
623 4004 661 4092 ᾗ
691 4009 876 4070 ἐνίκων
917 4005 1011 4087 μὲν
1033 4009 1082 4066 οἱ
1110 4006 1404 4084 Ἀθηναῖοι,
1447 4004 1567 4073 τοὺς
1607 4008 1819 4090 νεκροὺς
1854 4012 1910 4072 δὲ

344 4103 680 4175 ἐκωλύθησαν
710 4096 986 4158 ἀνελέσθαι
1027 4093 1129 4153 ὑπὸ
1161 4097 1435 4173 χειμῶνος.
1482 4092 1534 4162 ἐξ
1574 4086 1635 4154 οὗ
1668 4096 1760 4156 καὶ
1802 4103 1905 4159 τῶν

344 4192 473 4253 δέκα
496 4191 804 4271 στρατηγῶν
830 4182 1104 4245 ἀπώλοντο
1122 4178 1593 4250 καταδικασθέντες
1611 4187 1658 4243 οἳ
1678 4187 1906 4265 ὑπομεί-

262 4297 316 4338 42,
343 4307 520 4350 ναντες
534 4280 604 4351 ἕξ.
630 4277 744 4338 ἐπεὶ
764 4268 853 4336 οὖν
872 4269 1298 4351 συνεναυμάχουν
1315 4269 1407 4329 καὶ
1423 4272 1471 4330 οἱ
1492 4271 1685 4353 δοῦλοι,
1706 4277 1908 4336 τοιοῦτό

342 4398 394 4432 τι
418 4370 592 4451 λέγει,
623 4368 802 4428 δοῦλον
823 4367 918 4425 οὐκ
941 4362 1089 4443 ἄγω,
1114 4361 1161 4419 εἷ
1191 4358 1268 4438 μὴ
1300 4358 1560 4439 ἀνῄρηται
1580 4359 1699 4429 τοὺς
1721 4365 1782 4440 ἐκ
1809 4368 1906 4436 τῆς

342 4458 613 4530 θαλάσσης
641 4452 869 4537 νεκρούς.
900 4454 994 4510 οὐκ
1022 4449 1133 4530 ἔχει
1161 4446 1218 4507 δὲ
1240 4452 1357 4507 νοῦν
1374 4446 1434 4506 τὸ
1453 4447 1752 4526 λεγόμενον.
1773 4474 1904 4510 ναυ-

343 4548 549 4630 μαχίας
563 4546 666 4626 γὰρ
683 4545 923 4621 οὐδεμιᾶς
950 4538 1054 4599 ἔδει
1080 4536 1210 4620 πρὸς
1240 4534 1335 4608 τὴν
1365 4535 1649 4618 ἀναίρεσιν.
1681 4544 1905 4618 χειμῶνι

341 4638 398 4698 δὲ
434 4633 789 4705 ἐκωλύθησαν.
917 4627 1136 4693 Ἄλλως.
1183 4624 1269 4686 διὰ
1304 4624 1357 4684 τί
1394 4624 1483 4684 τὸν
1523 4626 1706 4684 δοῦλον
1745 4626 1903 4704 μόνον

259 4744 316 4784 ⁶0
341 4724 655 4801 ἀπελαύνει,
693 4720 809 4781 ἀλλ’
838 4716 956 4799 οὐχ)
971 4716 1061 4775 καὶ
1084 4718 1188 4774 τῶν
1216 4712 1495 4793 ἐλευθέρων
1517 4711 1654 4780 εἴτις
1678 4711 1753 4790 μὴ
1775 4715 1905 4795 ἀνῄ-

342 4839 498 4898 ρηται
540 4810 658 4879 τοὺς
676 4808 916 4889 νεκρούς;
942 4802 1165 4886 παρίησι
1199 4800 1300 4883 γὰρ
1332 4801 1419 4860 τὸν
1461 4800 1732 4861 Διόνυσον.
1761 4799 1795 4873 ἢ
1821 4804 1901 4876 εἴη

341 4905 404 4965 ἂν
430 4896 823 4980 λέγωνζνεκροὶος
843 4894 962 4963 τοὺς
983 4890 1307 4964 Ἀθηναίους,
1333 4889 1420 4948 διὰ
1439 4888 1500 4948 τὸ
1518 4888 1756 4969 ἐσχάτως
1782 4889 1901 4951 τότε

338 4991 606 5071 πράττειν.
653 4984 895 5061 Ἄλλως.)
943 4980 1180 5062 διάφοροι
1208 4981 1265 5038 αἱ
1304 4976 1534 5058 γραφαί·
1580 4980 1628 5036 οἱ
1661 4975 1758 5054 μὲν
1797 4977 1900 5061 γὰρ

339 5083 523 5160 κρεῶν,
548 5080 617 5141 ὥς
635 5070 969 5152 Ἀρίσταρχος
1016 5065 1171 5143 φησὶν
1206 5064 1294 5125 ἐπὶ
1321 5068 1426 5125 τῶν
1453 5063 1715 5141 σωμάτων
1751 5066 1899 5140 λαμ-

1527 258 1910 322 SCHOLIA
1966 261 2059 322 IN
2107 262 2412 327 RANAS.

1157 396 1376 468 Ἄλλως.
1431 401 1648 461 πιθανὸν
1691 406 1927 461 ὑπονοεῖν
2020 401 2273 466 ὅάνεσθαι
2297 408 2578 485 πολλάκις,
2606 410 2699 471 καὶ
2720 416 2869 496 παρὰ
2893 419 2968 499 τῷ
2993 420 3254 502 Σοφοκλεῖ
3277 427 3331 486 ἐν
3351 428 3542 513 Χρύσῃ

2204 561 2413 616 τοιοῦτος
2438 559 2515 609 ὤν’
2527 559 2672 624 ἄρξειε
2689 565 2823 614 τοῦδε
2845 571 2932 615 τοῦ
2943 569 3110 633 κρέως.

2020 683 2197 744 ἐνθάδε
2222 677 2310 747 οὖν
2333 691 2379 747 εἷ
2400 688 2475 768 μὴ
2500 692 2866 774 νεναυμάχηκε
2883 696 3114 779 περὶτῆς
3134 704 3307 783 ψυχῆς
3337 710 3430 779 τῆς
3456 712 3586 770 {au-

2018 776 2137 831 τοῦ·
2161 776 2232 841 ὥς
2256 774 2383 835 ποτὲ
2415 782 2518 838 τῶν
2547 779 2828 851 Ἀθηναίων
2854 786 2907 843 ἐν
2940 789 3246 868 περιστάσει
3277 795 3577 874 γενομένων

2019 857 2110 918 καὶ
2142 861 2271 943 ὑπὲρ
2300 868 2403 923 τῶν
2432 868 2613 947 ψυχῶν
2647 871 3055 950 ἀγωνιζομένων,
3097 880 3417 957 προσλαὸεῖν
3455 886 3578 956 τοὺς
3608 906 3636 947 ὅ

2020 945 2231 1018 δούλους
2250 951 2342 1010 καὶ
2371 952 2584 1034 ὕστερον
2614 957 2905 1039 ἐλευθερίας
2927 959 3166 1029 ἀξιῶσαι.
3201 966 3365 1048 ἕτεροι
3390 969 3448 1029 δέ
3474 996 3582 1055 φα-

2020 1056 2102 1092 σιν
2131 1036 2447 1099 αἰνίττεσθαι
2487 1041 2583 1113 τὴν
2609 1042 2732 1124 περὶ
2773 1045 3109 1126 Ἀργινοῧσαν
3151 1055 3470 1134 ναυμαχίαν,
3511 1061 3580 1132 ἣν

2019 1120 2105 1181 διὰ
2135 1122 2253 1194 τοὺς
2267 1127 2475 1207 νεκροὺς
2499 1130 2844 1208 ἠγωνίσαντο,
2873 1133 2969 1205 τὴν
2993 1136 3239 1220 δευτέραν
3267 1124 3472 1226 γράφὴν
3493 1152 3581 1207 αἱ·

2021 1208 2277 1290 ρούμενοι.
2306 1249 2387 1260 —
2429 1215 2524 1288 τὴν
2551 1218 2672 1300 περὶ
2710 1221 2815 1279 τῶν
2841 1225 3004 1303 κρεῶν
3036 1245 3052 1287 :
3081 1228 3206 1286 Τῶν
3235 1235 3432 1311 νεκρῶν
3463 1258 3578 1294 σω-

2011 1299 2216 1375 μάτων.
2239 1310 2307 1357 D.
3609 1338 3662 1377 ιο

2099 1405 2194 1448 193.
2242 1390 2447 1466 (οὐκοῦν
2467 1393 2754 1475 περιθρέξει
2785 1417 2800 1456 t
2835 1399 3288 1478 Περικυκλεύσεις.
3319 1407 3348 1464 6
3380 1408 3577 1491 Χάρων

2014 1472 2144 1553 πρὸς
2160 1472 2248 1533 τὸν
2272 1476 2471 1548 δοῦλον.
2501 1479 2617 1538 ἀντὶ
2632 1486 2721 1539 τοῦ
2745 1483 2805 1541 οὗ
2829 1484 3088 1562 λαμὸάνω
3116 1494 3213 1570 σε.)
3232 1490 3378 1572 [ἀντὶ
3406 1494 3461 1555 δὲ
3483 1503 3580 1558 τοῦ

2014 1559 2240 1640 τρέχων,
2270 1562 2525 1644 γράφεται
2548 1565 2639 1624 καὶ
2661 1565 2891 1650 κύκλῳ]

2095 1669 2190 1710 194.
2233 1650 2381 1732 παρὰ
2410 1652 2499 1712 τὸν
2517 1653 2746 1714 Αὐαίνου
2770 1656 2910 1716 λίθον
2946 1678 2962 1720 :
2993 1659 3157 1742 Παρὰ
3193 1662 3253 1722 τὸ
3273 1665 3426 1736 αὔους
3451 1669 3577 1739 τοὺς

2013 1736 2221 1819 νεκροὺς
2243 1730 2407 1811 εἶναι,
2436 1744 2506 1807 ὡς
2533 1740 2677 1809 ὄντος
2698 1743 2835 1811 τινὸς
2856 1747 2910 1803 ἐν
2941 1746 3070 1827 ᾅδου
3106 1747 3269 1819 οὕτως
3291 1755 3576 1833 λεγομένου
3609 1781 3660 1821 15

2012 1822 2177 1885 λίθου.
2206 1825 2353 1907 (φασὶ
2376 1826 2435 1886 δὲ
2460 1827 2673 1889 αὐαίνου
2696 1829 2838 1890 λίθον
2864 1833 2982 1892 τινὰ
3008 1835 3252 1913 λέγεσθαι
3294 1841 3577 1919 Ἀθήνησι,

2012 1912 2140 1993 παρ’
2161 1912 2217 1972 ὃν
2255 1912 2455 1983 οἰκείως
2482 1914 2590 1974 ἀπὸ
2619 1922 2710 1977 τοῦ
2735 1918 2949 1979 αὖαίνου
2983 1923 3236 2003 παρήχθη
3254 1971 3270 2000 ,
3303 1929 3484 2003 ἐπειδὴ
3523 1936 3579 1992 οἱ

2011 2001 2175 2060 πολὺν
2202 2001 2391 2084 χρόνου
2414 2003 2803 2085 περιμείναντές
2820 2031 2963 2075 τινας
2986 2009 3198 2072 εἰώθασι
3226 2014 3418 2095 λέγειν,
3451 2009 3579 2088 αὖος

2011 2088 2201 2168 γέγονα
2244 2091 2555 2171 περιμένων.
2606 2092 2743 2152 ἔοικε
2774 2093 2830 2153 δὲ
2865 2098 3212 2177 θρυλούμενον
3259 2109 3414 2163 τοῦτο
3449 2106 3574 2179 ἤδη.

2010 2175 2228 2247 Ἄλλως.
2255 2184 2410 2238 τοῦτο
2438 2178 2758 2239 ἀναπλάττει
2777 2182 2996 2243 ἀπὸτοῦ
3015 2184 3135 2254 τοὺς
3154 2186 3362 2270 νεκροὺς
3389 2190 3576 2272 ξηροὺς
3602 2217 3662 2256 2⁰

2011 2255 2144 2325 εἶναι
2183 2266 2275 2325 καὶ
2302 2266 2602 2336 ἀλίὸαντας.
2637 2269 2928 2351 ἀμφίὸολον
2957 2271 3045 2346 δὲ,
3081 2273 3300 2357 πότερον
3340 2278 3447 2338 ἀπὸ
3479 2286 3578 2353 τῆς

2010 2357 2082 2421 εἰς
2109 2376 2163 2421 ος
2189 2354 2385 2422 εὐθείας
2408 2399 2425 2427 ,
2461 2353 2497 2425 ἢ
2540 2356 2646 2416 ἀπὸ
2683 2363 2778 2429 τῆς
2805 2362 2876 2426 εἰς
2915 2383 2995 2431 ης.
3119 2361 3335 2432 Ἄλλως.
3370 2366 3432 2425 τὸ
3473 2368 3575 2445 μὲν

2009 2442 2320 2524 φαινόμενον
2344 2443 2483 2511 λίθος
2504 2436 2567 2516 ἦν
2596 2444 2825 2505 Αὑαίνου
2847 2445 3196 2527 καλούμενος,
3221 2450 3282 2511 τὸ
3309 2453 3354 2511 δ’
3384 2455 3586 2527 ἀληθὲς

2008 2528 2172 2597 οὕτως
2212 2529 2350 2610 ἔχει·
2372 2529 2520 2611 παρὰ
2560 2531 2647 2591 τὸν
2677 2532 2816 2594 λίθον
2858 2534 3075 2595 αὗαίνου
3101 2537 3193 2598 καὶ
3227 2537 3487 2621 ξηραίνου.
3533 2541 3574 2616 ἢ

2008 2616 2137 2677 ὅπου
2158 2617 2482 2699 ξηραίνονται
2510 2622 2558 2679 οἱ
2580 2619 2795 2701 νεκροί.)
3599 2660 3656 2700 25

2091 2725 2183 2766 1⁹0.
2225 2709 2301 2785 τῷ
2327 2704 2600 2787 ξυνέτυχον
2629 2726 2645 2768 :
2674 2709 2811 2768 Ἀντὶ
2832 2714 2952 2784 τοῦ,
2976 2709 3076 2770 τίνι
3104 2715 3270 2795 οἰωνῷ
3288 2715 3572 2798 συνέτυχον

2008 2796 2068 2854 ἐκ
2095 2799 2188 2867 τῆς
2229 2792 2393 2862 οἰκίας
2439 2793 2559 2869 idm
2598 2796 2814 2855 δύναται
2842 2795 2899 2857 δὲ
2925 2803 3077 2858 τοῦτο
3113 2801 3205 2860 καὶ
3249 2805 3278 2860 6
3321 2803 3576 2877 Διόνυσος

2006 2884 2097 2943 καὶ
2147 2888 2175 2943 6
2226 2880 2458 2950 Ξανθίας
2501 2882 2688 2964 λέγειν.
2743 2921 2813 2933 -
2850 2885 3123 2968 ξυνέτυχον
3169 2907 3185 2950 t
3234 2892 3571 2966 Συνήντησα.

2006 2970 2154 3040 ἐξιών
2185 2991 2199 3031 :
2233 2974 2347 3044 Τῆς
2374 2970 2558 3038 οἰκίας.
2602 2983 2730 3031 Vict.

2088 3079 2183 3121 197.
2231 3058 2415 3135 (κάθιζ’
2443 3060 2531 3117 ἐπὶ
2556 3057 2744 3131 κώπην
2774 3078 2789 3121 2
2814 3062 2987 3121 Τοῦτο
3016 3060 3247 3132 ἀκούσας
3272 3068 3301 3123 6
3319 3066 3572 3137 Διόνυσος
3596 3092 3655 3138 8⁰

2005 3147 2184 3207 ἐπάνω
2222 3149 2318 3217 τῆς
2361 3145 2545 3217 κώπης
2579 3146 2825 3223 ἐκάθισε.)
2873 3179 2945 3190 -
2979 3148 3144 3218 κάθιζ’
3187 3152 3274 3211 ἐπὶ
3313 3150 3500 3227 κώπην
3549 3178 3566 3218 :

2004 3235 2205 3315 Ἥγουν
2228 3233 2317 3292 ἐπὶ
2339 3236 2416 3312 τῷ
2440 3234 2893 3314 μεταχειρίζεσθαι
2913 3234 3127 3308 ταύτην·
3156 3240 3185 3296 6
3213 3237 3267 3296 δὲ
3297 3241 3572 3321 παρανοή-

2004 3346 2099 3391 σας
2135 3321 2313 3381 ἐπάνω
2349 3318 2544 3393 ταύτης
2571 3320 2828 3381 ἐκάθισεν.
2857 3332 2917 3380 C.
2957 3325 2985 3379 6
3014 3324 3109 3400 μὲν
3139 3324 3358 3406 Χάρων,
3387 3327 3568 3399 κάθιζε

2003 3409 2090 3470 ἐπὶ
2118 3408 2321 3480 κώπην,
2363 3406 2538 3488 εἴρηκε
2564 3414 2671 3474 τοῖς
2707 3410 2761 3467 ἐν
2791 3412 2868 3489 τῷ
2897 3408 3114 3491 σκάφει,
3142 3408 3279 3471 ὥστε
3310 3436 3568 3495 μεταχει-

2004 3488 2232 3572 ρίζεσθαι
2259 3485 2454 3558 ταύτην
2478 3486 2570 3546 καὶ
2596 3488 2949 3560 κωπηλατεῖν.
2973 3491 3002 3547 6
3025 3487 3080 3547 δὲ
3109 3489 3356 3559 Διόνυσος
3382 3516 3566 3575 παροι-
3592 3527 3648 3568 ³⁶

2001 3575 2193 3644 νοήσας
2215 3573 2452 3634 ἐκάθισεν
2482 3571 2659 3633 ἐπάνω
2686 3578 2778 3645 τῆς
2809 3573 3009 3648 κώπης·
3036 3575 3116 3635 διὸ
3138 3577 3228 3636 καὶ
3257 3580 3570 3652 ἐπιπλήττε·

1999 3688 2089 3724 ται
2114 3660 2263 3743 παρὰ
2290 3666 2382 3720 τοῦ
2411 3660 2675 3743 Χάρωνος.
2704 3670 2832 3721 Vict-

2082 3771 2175 3811 199.
2216 3748 2430 3808 τοπικὸν
2454 3748 2515 3808 τὸ
2541 3741 2622 3811 οὗ.
2657 3759 2716 3808 R.

2078 3859 2176 3900 200.
2218 3838 2460 3918 γάστρων
2506 3857 2521 3897 :
2574 3835 2961 3917 Γαστρίμαργε.
3008 3836 3292 3915 (εἰσάγουσι
3332 3837 3438 3921 γὰρ
3473 3839 3568 3900 τὸν

1999 3926 2247 3988 Διόνυσον
2269 3924 2607 4007 προγάστορα
2633 3924 2726 3985 καὶ
2754 3921 2990 3983 οἷδαλέον
3013 3924 3119 3984 ἀπὸ
3145 3929 3239 3998 τῆς
3265 3925 3452 4008 ἀργίας
3472 3928 3564 3988 καὶ
3586 3961 3647 4003 4⁰

1998 4012 2364 4097 οἰνοφλυγίας.)

2077 4123 2176 4164 2⁰2.
2219 4100 2347 4183 πρὸς
2367 4097 2435 4158 τὰ
2465 4098 2702 4181 ῥεύματα
2727 4101 2959 4170 ἀντιὸάς.
2985 4113 3044 4161 B.
3063 4112 3127 4159 V.
3155 4099 3231 4179 μὴ
3256 4101 3564 4184 φλυαρήσῃς

1998 4191 2134 4271 ἔχων
2165 4209 2179 4250 :
2213 4188 2322 4248 Καὶ
2352 4187 2583 4248 Πλάτων
2611 4188 2910 4266 Εὖθυδήμω
2942 4197 3009 4263 [p.
3041 4207 3148 4260 22⁴,
3175 4195 3235 4259 E]
3262 4215 3286 4239 n
3314 4186 3395 4247 ὅτι
3423 4189 3559 4270 ἔχων

2000 4259 2320 4361 «φλυαρεῖς,
2361 4275 2453 4334 καὶ
2491 4273 2828 4358 ἀρχαιότερος
2871 4247 2922 4334 gf
2952 4280 3043 4335 τοῦ
3092 4272 3308 4342 δέοντος.
3357 4301 3382 4328 ³·
3417 4285 3560 4335 sunt.-

1997 4363 2133 4446 ἔχων
2162 4385 2176 4424 :
2205 4360 2487 4443 Περισσόν.
2525 4374 2576 4421 G.
3581 4396 3644 4437 45

2072 4472 2171 4514 203.
2215 4455 2243 4509 6
2269 4441 2407 4532 κᾷτα
2436 4447 2552 4507 ἀντὶ
2576 4453 2668 4509 τοῦ
2700 4449 2810 4510 καί.
2839 4461 2898 4509 R.
2923 4449 2986 4508 V.

2073 4559 2173 4600 20⁴.
2217 4536 2582 4603 ἀθαλάττωτος
2612 4556 2627 4597 :
2659 4536 2845 4615 (Θέλει
2874 4537 3084 4617 εἰπεῖν,)
3109 4534 3184 4615 μὴ
3205 4532 3280 4594 ὢν
3298 4533 3554 4602 ναυτικάς.

1994 4625 2384 4708 (ἀθαλάττωτος
2398 4621 2452 4681 δὲ
2471 4625 2563 4681 καὶ
2582 4622 2928 4702 ἀσαλαμίνιος
2944 4623 3133 4682 ταυτόν
3153 4626 3312 4683 ἐστιν.
3433 4619 3555 4681 Ἀλ·

1991 4717 2113 4781 λως.
2138 4711 2173 4784 ἢ
2200 4711 2287 4771 διὰ
2310 4709 2406 4783 τὴν
2434 4710 2556 4791 περὶ
2579 4711 2865 4788 Σαλαμῖνα
2883 4711 3207 4792 ναυμαχίαν,
3227 4708 3264 4781 ἢ
3291 4710 3373 4768 ὅτι
3398 4712 3433 4781 ἡ
3458 4708 3554 4787 μὶν

1992 4801 2144 4882 ἑτέρα
2171 4802 2274 4858 τῶν
2301 4798 2626 4879 ὖπηρετίδων
2655 4802 2786 4858 νεῶν
2816 4800 3119 4877 Σαλαμινία
3149 4800 3414 4871 ἐκαλεῖτο,
3441 4801 3477 4869 ἡ
3509 4795 3554 4856 δ’
3584 4830 3643 4875 ω

1990 4888 2142 4969 ἑτέρα
2165 4885 2454 4967 Πάραλος.)
2485 4922 2554 4932 -
2583 4884 2688 4944 ἀπὸ
2714 4889 2808 4959 τῆς
2827 4887 2954 4955 νεὼς
2979 4892 3014 4959 ἡ
3032 4884 3308 4964 ὀνομασία.
3333 4896 3393 4946 Β.
3421 4885 3555 4962 ἀμί-

1988 4997 2141 5054 τοχος
2167 4972 2446 5044 θαλάττης.
2490 4969 2565 5047 μὴ
2604 4971 2956 5052 ναυμαχήσας
2985 4972 3109 5053 περὶ
3138 4972 3446 5049 Σαλαμῖνα.
3485 4968 3558 5038 τὰ

1988 5060 2126 5123 κατὰ
2153 5059 2351 5142 Ξέρξου
2379 5058 2435 5119 δὲ
2463 5051 2628 5138 οἶμαι.
2656 5063 2730 5122 Θ.
