3859 5725
10 1388 54 1430 Τ

1532 258 1921 320 SCHOLIA
1961 259 2051 319 IN
2094 258 2410 324 PACEM.
3471 277 3580 327 199

365 388 434 471 ἧν
455 392 740 476 προσάγειν
770 391 887 459 τοὺς
931 389 1204 469 δεομένους
1228 386 1499 471 ’προσόδου
1542 390 1596 448 ἐν
1640 393 1708 470 τῇ
1749 391 1934 470 βουλῇ.
2022 388 2345 472 ἀφιδρύοντο·
2380 390 2510 473 φησὶ
2536 390 2591 450 δὲ
2617 391 2708 452 καὶ
2733 395 2788 453 ἐν
2815 400 2923 460 τοῖς
2964 391 3079 466 ἑξῆς
3119 395 3270 475 [ιοου]
3305 424 3328 449 τι
3373 396 3583 477 εἰρήνην

367 477 857 565 ἐδωροδοκοῦντοδὲ
874 477 1023 560 παρὰ
1038 481 1143 537 τῶν
1156 477 1434 556 δεομένων.
1455 478 1552 550 τὴν
1562 479 1618 536 δὲ
1640 477 1934 559 ἐκεχειρίαν

367 572 484 651 ἅμα
514 569 610 649 μὲν
644 572 714 636 ὥς
743 564 1211 650 προφασιζομένων
1241 594 1264 619 ιι
1294 565 1375 624 ὅτι
1403 564 1664 646 ἐκεχειρία
1692 565 1853 639 ἐστὶν,
1872 567 1933 624 ού

366 659 634 738 δυνάμεθα
678 656 906 737 σήμερον
954 662 1311 736 προσαγαγεῖν
1346 681 1371 707 υ
1408 658 1498 713 καὶ
1528 653 1602 732 μὴ
1631 652 1933 735 προσαγόν-

311 775 340 814 5
368 773 472 809 των
499 751 567 826 τῇ
591 748 754 827 βουλῇ
768 743 888 811 τοὺς
912 742 986 821 μὴ
1011 741 1300 808 δεδωκότας
1320 742 1496 808 αὐτοῖς
1518 745 1623 799 τῶν
1648 738 1933 819 δεομένων,

369 836 483 915 ἅμα
523 834 580 893 δὲ
614 834 745 916 πρὸς
788 831 850 891 τὸ
877 830 1092 910 ὑπέχειν
1137 828 1233 902 τὴν
1279 836 1436 909 χεῖρα
1480 827 1568 887 ἐπὶ
1607 832 1684 910 τῷ
1727 827 1933 887 λαὸεῗν.

371 922 780 1003 (ἀναὸάλλονται
817 919 920 1001 γὰρ
966 918 1055 979 ἐπὶ
1092 921 1197 977 τῶν
1246 916 1410 996 μηδὲν
1458 913 1702 975 διδόντων
1751 914 1932 983 οὕτως.

367 1009 632 1092 ἐκεχειρία
661 1007 715 1067 δὲ
742 1012 777 1079 ἡ
821 1005 989 1086 ἀνοχὴ
1022 1011 1116 1065 τοῦ
1149 1002 1414 1083 πολέμου,
1454 1001 1603 1084 παρὰ
1626 1003 1687 1063 τὸ
1716 1001 1932 1083 ἀπέχειν

366 1099 462 1168 τὰς
486 1103 682 1179 χεῖρας·
705 1101 796 1155 νῦν
824 1094 879 1154 δὲ
906 1093 1083 1163 παίζει
1111 1091 1169 1151 τὸ
1193 1090 1332 1172 ἔχειν
1364 1116 1417 1151 τι
1445 1093 1499 1150 ἐν
1526 1096 1593 1173 τῇ
1615 1090 1755 1174 χειρὶ
1784 1088 1935 1171 παρὰ

213 1216 214 1219 “
290 1208 343 1248 ιο
367 1191 474 1247 τῶν
503 1184 801 1330 δεομένωνὲ

449 1296 545 1337 ⁹0⁸.
587 1273 703 1333 ἀλλ’
736 1296 761 1331 ε
799 1293 884 1354 ρον
915 1269 979 1330 ἄν
1012 1270 1060 1329 σ’
1093 1268 1356 1349 ὑπέχοντα
1393 1288 1408 1328 :
1449 1266 1610 1329 Ἀλλὰ
1638 1265 1934 1326 κατέλαὸόν

368 1388 429 1424 σε
451 1362 711 1444 ὑπέχοντα
738 1358 834 1432 τὴν
856 1359 1014 1441 χεῖρα
1037 1356 1252 1435 ἑτοίμην
1272 1356 1402 1439 πρὸς
1422 1356 1482 1415 τὸ
1508 1359 1721 1434 λῆμμα.
1752 1353 1932 1426 ἐπειδὴ

368 1450 651 1533 ἐκεχειρίαι
671 1447 791 1508 τότε
816 1446 948 1528 πρὸς
977 1444 1096 1514 τοὺς
1126 1444 1385 1512 Λάκωνας
1413 1436 1549 1517 ἦσαν
1576 1444 1777 1518 αὐτοῖς,
1806 1442 1935 1522 πρὸς

366 1546 521 1601 τοῦτο
538 1536 766 1611 ἔπαιζεν,
779 1534 894 1615 ἅμα
913 1534 1005 1594 καὶ
1021 1532 1281 1594 σκώπτων
1297 1532 1484 1601 αὐτοὺς
1504 1536 1575 1601 ὣς
1591 1529 1779 1606 ἥττους
1799 1531 1935 1610 λήμ·

291 1652 344 1693 ιι
415 1652 554 1696 ατος.

369 1655 411 1709 μ
449 1716 563 1797 (τὴν
601 1710 891 1795 ἐκεχειρίαν
919 1731 935 1773 :
980 1709 1287 1791 Ἐκεχειρία
1321 1713 1357 1782 ἡ
1387 1709 1585 1788 ἀνοχὴ,
1612 1707 1693 1768 ὅτι
1727 1710 1804 1768 δεῖ
1838 1706 1936 1776 τὰς

364 1814 548 1886 χεῖρας
574 1799 781 1882 ἐπέχειν
806 1803 912 1859 τῶν
940 1797 1125 1880 ἔργων.
1156 1804 1245 1856 νῦν
1273 1796 1329 1856 δὲ
1357 1796 1533 1867 παίζει
1558 1795 1690 1877 πρὸς
1713 1796 1775 1856 τὸ
1793 1794 1935 1877 ἔχειν

364 1917 418 1953 τι
444 1894 499 1952 ἐν
522 1895 588 1971 τῇ
609 1889 747 1971 χειρὶ
770 1884 918 1968 παρὰ
943 1890 1047 1945 τῶν
1081 1885 1361 1963 δεομένων.
1386 1882 1535 1967 παρὰ
1572 1882 1671 1957 τὴν
1696 1892 1854 1965 χεῖρα
1876 1883 1934 1944 δὲ

363 1980 569 2052 παίζει,
595 1977 710 2036 ἐπεὶ
735 1974 948 2034 εἰώθασι
970 1972 1139 2052 λέγειν
1165 2002 1188 2026 ιι
1211 1972 1478 2052 ἐκεχειρία
1506 1972 1667 2047 ἐστὶν,
1691 1975 1751 2033 οὗ
1772 1972 1933 2033 δυνά-

282 2089 338 2131 οο
365 2071 500 2146 μεθα
527 2064 761 2145 σήμερον
787 2060 1032 2141 εἰσάγειν.
1063 2062 1110 2138 ν)

444 2175 542 2215 οοο.
564 2149 822 2233 [χρηστὸς
846 2149 976 2231 ἀνὴρ
1006 2171 1022 2209 :
1048 2146 1188 2209 ’1δοὺ
1205 2151 1241 2220 ἡ
1263 2144 1579 2228 ἀντιστροφὴ
1598 2150 1692 2218 τῆς
1715 2174 1741 2199 α
1761 2149 1935 2207 εὔδαι-

366 2246 591 2324 μονικῶς
610 2268 634 2293 ¹·
660 2243 911 2321 στροφῆς,
932 2237 1072 2297 ἄλλα
1092 2261 1153 2297 τε
1174 2237 1274 2296 ὅσα
1294 2235 1466 2308 ἐκείνη
1491 2235 1662 2295 καὶτὸ
1681 2234 1821 2295 κατὰ
1837 2260 1936 2296 πε-

366 2329 586 2417 ρικοπὴν
608 2327 805 2409 ἔχουσα
824 2326 1091 2405 σύστημα.
1118 2326 1206 2385 ἐπὶ
1233 2329 1308 2407 τῷ
1323 2323 1463 2384 τέλει
1487 2328 1544 2384 αἱ
1564 2324 1934 2407 ἀμφοτέρωθεν

366 2420 465 2491 ἔξω
492 2418 677 2477 διπλαῖ
709 2419 804 2488 τῆς
828 2417 1188 2495 ἀντιστροφῆς·
1215 2412 1286 2472 τὰ
1313 2410 1419 2495 γὰρ
1459 2412 1791 2495 τετράμετρα
1827 2419 1934 2474 τῶν

281 2537 338 2576 25
366 2506 622 2588 ἰαμὸείων
644 2501 982 2586 παραγράφῳ
1003 2500 1375 2584 περατοῦται]

449 2593 685 2675 (πολίτης
715 2591 854 2651 ἐστὶν
881 2610 897 2652 :
922 2587 1064 2650 Ούτε
1093 2588 1422 2668 συμπολίτην
1451 2585 1570 2647 οὔτε
1601 2587 1934 2668 συνδημότην

363 2682 427 2745 λε’
460 2705 621 2742 ουσιν.
659 2684 688 2738 ὁ
717 2678 895 2758 μέντοι
934 2676 1223 2760 Εὐριπίδης
1250 2700 1351 2736 που
1376 2676 1639 2755 [Heracliti.
1667 2678 1770 2760 826]
1791 2676 1935 2757 λέγει

367 2802 393 2828 ιι
421 2796 467 2832 ω
496 2771 817 2849 συμπολῖται
847 2771 913 2847 τῇ
943 2790 1002 2825 τε
1029 2764 1291 2845 βοσκούσῃ
1323 2767 1471 2846 χθονὶ
1496 2767 1588 2826 καὶ
1613 2770 1680 2846 τῇ
1708 2764 1933 2846 τεκούσῃ

368 2890 393 2915 ι
425 2867 515 2919 νῦν
538 2858 634 2918 τιν’
664 2855 887 2938 ἀρκέσαι
907 2852 1096 2936 χρεών.
1124 2855 1170 2933 ιο)

283 2990 344 3031 3⁰
448 2968 545 3007 οιο.
587 2944 861 3014 λεπαστὴν
908 2962 922 3002 :
969 2931 1124 3009 Εἶδος
1163 2940 1416 3022 ποτηρίου
1460 2945 1636 3020 μεῖζον
1683 2941 1719 3013 ἢ
1763 2940 1933 3012 κύλιξ.

366 3035 530 3103 οὕτως
553 3039 583 3095 ὑ
612 3032 925 3112 Σύμμαχος.
956 3033 986 3089 ὑ
1022 3029 1077 3089 δὲ
1104 3030 1442 3107 Παλαμήδης
1465 3030 1527 3090 τὸ
1559 3028 1800 3107 πιθάριον
1839 3033 1934 3091 ἐκ-

367 3122 436 3184 δέ·
463 3145 597 3183 εται.

424 3147 546 3272 λύω.
589 3206 823 3287 δημότην
852 3226 868 3265 t
898 3204 1038 3265 Ἀντὶ
1063 3211 1157 3264 τοῦ
1186 3205 1488 3284 δημοτικόν.

445 3319 545 3361 ⁹22.
588 3296 715 3378 [ἄγε
745 3294 809 3368 δὴ
836 3293 890 3353 τί
919 3298 1020 3376 νῷν
1054 3315 1069 3356 :
1104 3293 1335 3375 Κορωνὶς
1361 3293 1513 3376 ἑτέρα
1550 3293 1710 3372 ὁμοία
1735 3297 1802 3375 τῇ
1835 3298 1929 3374 ρη-

285 3427 340 3466 35
368 3386 537 3466 θείσῃ,
556 3378 618 3458 ἧς
639 3381 803 3462 οἱμὲν
829 3382 891 3451 ιζ’
916 3381 1088 3462 στίχοι
1110 3379 1351 3458 ἰαμὸικοὶ
1369 3382 1637 3464 τρίμετροι
1658 3382 1930 3456 ἀκατάλη-

368 3498 502 3536 κτοι.
533 3477 563 3532 δ
601 3472 670 3544 ιη’
709 3468 884 3549 ὅμοιος
906 3468 1255 3551 τετράμετρος
1284 3468 1687 3541 καταληκτικός.
1722 3469 1791 3530 τὰ
1818 3472 1935 3544 ἑξῆς

369 3562 464 3624 δύο
488 3563 637 3621 κῶλα
665 3556 1019 3618 ἀναπαιστικὰ
1048 3556 1286 3637 δίμετρα.
1314 3548 1387 3616 ὧν
1426 3557 1489 3617 τὸ
1526 3557 1622 3637 μὲν
1651 3560 1935 3633 ἀκατάλη-

369 3674 514 3725 κτον,
539 3652 600 3709 τὸ
627 3649 672 3708 δ’
696 3646 774 3708 οὔ.
800 3649 830 3705 ὑ
849 3646 1146 3712 τελευταῖος
1169 3644 1419 3724 ἰαμὸικὸς
1437 3645 1786 3729 τετράμετρος
1808 3654 1938 3709 ἀχα-

367 3738 646 3810 τάληκτος.
669 3736 753 3818 ὑφ’
775 3734 831 3795 ὃν
859 3731 1130 3816 κορωνίς.]

287 3862 344 3902 4⁰
450 3827 614 3897 διπλῆ
639 3823 731 3883 καὶ
760 3822 958 3890 ἔκθεσις
985 3823 1057 3889 εἰς
1074 3820 1299 3900 ἰάμὸους
1324 3820 1627 3903 τριμέτρους
1663 3823 1935 3895 ἀκαταλή-

370 3937 523 3982 κτους
546 3913 628 3984 ιζ’.
651 3923 714 3971 V.

450 4023 548 4065 923.
570 4001 789 4082 χύτραις
799 3997 1032 4080 ἱδρυτέον
1050 4019 1066 4060 2
1096 3995 1241 4075 (Ὁτὲ
1258 3995 1352 4076 μὲν
1375 4005 1489 4066 ταῖς
1500 3996 1721 4080 χύτραις
1742 3999 1938 4083 ὄσπρια

372 4084 530 4175 ἧψαν,
546 4091 633 4151 ὁτὲ
648 4087 705 4148 δὲ
719 4088 849 4148 ἄλλο
861 4111 913 4146 τι
926 4085 1208 4153 πολυτελὲς
1219 4087 1423 4167 ἱερεῖον,
1442 4087 1534 4145 καὶ
1557 4086 1726 4155 οὕτως
1741 4087 1937 4169 ἵδρυον,

373 4179 467 4240 καὶ
498 4178 629 4260 πρὸς
667 4176 730 4236 τὸ
755 4175 1000 4254 θυόμενον
1043 4174 1244 4253 ἔλεγον,
1277 4172 1362 4254 βοῒ
1383 4174 1651 4256 ἱδρύεσθαι
1689 4175 1726 4248 ἢ
1763 4177 1874 4255 αἰγὶ
1900 4175 1937 4249 ἢ

291 4315 346 4355 45
375 4266 655 4349 προὸάτῳ,
692 4263 730 4335 ἢ
755 4254 862 4324 οἷον
893 4262 959 4322 ἂν
988 4254 1106 4343 ᾖτὸ
1147 4265 1353 4343 ἱερεῖον,
1381 4260 1562 4345 ὥσπερ
1598 4266 1652 4323 ἐν
1690 4262 1936 4346 Πλούτῳ.

373 4352 595 4422 Ἄλλως.
630 4352 742 4420 ἔθος
764 4342 908 4432 εἶχον
939 4350 1148 4433 Ἑρμᾶς
1186 4349 1446 4432 ἱδρύοντες
1471 4349 1575 4431 πρὸ
1600 4354 1705 4409 τῶν
1744 4354 1936 4431 θυρῶν,

375 4439 466 4503 καὶ
499 4441 639 4502 ἄλλα
662 4438 781 4500 τινὰ
806 4437 1095 4519 ἀγάλματα
1120 4443 1264 4511 θεοῦ,
1287 4435 1418 4519 ὑπὲρ
1439 4444 1532 4498 τοῦ
1557 4437 1633 4516 μὴ
1661 4438 1937 4520 βραδύνειν

384 4530 529 4612 παρὰ
571 4528 667 4601 τὴν
697 4526 1003 4601 ἀνάστασιν,
1043 4525 1264 4607 χύτραις
1296 4525 1496 4608 ἀθάρας
1532 4526 1803 4608 ἱδρύεσθαι
1846 4527 1940 4587 καὶ

381 4618 556 4685 ἄλλοις
579 4615 733 4676 τισίν.
854 4612 1093 4693 Ἄλλως.)
1118 4611 1274 4673 ὁπότε
1297 4612 1534 4692 μέλλοιεν
1561 4613 1771 4694 βωμοὺς
1790 4619 1938 4675 καθι-

293 4725 352 4764 50
381 4703 552 4787 δρύειν
590 4703 628 4777 ἢ
671 4702 891 4783 ἄγαλμα
934 4707 1050 4761 θεοῦ
1066 4746 1087 4780 ,
1127 4700 1336 4783 ἕψοντες
1387 4699 1582 4782 ὄσπρια
1633 4702 1942 4784 ἀπήρχοντο

376 4790 594 4865 τούτων,
613 4791 720 4858 τοῖς
747 4785 1113 4871 ἀφιδρυμένοις
1132 4787 1455 4871 χαριστήρια
1473 4786 1823 4867 ἀπονέμοντες
1848 4793 1942 4858 τῆς

376 4878 591 4962 πρώτης
622 4876 852 4948 διαίτης,
880 4879 954 4943 ὡς
990 4866 1137 4943 οἶτος
1158 4864 1300 4933 εἶπεν
1328 4876 1384 4933 ἓν
1419 4873 1645 4935 Δαναίσι
1677 4903 1703 4929 ιι
1733 4876 1941 4958 μαρτύ-

380 4996 405 5021 ιι
432 4990 592 5049 ρομαι
615 4964 670 5025 δὲ
696 4963 861 5037 Ζηνὸς
889 4962 1091 5045 ἑρκείου
1114 4960 1339 5044 χύτρας,
1362 4965 1475 5041 μεθ’
1498 4954 1571 5023 ὦν
1593 4967 1622 5022 ὁ
1645 4960 1826 5044 βωμὸς
1853 4956 1944 5023 οὗ-

382 5081 406 5108 «
439 5077 524 5121 τος
544 5052 734 5133 ἱδρύθη
755 5049 903 5111 ποτέ.
932 5079 955 5104 ι
979 5048 1107 5110 ποτὲ
1127 5049 1182 5111 δὲ
1206 5050 1296 5110 καὶ
1317 5049 1744 5133 πολυτελεστέρα)
1764 5049 1941 5134 ἱερείῳ

2022 505 2046 529 ιι
2079 475 2278 537 εἵλοντο
2318 476 2410 536 καὶ
2452 477 2712 560 ἱδρύσανθ’
2757 479 2947 560 ἱερείῳ.
2987 508 3010 532 ²·
3034 481 3380 563 (μεμφόμενοι
3420 482 3476 544 δὲ
3512 488 3585 553 ὡς

2019 565 2376 645 πολυτίμητον
2395 557 2555 625 οὖσαν
2578 565 2762 634 ἄλλαις
2779 568 3084 648 ἱερωσύναις
3102 569 3262 643 αὗτὴν
3287 571 3582 652 ἱδρύσαντο·

2021 680 2045 707 α
2074 653 2145 723 ὣς
2171 657 2220 714 οἱ
2263 651 2358 732 μὲν
2396 651 2544 736 νέφος
2584 653 2670 722 ὀξὺ
2714 654 3055 733 ἀπωσάμενοι
3094 655 3346 735 πολέμοιο
3373 659 3583 741 εἰρήνην

2021 767 2046 795 α
2074 740 2398 815 εἴλοντο,κα“ι
2410 743 2462 801 ἱδ
2495 740 2875 824 ύσανθ’ἱερείῳ.
2895 744 2940 821 υ)
2961 745 3016 803 ἐν
3031 741 3086 803 δὲ
3103 749 3180 826 τῷ
3197 744 3583 828 Πλούτῳῌιοε]
3610 767 3636 804 5

2021 860 2046 884 ιι
2072 830 2165 898 τὰς
2199 830 2399 913 χύτρας
2427 854 2461 889 α
2534 831 2622 890 τὸν
2667 830 2782 890 θεὸν
2822 831 3169 912 ἱδρυσόμεθα,
3209 835 3449 897 λαὸοῦσα
3494 840 3581 899 ἐπὶ

2022 946 2046 973 α
2073 924 2166 991 τῆς
2192 922 2424 1002 κεφαλῆς
2451 917 2594 1001 φέρε.
2621 945 2643 971 n

2098 1035 2195 1076 92⁴.
2237 1014 2516 1096 χύτραισιν
2552 1012 2735 1095 ὥσπερ
2766 1013 3093 1095 μεμφόμενοι
3129 1038 3144 1077 :
3174 1017 3582 1098 Ἠγανάκτησαν

2020 1103 2338 1171 ἀκούσαντες
2371 1106 2423 1163 ἐν
2451 1100 2669 1183 χύτραις
2691 1100 2958 1182 ἱδρύεσθαι
2987 1101 3083 1175 τὴν
3111 1106 3363 1188 Εἰρήνην,
3392 1114 3462 1177 ὡς
3499 1115 3584 1171 εὖ.

2017 1194 2196 1259 τελοῦς
2213 1190 2370 1264 οὔσης
2387 1194 2482 1262 τῆς
2501 1191 2679 1258 θυσίας
2701 1193 2761 1249 ἐκ
2786 1193 2892 1248 τῶν
2911 1188 3102 1251 ἄλλων.
3127 1193 3207 1253 διὸ
3222 1196 3380 1277 φασὶν
3400 1197 3586 1269 ἄλλαις
3617 1219 3666 1258 ιο

2018 1279 2323 1361 ἱερωσύναις
2342 1278 2505 1353 αὐτὴν
2527 1282 2600 1347 ὣς
2621 1277 2977 1357 πολυτίμητον
2999 1281 3422 1364 θεραπεύσωμεν.
3453 1290 3505 1347 ἐν
3530 1286 3585 1348 δὲ

2018 1374 2125 1436 τοῖς
2147 1367 2264 1441 ἑξῆς
2290 1367 2463 1452 ἱερείῳ
2489 1368 2618 1450 φησὶ
2644 1367 2959 1450 ἱδρύσασθαι
2986 1369 3150 1443 αὑτὴν
3180 1372 3359 1442 οὕτως·
3393 1402 3416 1429 α
3442 1375 3512 1446 ὣς
3535 1382 3583 1437 οἱ

2020 1488 2045 1513 ιι
2076 1457 2172 1537 μὲν
2198 1455 2349 1539 νέφος
2388 1458 2574 1539 ἐχθρὸν
2604 1456 2948 1535 ἀπωσάμενοι
2973 1458 3227 1539 πολέμοιο
3254 1462 3464 1544 εἰρήνην
3508 1458 3599 1525 ef?

2020 1573 2045 1600 ιι
2072 1547 2255 1625 λοντο,
2278 1544 2371 1605 καὶ
2397 1544 2660 1627 ἱδρύσανθ’
2685 1544 2873 1628 ἱερείῳ.
2900 1575 2926 1600 υ

2100 1642 2400 1724 Ἑρμίδιονῑ
2427 1641 2566 1704 ’Ant
2589 1647 2682 1701 τοῦ
2703 1643 2924 1713 εὖτελές.
2941 1649 3012 1715 ὥς
3031 1652 3123 1706 τοῦ
3140 1646 3349 1730 Ἑρμοῦ
3368 1648 3586 1733 χύτραις
3618 1675 3665 1713 ιε

2018 1732 2295 1813 ἱδρυμένου
2327 1730 2413 1791 ἐπὶ
2439 1730 2604 1805 πολὺ,
2628 1734 2700 1800 ὣς
2721 1731 3021 1816 μέμφεσθαι
3045 1736 3222 1798 αὐτόν.
3288 1766 3293 1770 ·

2099 1851 2198 1892 επ.
2241 1832 2437 1911 λαρινῷ
2455 1824 2538 1910 βοῒ
2563 1849 2578 1891 :
2606 1829 2850 1908 (Ἐπειδὴ
2870 1829 3008 1914 ἑώρα
3031 1832 3217 1902 αὐτοὺς
3227 1834 3356 1919 πρὸς
3376 1835 3472 1909 τὴν
3498 1837 3584 1898 διὰ

2017 1922 2124 1978 τῶν
2145 1922 2353 1999 χυτρῶν
2370 1918 2672 1996 καθίδρυσιν
2695 1919 3070 1998 ἀχθεσθέντας,
3093 1921 3254 1982 ἄλλον
3278 1924 3470 2006 τρόπον
3490 1932 3586 2000 τῆς

2020 2004 2377 2088 καθιερώσεως
2399 2008 2724 2081 ὑποτίθεται,
2760 2007 2850 2067 καὶ
2893 2010 3071 2090 φησὶν,
3115 2011 3360 2092 βούλεσθε
3387 2015 3586 2097 λαρινῷ

2024 2093 2136 2176 βοΐ;
2157 2095 2279 2175 περὶ
2305 2095 2361 2154 δὲ
2386 2098 2491 2154 τῶν
2523 2096 2750 2175 λαρινῶν
2785 2100 2919 2176 βοῶν
2949 2098 3121 2166 Λύκος
3145 2100 3242 2177 μὲν
3274 2104 3303 2159 ὁ
3345 2101 3586 2180 Ῥηγῖνος
3612 2122 3668 2161 20

2021 2184 2109 2242 ἐπὶ
2149 2184 2265 2251 ταῖς
2301 2182 2431 2264 πρὸς
2466 2180 2799 2264 Ἀλέξανδρόν
2843 2208 3002 2267 φησιν
3031 2185 3137 2245 ἀπὸ
3180 2186 3412 2267 Λαρίνου
3448 2191 3585 2260 τινὸς

2025 2272 2277 2354 βουκόλου
2312 2271 2511 2343 ταύτην
2547 2270 2734 2339 αὐτοὺς
2765 2271 2863 2344 τὴν
2898 2274 3253 2357 προσηγορίαν
3282 2279 3583 2357 ἐσχηκέναι.

1948 2402 1955 2411 -
2021 2360 2124 2421 εἰσὶ
2151 2359 2208 2420 δέ
2238 2383 2372 2427 τινες
2399 2357 2448 2417 οἱ
2474 2358 2625 2441 παρὰ
2658 2358 2747 2418 τὸν
2770 2359 2931 2442 λάρον
2954 2361 3185 2431 ἀξιοῦσιν
3226 2364 3413 2434 αὐτοὺς
3447 2364 3587 2427 οὕτω

2020 2451 2318 2510 καλεῖσθαι.
2368 2451 2418 2508 οἱ
2447 2445 2502 2508 δὲ
2538 2446 2635 2520 τὴν
2683 2471 2734 2530 ρι
2763 2449 3034 2523 συλλαὸὴν
3065 2451 3394 2528 δασύνουσιν,
3440 2454 3504 2514 ἵν’
3549 2449 3585 2536 ᾗ

2018 2536 2257 2622 λαρινοὺς
2303 2535 2423 2604 τοὺς
2466 2536 2857 2620 μεγαλορίνους·
2906 2541 2960 2598 ἐν
3000 2537 3056 2599 δὲ
3099 2544 3166 2619 τῇ
3207 2542 3417 2624 Χαονίᾳ
3457 2544 3586 2624 φασὶ
3614 2561 3667 2601 25

2019 2625 2282 2694 τοιούτους
2316 2614 2449 2684 εἶναι
2495 2629 2646 2705 βοῦς,
2692 2624 2780 2694 οὒς
2823 2626 2916 2686 καὶ
2959 2627 3275 2711 Κεστρίνους
3315 2633 3583 2693 καλοῦσιν.

2019 2713 2258 2791 Ἄλλως.)
2285 2712 2402 2772 ἀντὶ
2426 2718 2522 2772 τοῦ
2551 2713 2769 2795 μεγάλῳ
2795 2714 2887 2773 καὶ
2912 2717 3175 2798 εὖτραφεῖ.
3204 2716 3323 2785 τοὺς
3351 2717 3407 2777 δὲ
3430 2723 3584 2791 ἠπει·

2022 2800 2268 2884 ρωτικοὺς
2299 2806 2419 2881 βοῦς
2454 2799 2591 2862 οὕτω
2630 2803 2870 2882 λέγουσιν
2894 2803 3001 2864 ἀπό
3031 2827 3167 2874 τινος
3195 2805 3424 2888 Λαρίνου
3455 2812 3584 2884 βου-

2019 2889 2205 2964 κόλου,
2241 2889 2641 2972 παραλαὸόντος
2665 2888 2815 2971 παρὰ
2837 2890 3161 2974 Ἡρακλέους
3187 2892 3282 2962 τὰς
3318 2895 3582 2978 Γηρυόνου

2024 2985 2174 3057 βοῦς,
2205 2979 2317 3057 (καὶ
2339 2978 2621 3060 θρέψαντος
2648 2982 2722 3047 εἰς
2749 2978 2964 3050 εὐεξίαν.
2996 2987 3154 3042 τοῦτο
3185 2982 3241 3041 δὲ
3265 2982 3585 3064 Ἡρωδιανὸς
3614 3010 3667 3050 80

2020 3068 2186 3139 ὀξύνει
2205 3070 2257 3127 ἐν
2281 3071 2357 3149 τῷ
2381 3068 2424 3137 ζ’
2449 3071 2543 3138 τῆς
2565 3066 2821 3147 καθόλου,
2841 3067 3049 3150 λαρινός
3067 3073 3138 3139 ὡς
3161 3071 3431 3147 ἀληθινός,
3449 3070 3587 3133 ὥστε

2020 3154 2409 3240 περισπαστέον
2436 3153 2534 3227 τὴν
2558 3154 2769 3227 δοτικὴν
2790 3156 3027 3238 λαρινῷ).

2100 3283 2198 3324 ⁹2⁶.
2246 3265 2450 3343 βοηθεῖν
2472 3280 2488 3320 :
2513 3258 2642 3321 Ἐπὶ
2666 3258 2848 3341 μάχην
2868 3262 3108 3343 δραμεῖν.
3125 3298 3201 3309 —
3227 3264 3357 3345 πρὸς
3378 3264 3473 3339 τὴν
3493 3270 3590 3350 ἀρ-

2019 3350 2121 3433 χὴν
2148 3354 2252 3410 τῶν
2281 3347 2550 3425 ὀνομάτων
2576 3354 2668 3407 τοῦ
2694 3344 2779 3429 βοῒ
2803 3348 2895 3409 καὶ
2925 3354 3128 3430 βοηθεῖν
3158 3351 3383 3424 ἔπαιξεν.
3410 3368 3470 3418 R.

2099 3468 2198 3510 920.
2238 3443 2534 3526 Θεαγένους
2575 3444 2730 3517 ὑηνία
2776 3466 2792 3507 2
2822 3446 2963 3508 Ἀντὶ
2989 3453 3083 3507 τοῦ
3126 3450 3334 3533 μωρία,
3361 3455 3584 3532 ἀμαθία.
3616 3487 3671 3526 ³5

2022 3534 2330 3597 διεὸάλλετο
2356 3532 2459 3616 γὰρ
2490 3537 2520 3594 ὃ
2541 3532 2814 3614 Θεαγένης
2840 3537 2912 3601 εἰς
2945 3536 3233 3615 μαλακίαν,
3262 3539 3356 3600 καὶ
3380 3545 3452 3610 ὥς
3479 3541 3589 3602 ὑώ-

2022 3628 2115 3698 δης
2131 3623 2222 3683 καὶ
2241 3622 2499 3700 δύσοσμος
2516 3621 2610 3681 καὶ
2631 3621 2813 3695 πένης.
2842 3613 2924 3700 (ἦν
2953 3621 3009 3684 δὲ
3034 3627 3094 3685 ἐκ
3118 3628 3403 3709 Πειραιῶς.
3420 3629 3589 3691 ἐδόκει

2023 3710 2192 3771 δὲκαὶ
2220 3708 2382 3782 πένης
2412 3701 2577 3788 εἶναι,
2601 3708 2918 3791 θρύπτεσθαι
2953 3711 3010 3771 δὲ
3053 3712 3144 3774 ἐπὶ
3170 3714 3401 3799 πλούτῳ.
3439 3709 3506 3791 ἦν
3534 3718 3590 3779 δὲ

2020 3799 2082 3859 τὸ
2102 3802 2259 3876 σῶμα
2276 3796 2451 3878 παχὺς
2474 3797 2565 3857 καὶ
2583 3796 2862 3881 χοιρώδης.
2885 3798 2982 3871 τὴν
3003 3798 3057 3859 δὲ
3080 3799 3282 3877 ὑηνίαν,
3302 3803 3400 3876 τὴν
3418 3807 3591 3865 δυσω-

2025 3887 2160 3960 δίαν,
2187 3889 2246 3946 ἐκ
2281 3888 2387 3945 τῶν
2415 3888 2539 3958 ὑῶν,
2564 3882 2714 3968 οἵπερ
2743 3885 3009 3969 διαφόροις
3042 3887 3295 3968 ἐδέσμασι
3324 3890 3589 3974 χρώμενοι
3618 3923 3672 3963 40

2025 3972 2232 4046 δυσώδη
2267 3976 2633 4046 ἀποπατοῦσι,
2670 3973 2762 4032 καὶ
2799 3976 2870 4042 εἰς
2905 3974 3190 4058 βορὸόρους
3216 3976 3273 4039 δὲ
3304 3979 3588 4041 κυλίονται.

2025 4064 2136 4123 ἔστι
2166 4060 2221 4123 δὲ
2248 4061 2342 4121 καὶ
2377 4061 2535 4129 ἄλλος
2565 4060 2864 4141 Θεαγένης,
2904 4066 2934 4123 ὁ
2967 4066 3039 4132 εἰς
3080 4063 3327 4149 ιὍμηρον
3358 4067 3590 4152 γράψας,

2025 4151 2079 4221 ὃς
2100 4149 2193 4210 καὶ
2219 4149 2307 4209 ἐπὶ
2332 4148 2573 4231 μαλακίᾳ
2601 4148 2932 4225 διεὸάλλετο,
2949 4146 3054 4211 ’καὶ
3078 4153 3229 4213 ἄλλοι
3261 4156 3486 4235 πολλοί.)

2104 4266 2204 4307 930.
2248 4244 2480 4306 Ἰωνικὸν
2511 4268 2526 4307 :
2553 4248 2625 4307 Οἱ
2651 4245 2752 4327 γὰρ
2776 4243 2955 4314 Ἴωνες
2983 4247 3313 4318 δισυλλάὸως
3351 4250 3592 4332 λέγουσιν

2025 4335 2101 4403 ὄϊς
2115 4380 2133 4413 ,
2152 4337 2202 4393 οἱ
2225 4333 2282 4394 δὲ
2307 4333 2532 4394 Ἀττικοί
2557 4333 2967 4414 μονοσυλλάὸως
2984 4334 3076 4395 καὶ
3098 4334 3193 4404 τὰς
3214 4329 3289 4406 οἷς
3310 4339 3593 4400 καὶπολλὰ
3619 4368 3671 4408 ⁴⁶

2025 4427 2117 4482 τοῦ
2147 4424 2305 4482 αὐτοῦ
2351 4420 2548 4500 γένους.
2661 4426 2711 4482 οἱ
2739 4423 2964 4484 Ἀττικοὶ
2993 4429 3351 4506 συναιροῦντες
3387 4426 3477 4487 τὸν
3515 4427 3593 4488 ὅῖν

2025 4502 2121 4572 οἶν.
2150 4513 2198 4570 οἱ
2224 4507 2327 4591 γὰρ
2353 4507 2527 4578 Ἴωνες
2557 4509 2731 4570 πολλὰ
2753 4510 3075 4592 διῃρημένως
3098 4512 3275 4594 φασίν.

2105 4628 2203 4667 ⁹32.
2246 4608 2294 4665 οἱ
2326 4604 2611 4684 καθήμενοι
2651 4605 2752 4665 ὑπὸ
2787 4611 2880 4665 τοῦ
2907 4605 3050 4675 δέους
3083 4628 3098 4668 :
3128 4606 3251 4668 Ἵνα
3284 4609 3596 4672 ἕπιστένωσι

2025 4698 2103 4774 τῷ
2129 4691 2485 4776 εἰσηγουμένῳ
2510 4692 2762 4772 πόλεμον.
2789 4695 2850 4753 τὸ
2876 4693 2979 4776 γὰρ
3007 4689 3059 4754 ὂῖ
3084 4696 3417 4779 ὀδυρομένων
3452 4700 3593 4760 ἐστὶν

2027 4782 2326 4864 ἐπίφθεγμα
2348 4780 2439 4841 καὶ
2456 4779 2918 4862 δυσχεραινόντων.
2941 4782 3191 4863 (Δίδυμος
3213 4787 3269 4845 δὲ
3291 4789 3344 4846 ἐν
3367 4786 3596 4853 ἐκτάσει.
3625 4820 3680 4858 50

2027 4873 2077 4930 οἱ
2102 4868 2205 4951 γὰρ
2228 4868 2541 4951 φοὸούμενοι
2564 4868 2699 4930 οὕτω
2720 4869 2998 4950 λέγουσιν.)

2110 4985 2208 5026 9³5.
2255 4965 2415 5043 ἀμνοὶ
2457 4964 2576 5034 τοὺς
2616 4964 2839 5046 τρόπους
2883 4988 2899 5027 :
2946 4968 3196 5043 Εὐήθεις,
3232 4971 3393 5031 δειλοὶ
3429 4976 3499 5040 ὥς
3545 4975 3593 5032 οἱ

2028 5054 2181 5133 κριοί.
2218 5052 2255 5124 ἢ
2283 5057 2466 5133 πραεῖς
2500 5053 2592 5113 καὶ
2624 5053 2871 5130 μαλακοί.
2905 5054 3090 5138 τὸγὰρ
3123 5057 3280 5139 ἄρρεν
3310 5058 3598 5139 πρόὸατον,
