3859 5725
458 309 573 363 416
1605 295 2052 359 ADNOTATIO
2090 296 2176 358 IN
2217 295 2486 359 SCHOL.

543 434 723 508 1139,
753 447 788 485 2
830 425 1048 505 δημεύει
1096 428 1152 487 δὲ
1195 428 1290 502 9.,
1326 426 1429 504 qui
1468 428 1501 485 3
1538 424 1714 498 0111.ἢ
1751 423 1980 508 παρὰ.-

454 518 693 586 δειπνεῖς.

541 607 712 679 1150,
753 623 817 661 11
870 601 1040 680 κημὸς
1083 618 1196 660 0111.
1252 601 1325 661 Θ.
1373 602 1633 661 δικαστῶν
1676 605 1980 661 Kusterns.

454 692 803 753 διδασκόντων
828 692 923 766 9.,
950 691 1107 769 quod
1145 686 1457 757 δικαζόντων
1493 708 1615 747 esse
1638 701 1846 768 potest.
1871 687 1984 747 Sed

453 782 763 841 scholiasta
791 781 1029 839 fortasse
1058 776 1408 859 δικαστηρίων
1439 779 1764 856 scripserat.
1799 782 1981 835 Dum.

453 902 532 917 —
559 880 627 940 14
651 867 895 928 καθίεσαν
931 870 1037 926 τῶν
1072 864 1419 947 δικαστηρίων
1449 868 1519 927 9.
1544 899 1625 911 -
1656 873 1721 932 14
1752 863 1982 944 σχοίνιον

452 959 525 1019 9.
549 956 745 1038 χοίνιον
772 956 895 1015 ΑΙᾶ.
920 955 1276 1032 Hesychius:
1302 953 1572 1033 Σχοίνινος
1600 952 1764 1031 ἠθμός
1789 974 1802 1009 :
1830 951 1897 1010 δι’
1921 944 1984 1010 οἶ

452 1044 547 1113 τὰς
582 1044 785 1127 ψήφους
827 1046 900 1109 εἷς
939 1041 1033 1112 τὰς
1074 1041 1252 1125 ὑδρίας
1284 1043 1334 1101 οἱ
1375 1041 1617 1101 δικασταὶ
1652 1044 1983 1099 καθιᾶσι.-

454 1132 605 1211 ἰθμὸν
627 1137 695 1191 V.
723 1131 907 1210 ἰσθμὸν
928 1137 1001 1190 G.
1024 1164 1097 1179 -
1125 1131 1195 1189 16
1219 1132 1470 1211 ἀμφορεῖς
1488 1129 1790 1189 Dobraeus.
1811 1126 1986 1209 ἀμφό-

452 1245 596 1303 τεροι
638 1221 764 1280 ald.
821 1219 1106 1302 ἀμφότεροι
1157 1223 1229 1287 εἷς
1269 1224 1339 1278 V.
1387 1220 1551 1277 Conf.
1589 1217 1771 1276 schol.
1814 1221 1981 1293 Vesp.

453 1312 592 1385 981.
637 1342 717 1354 —-
751 1309 820 1367 18
866 1321 1226 1388 postremum
1268 1306 1360 1365 καὶ
1388 1326 1503 1366 0111.
1533 1306 1605 1365 Θ.
1643 1335 1723 1350 —-
1755 1324 1823 1361 21
1870 1312 1985 1368 ταῖς

453 1394 738 1476 σχοινίναις
756 1400 828 1455 V.
855 1429 937 1439 —
963 1397 1036 1454 30
1071 1396 1154 1454 sic
1182 1394 1428 1452 codices.
1456 1392 1783 1472 Legebatur
1815 1390 1882 1448 τὰ
1923 1392 1985 1447 ἐκ

453 1480 681 1554 Πηλέως
720 1480 1064 1564 Σοφοκλέους.
1091 1513 1170 1527 --
1191 1484 1259 1539 31
1305 1483 1554 1547 πλεκταῖς
1591 1477 1647 1537 δὲ
1687 1479 1758 1539 Θ.
1794 1478 1983 1536 Ceteri

452 1571 631 1630 etiam
664 1572 942 1645 πλεκταῖς,
990 1581 1314 1628 corroetum
1348 1590 1383 1627 a
1421 1575 1673 1629 Kustero
1719 1567 1982 1642 aliisque.

450 1691 531 1706 ο-
558 1661 631 1717 32
672 1656 873 1737 κημοὺς
914 1654 1033 1723 τοὺς
1074 1655 1292 1734 δεσμοὺς
1333 1658 1404 1717 Θ.
1430 1690 1510 1701 -
1550 1656 1732 1725 34-37
1761 1673 1876 1713 0111.
1907 1655 1981 1711 Θ.

452 1745 632 1812 Χάὸος
654 1758 741 1805 est
781 1765 895 1803 vox
928 1745 1263 1803 recentioris
1306 1743 1629 1814 Graecismi,
1657 1742 1982 1819 significans

452 1854 671 1891 camum
690 1878 708 1907 ,
736 1834 827 1891 vel
849 1834 1134 1908 fiscellam
1156 1876 1172 1904 ‚
1199 1832 1288 1889 vel
1334 1837 1630 1907 capistrum
1655 1874 1670 1901 ‚
1709 1827 1866 1905 quod
1894 1828 1983 1885 ori

450 1940 733 1999 equorum
776 1920 1162 1979 circundatur.
1206 1918 1624 1996 Moschopulus
1651 1938 1665 1973 τ
1697 1914 1914 1993 Κημὸς,
1954 1918 1983 1973 ὁ

450 2011 636 2074 κοινῶς
652 2006 838 2089 χάὸος,
858 2011 887 2066 ὅ
903 2006 1287 2087 περιτιθέμενος
1316 2010 1393 2087 τῷ
1420 2004 1646 2082 στόματι
1661 2006 1767 2062 τῶν
1786 2003 1984 2061 ἵππων.

449 2096 580 2155 vid.
611 2102 865 2174 Ducang.
898 2096 1088 2154 Gloss.
1113 2097 1172 2153 in
1203 2116 1359 2154 voce.
1399 2100 1576 2151 Kusr.
1606 2131 1684 2146 .-
1714 2093 1785 2163 37
1822 2096 1986 2168 μ’ὗσαι

451 2189 524 2243 G.
549 2184 680 2244 Ald.
707 2187 942 2262 κιμῶσαι
968 2181 1059 2240 καὶ
1084 2187 1248 2260 μῦσαι
1264 2188 1334 2240 V.
1353 2181 1591 2241 Sublata
1614 2180 1792 2256 igitur
1810 2179 1988 2237 ditto-

451 2272 693 2350 graphia
745 2272 975 2330 correxi
1032 2273 1288 2351 φιμῶσαι.
1352 2268 1531 2327 Addit
1585 2265 1714 2326 Ald.
1793 2263 1984 2332 ἄλλως.

452 2357 620 2434 κημὸς
644 2358 881 2416 ἐκαλεῖτο
902 2355 964 2415 τὸ
986 2354 1203 2433 πλέγμα
1231 2353 1293 2413 τὸ
1321 2353 1674 2430 ἐπιτιθέμενον
1697 2354 1774 2431 τῷ
1802 2350 1951 2433 κάδῳ
1966 2396 1984 2426 ,

451 2441 524 2501 δι’
541 2435 600 2501 οὗ
618 2445 666 2502 οἱ
691 2442 931 2502 δικασταὶ
955 2441 1200 2502 καθίεσαν
1220 2442 1314 2511 τὰς
1336 2441 1554 2523 ψήφους.
1579 2438 1798 2500 Ἄλλως.
1818 2439 1988 2518 κημὸς

451 2528 668 2609 πλέγμα
717 2528 987 2596 κωνοειδὲς
1005 2571 1023 2598 ,
1057 2530 1125 2588 δι’
1149 2521 1209 2589 οὗ
1253 2536 1491 2590 καθιᾶσιν
1518 2531 1566 2588 οἱ
1599 2524 1843 2587 δικασταὶ
1887 2525 1985 2599 τὴν

451 2621 626 2699 ψῆφον
651 2618 724 2684 εἷς
745 2615 834 2675 τὸν
861 2615 1039 2675 κάδον.
1067 2616 1157 2675 καὶ
1188 2619 1424 2697 ἀλλαχοῦ
1450 2622 1646 2697 (Vesp.
1671 2617 1811 2693 754)
1834 2641 1858 2668 α
1880 2618 1987 2674 κά-

451 2704 704 2777 πισταίην
742 2703 828 2764 ἐπὶ
851 2712 957 2770 τοῖς
996 2712 1203 2781 κημοῖς.
1237 2734 1258 2756 ι
1293 2705 1383 2764 καὶ
1421 2705 1484 2765 τὸ
1509 2714 1615 2772 τοῖς
1645 2702 1827 2769 ἵπποις
1864 2705 1986 2762 ἐπι-

451 2791 736 2872 τιθέμενον.
757 2791 846 2851 καὶ
873 2801 1165 2872 γυναικεῖον
1201 2791 1580 2877 προκόσμημα.
1609 2790 1698 2853 καὶ
1737 2793 1793 2850 αἱ
1818 2793 1987 2864 αὔλη-

451 2882 594 2941 τικαὶ
623 2880 876 2964 φορὸειαί.
927 2880 1018 2940 καὶ
1044 2881 1226 2962 κρίκου
1252 2906 1305 2942 τι
1331 2882 1493 2961 γένος.
1523 2881 1613 2942 καὶ
1634 2880 1741 2944 πόα
1764 2903 1870 2950 τις,
1895 2880 1986 2939 καὶ

452 2970 672 3052 ὄσπριόν
710 2994 764 3029 τι
799 2967 947 3052 παρὰ
976 2968 1161 3051 Θρᾳξί.
1195 2970 1286 3029 καὶ
1316 2969 1610 3051 μηχάνικόν
1633 2994 1686 3029 τι
1719 2968 1985 3053 πυρφόρον

456 3058 772 3138 μηχάνημα.
801 3063 935 3117 Haec
972 3058 1184 3117 inserta
1210 3072 1342 3117 sunt
1377 3078 1453 3117 ex
1480 3059 1658 3118 Suida
1689 3079 1734 3117 s.
1772 3056 1985 3134 Κημὸς,

455 3148 555 3224 qui
599 3167 717 3205 non
759 3166 831 3204 ex
872 3145 1178 3204 scholiasta
1217 3148 1497 3224 sumpsit,
1530 3146 1631 3204 sed
1680 3167 1750 3206 ex
1793 3146 1988 3206 Photii

452 3236 668 3294 Lexico
698 3254 756 3312 p.
787 3235 918 3304 161,
951 3235 1039 3306 13,
1066 3234 1275 3292 additis
1312 3235 1601 3292 nonnullis
1641 3255 1769 3312 quae
1809 3233 1987 3293 scribi

454 3343 488 3382 a
528 3324 738 3381 Photio
768 3342 885 3379 non
928 3333 1215 3399 poterant.
1253 3326 1434 3379 Dum.
1466 3354 1539 3366 —
1581 3332 1649 3392 41
1683 3322 1744 3382 τὸ
1770 3320 1987 3399 πλέγμα

453 3409 515 3470 τὸ
550 3409 875 3488 ἐπικείμενον
918 3411 994 3489 τῷ
1023 3406 1170 3490 κάδῳ
1204 3410 1275 3470 9.
1301 3451 1381 3462 -
1411 3419 1483 3477 44
1512 3408 1632 3476 τοὺς
1676 3409 1876 3478 κλοπάς
1912 3415 1984 3470 V.

456 3499 767 3576 Sequentia
789 3517 904 3555 om.
925 3499 997 3556 9.
1019 3529 1099 3543 -
1123 3499 1199 3566 46
1223 3495 1330 3555 ἀπὸ
1350 3499 1445 3568 τῆς
1470 3498 1599 3554 Ald.

543 3587 720 3657 1151,
747 3584 821 3643 52
865 3604 980 3643 0111.
1014 3585 1085 3644 9.
1119 3575 1315 3666 αἶρέἰς
1348 3591 1419 3643 V.
1444 3618 1524 3632 -
1573 3588 1610 3643 5
1646 3583 1923 3663 ἰλόγοντο,
1949 3596 1984 3656 4

1351 3680 1381 3711 τ

453 3730 711 3785 θανοῦσαν
739 3726 810 3786 9.
835 3756 912 3770 -
938 3726 995 3798 8,
1031 3743 1069 3800 9
1098 3725 1257 3783 αὐτοῦ
1299 3726 1384 3803 (αυ
1412 3725 1509 3800 V.)
1536 3723 1987 3807 ἄνθη-παρακε-

453 3811 712 3873 λεύεσθαι.
728 3816 915 3871 Locus
937 3834 1054 3873 non
1073 3815 1314 3888 integer.
1336 3811 1666 3871 Verborum
1685 3833 1812 3891 quae
1833 3815 1987 3872 exci-

456 3901 668 3960 derunt
712 3920 940 3960 sensum
979 3901 1254 3981 supplere
1298 3900 1432 3958 licet
1464 3919 1536 3958 ex
1581 3901 1801 3959 scholio
1834 3902 1987 3960 infe-

457 3993 631 4050 riore.
655 3995 837 4050 Dum.
868 4026 947 4036 —
972 4014 994 4051 1
1014 4014 1038 4051 1
1070 4010 1230 4069 seqq.
1262 3990 1320 4048 iu
1350 3991 1423 4050 Θ.
1445 4001 1531 4048 est
1567 3989 1754 4057 ἄλλως.
1790 4014 1988 4073 παροι-

460 4080 670 4158 μιῶδες.
715 4077 820 4137 ἀπὸ
877 4078 1160 4161 Μακαρίας
1221 4081 1316 4147 τῆς
1369 4077 1690 4157 Ἡρακλέους
1738 4078 1988 4162 θυγατρὸς

456 4164 788 4239 ἐπιδιδούσης
839 4166 1034 4240 ἑαυτὴν
1077 4164 1207 4246 ὑπὲρ
1255 4168 1359 4223 τῶν
1409 4166 1645 4247 ἀδελφῶν
1688 4168 1985 4226 ἀποθανεῖν.

456 4254 653 4336 ἔθαψαν
681 4252 736 4312 δὲ
765 4252 928 4326 αὐτὴν
956 4254 1215 4326 Ἀθηναῖοι
1248 4253 1611 4330 θαυμάσαντες
1633 4254 1719 4312 καὶ
1748 4255 1990 4333 μεγάλως

458 4341 862 4426 μακαρίσαντες.
890 4375 971 4387 -
1005 4361 1073 4399 21
1118 4339 1498 4422 Ἡρακλείδαις.
1527 4342 1658 4400 vid.
1688 4343 1888 4401 Elmsl.
1914 4342 1988 4400 ad

460 4452 514 4490 v.
549 4431 685 4503 475,
715 4441 775 4487 et
801 4430 957 4488 cons.
988 4429 1164 4488 schol.
1194 4429 1347 4487 Pluti
1379 4429 1513 4490 385.
1541 4434 1722 4488 Dum.

544 4540 569 4576 1
586 4517 719 4593 159,
753 4519 826 4575 32
856 4537 983 4595 sqq.
1016 4516 1279 4576 scholion
1303 4536 1532 4590 recens,
1558 4536 1808 4594 quocum
1832 4536 1992 4576 com-

461 4618 701 4686 paretur
727 4609 915 4681 Etym.
948 4611 1031 4664 M.
1060 4626 1106 4663 s.
1136 4602 1349 4670 Βαλὸίς.
1375 4607 1551 4663 Idem.

548 4715 570 4751 1
591 4694 718 4771 169,
746 4692 818 4750 52
848 4690 1066 4765 Ἀθηνᾶς
1086 4691 1201 4751 ναοὶ
1229 4692 1582 4753 Dindorfius.
1610 4692 1811 4752 Codex
1835 4690 1992 4764 Ἀθη-

463 4789 616 4842 ναῑοι.
642 4781 805 4840 Cous.
827 4780 1008 4840 schol.
1036 4786 1168 4839 Pac.
1192 4780 1329 4838 605.

551 4890 731 4943 1170,
769 4877 800 4938 4
832 4871 918 4946 ἀγ.
945 4867 1032 4929 διὰ
1057 4866 1242 4928 τούτου
1266 4873 1337 4928 V.
1366 4871 1436 4930 9.
1468 4869 1706 4947 reliquis
1745 4870 1987 4931 omissis».

548 4976 691 5031 1¹7¹
712 5000 730 5031 ,
773 4978 837 5016 11
871 4956 1033 5017 πάλιν
1068 4953 1154 5016 διὰ
1176 4953 1237 5014 τὸ
1270 4957 1322 5014 ἐν
1353 4955 1520 5037 Πύλῳ
1564 4955 1884 5038 κατόρθωμα
1919 4959 1986 5017 V.

460 5064 576 5106 om.
602 5045 674 5105 Θ.

2161 428 2340 498 1181,
2382 425 2458 484 26
2500 422 2634 493 τινὲς
2690 421 3115 507 δὶ--Εὗριπίδης
3158 429 3226 485 V.
3272 426 3602 506 Iaegebnm

2073 511 2362 593 Εὐριπίδης
2411 512 2648 594 (εὕρηται
2693 511 2791 592 Θ.)
2837 509 2893 570 δὲ
2944 514 3156 588 πεπτά,
3206 517 3602 579 consentiente

2069 600 2249 658 Suida
2269 620 2313 658 s.
2342 598 2581 683 Ἐλατῆρ
2597 647 2614 676 ,
2633 603 2734 679 qui
2751 600 2967 660 ibidem
2987 601 3205 661 πέλανοι
3227 622 3303 662 ex
3322 605 3598 682 Euripide

2071 687 2267 761 affert,
2307 689 2430 747 Hel.
2468 692 2637 760 1354.
2666 690 2838 767 Apud
2864 690 3230 749 scholiastam
3271 704 3600 770 suspectum

2072 778 2216 837 mihi
2275 792 2363 836 est
2422 796 2634 836 nomen
2687 777 2999 855 Euripidis.
3062 778 3466 851 Quamobrem
3511 781 3600 839 vel

2073 862 2239 946 ἕτεροι
2275 863 2330 922 δὲ
2362 864 2541 923 πεπτά
2583 865 2797 942 corrigi
2827 866 3027 937 velim,
3054 866 3144 923 vel
3166 907 3184 935 ‚
3231 867 3278 923 si
3315 867 3458 943 quid
3499 869 3603 927 tri-

2072 952 2368 1011 buendum
2391 953 2605 1012 codicis
2614 953 2820 1012 Veneti
2839 954 3158 1032 scripturae,
3176 950 3311 1018 τινὲς
3331 953 3388 1011 δὲ
3405 954 3599 1030 πεπτὰ,

2072 1032 2145 1100 ὧν
2189 1032 2262 1106 εἷς
2300 1041 2391 1101 καὶ
2437 1039 2731 1122 Εὐφρόνιος.
2779 1047 2961 1100 Dum.
3006 1043 3121 1115 Qui
3163 1044 3226 1100 in
3267 1043 3600 1102 Addendis:

2074 1130 2409 1208 ·Euripidis
2438 1149 2650 1188 nomen
2694 1130 2743 1187 si
2783 1142 2941 1188 recte
2982 1129 3220 1208 legitur,
3264 1144 3397 1209 post
3430 1121 3505 1189 ὧν
3532 1122 3604 1197 εἷς

2072 1217 2163 1276 καὶ
2212 1238 2421 1276 nomen
2471 1218 2827 1296 grammatici
2868 1217 3112 1294 alicujus
3157 1219 3443 1278 excidisse
3489 1239 3601 1297 pu·-

2074 1304 2309 1362 tandum
2330 1317 2417 1362 est
2433 1349 2450 1378 ,
2471 1305 2687 1383 reliqua
2706 1315 2898 1363 autem
2917 1309 2998 1365 sic
3024 1308 3143 1364 sere
3167 1306 3604 1384 redintegranda
3663 1305 3667 1310 ’

2073 1406 2242 1452 erunt
2265 1412 2334 1452 ex
2363 1392 2543 1452 schol.
2566 1394 2639 1451 ad
2669 1392 2919 1452 Acharn.
2945 1395 3079 1466 245,
3109 1393 3212 1452 εἶσὶ
3241 1391 3298 1452 δὲ
3323 1394 3414 1452 καὶ
3445 1396 3605 1473 λαγα-

2075 1479 2254 1562 ρώδεις
2278 1478 2426 1561 παρὰ
2452 1480 2514 1540 τὸ
2538 1479 2789 1563 λαγαρόν·
2807 1480 2898 1540 καὶ
2925 1480 3145 1540 πέλανοι
3170 1481 3298 1562 παρ’
3327 1483 3602 1564 Εὖριπίδῃ.

2073 1569 2390 1646 Utriusque
2436 1568 2552 1627 loci
2603 1568 2816 1627 scholia
2883 1568 3183 1646 conjunxit
3229 1570 3437 1628 Suidas
3496 1571 3604 1628 boc

2075 1656 2249 1714 modo
2267 1700 2284 1728 ‚
2330 1654 2428 1713 εἰσὶ
2473 1653 2529 1713 δὲ
2571 1653 2872 1737 καὶ-.-παρ’
2900 1654 3178 1737 Εὐριπίδῃ.
3213 1655 3303 1714 καὶ
3354 1657 3605 1738 ἐλατῆρος

2072 1741 2367 1822 πέμματος.
2398 1735 2530 1809 εἶδος
2556 1742 2778 1821 ἅζύμου.
2821 1743 3111 1825 Εὐριπίδης
3140 1741 3336 1802 πεπτά.
3363 1769 3389 1796 ι
3418 1786 3496 1797 .-
3534 1745 3604 1802 28

2074 1830 2330 1913 ἔμπορίαν
2360 1835 2426 1889 V.

2161 1942 2182 1977 1
2203 1920 2329 1992 185,
2360 1920 2432 1977 32
2462 1915 2712 1995 ἕγκοίλων
2735 1921 2807 1981 Θ.
2835 1919 2964 1979 Ald.
2995 1916 3124 1992 ὕλην
3159 1918 3366 1977 Suidas
3392 1939 3450 1977 v.
3481 1916 3605 1978 Ἐν·-

2073 2007 2326 2089 τερόνεια.
2381 2004 2536 2064 Libri
2592 2004 2766 2078 ξυλήν.
2792 2048 2870 2061 -
2891 2011 3075 2066 ταῦτα.
3131 2010 3422 2065 Numerus
3471 2008 3605 2085 plu-

2074 2096 2208 2155 ralis
2248 2096 2379 2172 jure
2414 2095 2661 2155 offendit
2703 2100 3038 2154 Kusterum.
3063 2095 3374 2172 Exspectes
3411 2094 3605 2153 saltem

2074 2188 2245 2243 τοῦτο.
2277 2185 2539 2242 Breviter
2571 2182 2775 2243 Suidas
2805 2180 2924 2262 Ἢρ.
2960 2179 3234 2241 συστέλλει
3268 2180 3360 2240 καὶ
3389 2203 3603 2261 προπα-

2077 2269 2290 2351 ροξύνει.
2332 2271 2557 2331 Deinde
2593 2269 2682 2329 καὶ
2716 2274 2832 2340 ἡ-
2856 2271 2974 2349 (4ο)
3003 2270 3214 2336 ἔκτασις
3249 2283 3386 2328 sunt
3414 2275 3604 2328 Hero-

2075 2359 2230 2418 diani
2259 2360 2455 2418 verba.
2497 2365 2672 2417 Dum.
2693 2400 2776 2411 —
2795 2360 2867 2427 34
2889 2355 3297 2440 προπαροξύνειν
3324 2358 3396 2417 Θ.
3425 2389 3508 2403 -
3532 2359 3604 2416 36

2075 2444 2201 2512 νεὼς
2238 2446 2403 2525 ἤγουν
2448 2445 2510 2505 τὸ
2550 2469 2603 2505 σ.
2646 2451 2719 2504 V.
2749 2476 2827 2491 —
2875 2448 2946 2519 37
2992 2444 3204 2524 μήστρα
3236 2450 3307 2504 V.
3332 2477 3408 2490 —
3445 2454 3522 2513 40
3567 2447 3605 2515 ἡ

2078 2554 2192 2592 0111.
2223 2536 2295 2595 Θ.

2165 2624 2352 2698 1189,
2390 2630 2462 2691 44
2499 2618 2764 2703 ἐχρήσατο
2795 2639 2910 2678 om.
2944 2625 3017 2679 V.
3049 2651 3123 2665 —
3159 2620 3234 2688 45
3269 2616 3337 2676 τὰ
3383 2617 3475 2677 δύο
3519 2619 3606 2677 καὶ

2075 2709 2196 2790 τρία
2223 2711 2294 2770 Θ.
2326 2740 2402 2754 --
2432 2710 2505 2779 46
2532 2712 2603 2776 ὥς
2631 2729 2745 2767 0111.
2780 2710 2873 2782 9.,
2906 2719 2981 2786 49
3011 2712 3151 2787 βωμ.
3185 2707 3243 2767 δὲ
3267 2727 3386 2767 0111.
3411 2714 3484 2769 V.
3512 2709 3604 2778 9.,

2080 2794 2579 2879 βωμ.-λῃστρικόν
2608 2815 2723 2856 0111.
2745 2797 2814 2856 G.
2836 2797 2908 2857 9.

2163 2908 2185 2944 1
2204 2887 2313 2962 195
2344 2885 2498 2945 αὐτὸν
2522 2889 2590 2944 V.

2162 2995 2185 3033 1
2203 2977 2333 3051 196,
2363 2995 2397 3032 2
2427 2970 2822 3054 ἱρωτηματικὸν
2853 2976 2926 3033 Θ.
2954 2973 3089 3040 τίνες
3117 2993 3233 3033 0111.
3256 2978 3328 3033 V.
3350 2974 3425 3034 9.
3455 3004 3533 3018 -
3566 2974 3603 3031 6

2077 3082 2190 3122 0111.
2236 3068 2308 3121 G.
2334 3064 2404 3124 9.
2441 3061 2615 3120 Addit
2645 3067 2713 3121 V.
2749 3060 3025 3134 ἀπατήσας
3064 3060 3133 3121 τὰ
3171 3061 3411 3129 Κλέωνος
3440 3060 3605 3139 ἤγαγε

2075 3154 2153 3232 τῷ
2180 3150 2363 3231 δήμῳ,
2396 3171 2525 3230 quae
2552 3170 2665 3210 om.
2687 3152 2757 3208 G.

2165 3242 2343 3310 1203,
2382 3258 2446 3294 11
2479 3240 2527 3297 οἱ
2572 3235 2886 3318 στρατηγοὶ,
2931 3256 2999 3294 12
3041 3234 3270 3302 ἐπινοίας
3303 3234 3482 3315 ἔλεγον
3515 3240 3602 3296 τοῦ·

2076 3330 2193 3385 θεοῦ
2221 3327 2292 3387 9.
2316 3328 2383 3405 τῇ
2410 3328 2511 3407 θεῷ
2537 3329 2607 3382 V.

2165 3406 2311 3464 1215
2336 3405 2496 3484 διχῶς
2512 3423 2626 3462 0111.
2656 3408 2727 3462 G.
2743 3397 2947 3485 πριδιον
2976 3407 3045 3462 V.

2163 3532 2330 3587 1220,
2364 3515 2437 3570 30
2462 3530 2576 3570 0111.
2605 3510 2677 3569 Θ.

2164 3610 2345 3683 1225,
2378 3610 2444 3666 31
2492 3606 2555 3666 τὸ
2595 3598 2769 3667 HV.
2803 3606 3052 3685 Δωρικῶς
3086 3602 3355 3664 τουτέστιν
3394 3605 3508 3663 ἀντὶ
3535 3605 3602 3665 9.

2077 3697 2198 3755 sine
2217 3695 2297 3757 Τὸ
2321 3694 2403 3755 τό.
2431 3734 2513 3749 --
2539 3697 2609 3765 34
2642 3695 2859 3759 εἵλωτας
2888 3695 2958 3754 V.
2984 3693 3056 3752 Θ.
3087 3692 3296 3764 ἥλωτας
3327 3692 3459 3751 Ald.
3485 3699 3601 3752 Re-

2076 3785 2246 3861 spicit
2273 3783 2347 3841 ad
2389 3785 2573 3862 ignoti
2606 3796 2792 3863 poetae
2826 3781 3025 3840 drama
3064 3780 3332 3854 Helotas‚
3381 3780 3456 3839 de
3490 3800 3603 3859 quo

2078 3871 2224 3930 dixit
2252 3874 2320 3931 Ο.
2351 3872 2628 3931 Miillerus
2667 3872 2727 3929 in
2755 3869 3056 3928 Niebuhrii
3092 3872 3291 3927 Museo
3327 3870 3602 3927 Rhenano

2077 3959 2193 4017 vol.
2218 3960 2274 4032 3,
2300 3978 2358 4036 p.
2388 3959 2524 4026 488.
2551 3961 2730 4014 Dum.
2760 3956 2860 4013 Uti
2893 3954 3142 4014 debebat
3164 3955 3272 4014 hac
3311 3956 3604 4015 notatione

2077 4046 2394 4104 scholiastae
2421 4045 2739 4102 Meinekius
2763 4044 2822 4103 in
2851 4043 3171 4121 fragmento
3200 4044 3236 4101 6
3267 4044 3602 4103 Helotarum

2077 4133 2379 4213 Eupolidis
2397 4176 2414 4208 ,
2441 4152 2499 4210 p.
2529 4135 2641 4200 482
2667 4152 2784 4210 seq.

2166 4233 2344 4299 1236,
2383 4231 2458 4304 39
2500 4226 2561 4286 τὸ
2587 4236 2882 4311 μαγειρεῖον
2925 4229 2998 4289 9.
3052 4224 3395 4306 μαδισ-ιῆριον
3433 4226 3604 4285 etiam

2078 4315 2275 4376 Suidas
2303 4337 2348 4375 s.
2371 4307 2599 4397 Εὗστρα.
2625 4315 2729 4374 ἀπὸ
2750 4321 2842 4375 τοῦ
2868 4314 3003 4396 εὕρω
3029 4315 3099 4374 9.
3120 4347 3201 4359 -
3220 4322 3284 4381 41
3321 4312 3512 4393 βοσκὸν
3530 4314 3602 4374 9.

2078 4416 2416 4482 corruptum
2462 4423 2535 4461 ex
2559 4399 2826 4479 μουσικόν.
2848 4397 3048 4467 Ἄλλως
3074 4412 3132 4459 et
3149 4401 3449 4478 sequentia
3489 4421 3600 4459 om.

2078 4493 2253 4552 idem.
2284 4525 2355 4537 -
2385 4502 2457 4562 42
2490 4489 2665 4571 ὣρίμη
2696 4490 2921 4550 Albert.
2954 4489 3028 4547 ad
3053 4488 3298 4565 Hesych.
3338 4508 3387 4546 s.
3411 4486 3606 4570 Ἆμφιζ

2076 4603 2312 4647 καυστις.
2339 4578 2664 4657 Legebatur
2691 4577 2881 4659 ὀρεινή.
2924 4609 2996 4624 -
3029 4573 3365 4656 ἁμφίκαυτις.
3414 4579 3605 4652 Hesy-

2077 4669 2273 4728 chius:
2302 4665 2671 4749 Ἀμφίκαυστις
2692 4665 3065 4748 (άμφίκλυστις
3097 4661 3308 4741 codex)
3331 4685 3347 4720 ε
3368 4666 3404 4735 ἡ
3423 4658 3606 4743 πρώτη

2075 4761 2181 4816 τῶν
2210 4753 2490 4835 ἀσταχύων
2519 4754 2749 4835 ἔκφυσις.
2776 4752 2989 4832 λέγεται
3008 4749 3064 4809 δὲ
3091 4749 3184 4809 καὶ
3211 4754 3448 4817 καῦστις.

2162 4861 2311 4920 1240
2330 4855 2391 4910 ἐκ
2413 4857 2505 4910 τοῦ
2524 4853 2595 4912 9.
2608 4851 2882 4911 Scholion
2901 4870 3014 4909 om.
3035 4854 3197 4908 G.—
3222 4848 3299 4907 50
3323 4847 3514 4928 ἄνδρας
3533 4846 3604 4906 9.

2165 4959 2309 5025 1247
2330 4954 2402 5009 V.
2420 4949 2595 5008 habet
2612 4949 2856 5027 glossam
2873 4945 3305 5025 ταριχοπωλεῖον.
3334 4941 3608 5017 Scholion

2084 5040 2223 5100 1251
2269 5059 2384 5111 0111.
2408 5040 2501 5114 9.,
2534 5038 2681 5107 1254
2708 5057 2827 5095 0111.
2855 5040 2927 5094 V.
2948 5036 3019 5095 9.
