3859 5725
1725 283 1980 348 PLUTI.

3292 313 3411 365 557

262 426 631 504 παραστῆσαι.
662 429 999 487 Col-rectum
1030 443 1105 482 ex
1133 423 1205 482 Θ.
1231 433 1289 480 et
1314 420 1799 499 Harpocratione.
1885 415 1990 491 5-7
2015 421 2580 506 τοῦτο-κιθαρίζοντα
2598 448 2713 486 om.
2731 434 2869 509 Reg.
2895 436 3066 491 «Post
3089 435 3419 516 κιθαρίζοντα

262 519 419 571 κακεῖ
441 511 801 595 περιέστησαν.
820 517 890 572 V.
920 553 996 565 —
1024 513 1097 579 46
1123 530 1239 588 seq.
1269 507 1305 581 ἢ
1325 513 1599 589 -σπερμ,
1631 506 1805 567 habet
1882 507 2181 585 legebatur
2205 508 2376 579 ἄλλως
2409 538 2466 574 τε
2494 513 2587 573 καὶ
2619 516 2680 576 τὸ
2712 515 2900 599 μέτρον
2942 520 3239 580 συστέλλειν
3286 523 3422 582 θέλει

262 603 676 678 Harpocratio.
708 639 788 653 --
816 610 892 678 49
922 588 1162 660 Κόὸάλοι
1192 594 1246 656 δὲ
1270 599 1368 671 9.,
1389 598 1489 675 qui
1515 616 1632 654 orn.
1654 618 1801 661 τινες.
1882 593 1980 666 τὴν
2010 597 2074 653 λο
2117 599 2406 675 συλλαὸήν,
2441 622 2570 680 quae
2612 619 2746 682 post
2799 609 3014 685 ἀμαθεῖς
3072 613 3423 688 transposuit

349 691 489 760 283,
528 711 597 746 12
625 686 741 756 τοὺς
770 693 837 747 R.

353 779 489 850 285,
529 800 598 854 ¹9
629 775 762 854 ἄγω,
800 774 1015 854 νομίζω,
1043 774 1103 834 τὸ
1130 777 1302 854 θυμῶ·
1341 772 1433 832 καὶ
1461 772 1521 832 τὸ
1549 768 1806 853 συντρίὸω

264 871 422 926 Junt.
449 867 663 943 Regius
692 878 866 923 recte.

352 956 487 1026 286,
514 961 585 1021 24
613 952 890 1035 βαρύνεται
919 954 1105 1012 codex
1130 951 1462 1034 Cantabrig.
1497 970 1593 1030 ap.
1628 946 1804 1008 Kidd.

267 1037 341 1098 ad
368 1041 611 1102 Porsoni
644 1041 887 1098 Miscell.
911 1062 969 1119 p.
1012 1049 1140 1118 194.

353 1132 488 1204 287,
514 1129 586 1186 25
615 1132 791 1189 Τοῦτο
819 1125 1258 1209 παροιμιαστικός
1301 1126 1407 1205 (-όν
1439 1127 1553 1203 G.).
1580 1128 1608 1184 ὁ
1633 1124 1808 1192 Μίδας

266 1219 342 1275 V.
362 1256 440 1265 —
460 1218 530 1272 26
556 1207 667 1296 εἶχε
684 1222 754 1275 V.
780 1223 925 1276 Tum
949 1218 1029 1275 sic
1058 1216 1268 1296 pergit,
1297 1213 1487 1281 ἄλλως.
1516 1216 1806 1290 παροιμιῶ-

268 1303 351 1370 δες
383 1301 474 1361 ἐπὶ
510 1309 602 1363 τοῦ
631 1302 819 1364 Μίδου.
858 1307 907 1363 οἱ
933 1301 1029 1382 μὲν
1058 1302 1299 1382 λέγουσιν
1338 1302 1492 1362 αὐτὸν
1526 1292 1639 1362 ὦτα
1668 1301 1807 1381 ἔχειν

265 1388 386 1449 ὄνου
415 1388 500 1452 διὰ
528 1387 618 1450 σὸν
646 1389 736 1478 (δι’
762 1391 796 1449 ἃ
821 1393 924 1468 G.)
952 1391 1258 1473 εἰρήκαμεν.
1292 1393 1341 1449 οἱ
1366 1389 1420 1449 δὲ
1444 1390 1524 1450 ὅτι
1547 1390 1694 1456 ὄνους
1715 1394 1806 1449 τοῦ

267 1477 521 1539 Διονύσου
543 1478 829 1562 παριόντας
852 1473 1091 1556 ἠδίκησε.
1115 1481 1194 1540 διὸ
1217 1475 1473 1558 ὀργισθεὶς
1501 1484 1528 1539 ὁ
1560 1479 1669 1545 θεὸς
1696 1467 1808 1537 ὦτα

268 1567 389 1629 ὄνου
419 1571 562 1650 αὐτῷ
580 1573 851 1654 περιῆψεν.
881 1572 929 1629 οἱ
950 1568 1005 1630 δὲ
1033 1568 1112 1631 ὅτι
1138 1558 1250 1628 ὦτα
1274 1567 1392 1628 ὄνου
1431 1565 1638 1648 μεγάλα
1672 1566 1808 1648 ἔχειν

271 1659 426 1741 φύσει
451 1657 865 1740 παρεσκεύασεν.
908 1663 956 1719 οἱ
996 1659 1050 1719 δὲ
1092 1655 1171 1717 ὅτι
1212 1655 1565 1740 παροιμιῶδες
1604 1655 1811 1733 ἐλέγετο

272 1748 360 1808 ἐπὶ
397 1753 488 1805 τοῦ
524 1745 714 1819 Μίδου,
751 1747 863 1806 ἐπεὶ
901 1746 1015 1815 ὄνος
1048 1748 1249 1825 μᾶλλον
1278 1743 1455 1806 ἀκούει
1492 1748 1595 1805 τῶν
1637 1745 1810 1803 ἄλλων

273 1833 419 1908 ζώων
447 1834 584 1908 πλὴν
601 1841 691 1895 τοῦ
713 1835 859 1914 μυός.
886 1836 976 1897 καὶ
1005 1840 1034 1894 ὅ
1058 1835 1232 1904 Μίδας
1254 1835 1310 1895 δὲ
1330 1831 1552 1902 πολλοὺς
1569 1837 1811 1895 ὠτακου-

276 1925 402 1992 στὰς
450 1914 581 2004 εἶχε.
623 1924 837 2004 λέγεται
874 1924 927 1984 δὲ
958 1924 1129 2006 τούτῳ
1164 1923 1254 1984 τὸν
1284 1922 1581 1988 Πακτωλὸν
1614 1921 1811 2006 χρυσὸν

276 2017 470 2094 ῥεῦσαι.
499 2012 710 2092 λέγεται
738 2012 794 2072 δὲ
830 2013 986 2073 αὐτὸν
1022 2013 1271 2084 εὔξασθαι
1297 2012 1435 2073 ὥστε
1464 2012 1641 2072 πάντα
1666 2009 1812 2088 γενέ-

274 2105 395 2158 σθαι
422 2099 596 2180 χρυσὰ
618 2099 755 2161 ὅσων
780 2102 999 2185 ἅψεται,
1030 2102 1122 2162 καὶ
1146 2100 1232 2162 διὰ
1260 2108 1416 2161 τοῦτο
1436 2101 1591 2161 αὐτὸν
1620 2095 1814 2158 ἀπολέ-

275 2190 398 2244 σθαι
424 2190 529 2244 τῶν
553 2188 849 2268 βρωμάτων
869 2189 1182 2267 γενομένων.
1213 2189 1432 2258 Ἄλλως.
1462 2187 1637 2255 Μίδας
1659 2189 1806 2265 βασι·

276 2272 392 2342 λεὺς
414 2266 479 2348 ἦν
509 2278 613 2334 τῶν
642 2277 892 2358 Φρυγῶν.
924 2267 1221 2358 οἶτοςιέσχε
1245 2277 1538 2360 δηλάτορας
1565 2273 1816 2351 (δηλήτο-

279 2387 371 2444 ρας
398 2365 513 2441 G.),
541 2363 630 2422 καὶ
664 2364 1010 2441 μανθάνοντες
1042 2367 1398 2447 παραλλήλως
1443 2364 1646 2444 (scrib.
1689 2360 1814 2443 παρ’

277 2450 556 2527 ἀλλήλων)
594 2449 662 2510 τὰ
703 2451 1000 2533 πράγματα
1041 2452 1375 2534 ἀπήγγελλον
1405 2455 1572 2534 αύτῷ.
1611 2450 1705 2511 ἅτε
1750 2450 1813 2523 δὴ

276 2530 366 2598 οἶν
390 2540 593 2599 ἀκούων
620 2564 676 2600 τε
696 2542 872 2600 ἄλλων
898 2540 1024 2622 ἔσχε
1049 2540 1147 2615 τὴν
1176 2541 1502 2621 ἐπωνυμίαν,
1530 2540 1566 2612 ἢ
1594 2539 1674 2600 ὅτι
1698 2539 1815 2620 χώ-

280 2651 371 2711 ραν
402 2626 536 2687 oth-‹³›
558 2627 889 2710 καλουμένην
908 2627 1046 2710 ἔχειν
1071 2630 1189 2690 ὄνου
1226 2619 1339 2692 ὦτα
1379 2628 1697 2712 ἐχειρώσατο
1724 2626 1814 2687 καὶ

280 2714 385 2774 ἀπὸ
408 2715 594 2775 τούτου
623 2716 840 2792 ἐκλήθη.
876 2721 946 2777 R.
980 2720 1102 2777 haec
1129 2732 1353 2778 tantum
1396 2719 1590 2792 habet,
1628 2739 1812 2799 παροι-

278 2805 467 2885 μιῶδες
489 2801 696 2885 ἐλέγετο
720 2806 843 2889 περὶ
862 2811 955 2866 τοῦ
984 2806 1155 2867 Μίδου
1194 2805 1275 2867 ὅτι
1309 2805 1533 2875 πολλοὺς
1574 2806 1817 2867 ὠτακου-

277 2892 402 2959 στὰς
422 2890 454 2964 ἢ
478 2894 664 2972 κώμην
682 2894 801 2953 τινὰ
825 2885 939 2975 εἶχε
962 2895 1205 2977 Φρυγίας
1230 2886 1343 2955 ὦτα
1369 2897 1487 2955 ὄνου
1505 2894 1817 2974 λεγομένην.

277 2979 312 3051 ἢ
340 2970 455 3040 ὦτα
492 2980 609 3041 ὄνου
648 2982 862 3063 λέγεται
904 2983 994 3042 τὸν
1024 2984 1201 3043 Μίδαν
1236 2983 1380 3062 ἔχειν
1412 2982 1499 3042 διὰ
1527 2982 1648 3051 τοὺς
1673 2983 1820 3039 ὠτα-

278 3067 504 3133 κουστάς
544 3112 558 3127 .
582 3113 597 3127 .
625 3116 638 3127 .
668 3068 837 3128 ,νοίαν
869 3070 1047 3144 ἐπειδὴ
1079 3076 1106 3130 ὁ
1132 3070 1246 3139 ὄνος
1274 3074 1474 3150 μᾶλλον
1506 3069 1688 3130 ἀκούει
1714 3070 1818 3127 τῶν

282 3154 455 3212 ἄλλων
486 3154 632 3222 ζώων
656 3156 797 3228 πλὴν
825 3159 974 3236 μυός.
1002 3162 1049 3217 οἰ
1076 3158 1133 3219 δὲ
1157 3158 1236 3218 ὅτι
1266 3158 1410 3226 ὄνους
1441 3164 1535 3218 τοῦ
1567 3156 1820 3219 Διονύσου

283 3240 566 3325 παριόντας
585 3244 828 3316 ἠδίκησε.
860 3246 1172 3330 διὸ-φύσει
1200 3237 1451 3327 εἶχεν.Θ.
1482 3247 1605 3306 haec
1631 3247 1822 3304 omnia

283 3332 518 3390 omittit.
544 3366 618 3376 —
644 3334 715 3389 28
740 3330 929 3411 κώμην
957 3333 1273 3416 Φρυγιακὴν
1316 3336 1482 3397 Suid.
1526 3356 1572 3393 s.
1622 3332 1816 3401 Μίδας.

283 3417 556 3500 Κατὲσχεν
582 3434 669 3479 est
700 3424 1027 3533 occupavit,
1058 3425 1434 3503 expugnavit.
1477 3421 1819 3500 Diogenian.

282 3511 340 3580 6,
371 3510 473 3580 73:
500 3509 672 3576 Μίδας
698 3510 817 3570 ὄνου
840 3528 953 3571 ωτα
980 3534 992 3568 :
1023 3510 1154 3573 Ὅτι
1185 3510 1523 3578 ὠτακουστὰς
1560 3502 1731 3590 εἶχεν·
1773 3512 1823 3568 οἱ

282 3595 337 3656 δὲ
364 3596 559 3677 χωρίον
589 3601 746 3659 αὐτοῦ
776 3622 934 3682 φασιν
963 3599 1103 3661 οὕτω
1134 3602 1408 3661 καλεῖσθαι
1432 3599 1520 3658 ὕπ’
1545 3601 1703 3658 αὖτοῢ
1725 3599 1824 3670 λη-

283 3686 406 3771 φθὲν
452 3688 720 3748 ἀνάλωτον
741 3712 754 3726 ·
800 3703 859 3748 et
911 3692 1151 3751 totidem
1185 3693 1383 3752 verbis
1420 3688 1688 3769 Apostol.
1734 3690 1821 3761 13,

291 3797 382 3857 19.
416 3777 563 3838 Vide
606 3774 801 3837 Tzetz'.
850 3780 995 3838 Chil.
1032 3803 1082 3852 1,
1113 3778 1249 3841 hist.
1288 3804 1345 3839 2.
1396 3785 1623 3840 Ηιιιιετ.
1649 3809 1726 3821 -
1749 3778 1823 3834 30

284 3863 435 3921 αὐτὸν
454 3863 635 3926 πάλιν.
664 3870 887 3926 Locum
921 3890 1044 3929 esse
1070 3869 1189 3931 sibi.
1223 3882 1554 3947 suspectum
1576 3869 1636 3929 in
1671 3884 1822 3924 mar-

285 3953 417 4030 gine
437 3955 575 4014 libri
593 3956 684 4015 sui
704 3958 927 4019 notavit
950 3965 1268 4021 Kusterus:
1291 3960 1350 4016 in
1371 3958 1549 4017 Suida
1576 3967 1822 4027 tantum,

285 4039 375 4098 καὶ
394 4042 551 4101 αὐτὸν
571 4042 835 4119 εὔξασθαι,
856 4047 1060 4121 ceteris
1083 4047 1385 4125 neglectis,
1405 4065 1536 4121 quae
1559 4063 1677 4101 non
1708 4062 1825 4102 ma-

284 4148 541 4209 gnopere
585 4131 878 4193 desideres
914 4155 929 4189 :
978 4128 1343 4213 transpositu
1384 4133 1578 4192 lenior
1622 4128 1825 4190 evadet

287 4221 476 4276 oratio
506 4243 520 4277 :
548 4218 707 4279 πάλιν
749 4220 806 4279 δὲ
842 4220 1055 4299 λέγεται
1100 4219 1258 4283 αὐτὸν
1297 4216 1562 4289 εὔξασθαι.
1605 4224 1823 4279 Hensr.

284 4306 447 4367 ,πάλιν
477 4327 589 4366 om.
616 4313 687 4367 V.
713 4347 789 4359 -
815 4310 885 4377 34
932 4307 1079 4375 ὄνους
1121 4306 1241 4375 τοὺς
1276 4310 1366 4369 τοῦ
1400 4302 1620 4368 Suidas.
1645 4338 1722 4351 -
1749 4306 1822 4364 35

286 4392 492 4473 παριὼν
530 4396 661 4455 Ald.
704 4395 845 4477 ἔχειν
885 4396 1032 4477 αὐτῷ
1073 4396 1300 4457 Suidas.
1333 4438 1411 4450 ..-.
1442 4404 1514 4467 44
1553 4388 1641 4451 ὑπ’
1679 4395 1824 4475 αὐτῷ

286 4484 465 4541 Paris.
499 4496 557 4540 et
584 4488 725 4561 Reg.
768 4482 1098 4561 Legebatur
1136 4483 1222 4542 ὑπ’
1260 4487 1435 4543 αὐτοῦ.
1476 4480 1738 4561 λεγόμενά
1766 4505 1825 4540 τε

286 4569 375 4631 καὶ
391 4568 727 4651 πραττόμενα
748 4592 866 4633 orn.
889 4573 1068 4633 Paris.
1098 4570 1299 4629 «Conf.
1322 4566 1581 4643 Eudocia
1604 4591 1661 4651 p.
1689 4590 1824 4646 290,

287 4671 343 4714 et
365 4658 676 4718 Phavorin.
700 4681 754 4719 v.
786 4659 983 4729 Μίδας.
1008 4689 1028 4711 ⁸·
1054 4666 1223 4721 Bas-r.
1430 4652 1437 4659 ¹

370 4766 507 4821 290,
527 4748 716 4824 49·53
743 4749 922 4807 habet
944 4769 1143 4830 margo
1170 4752 1350 4806 Dorv.
1374 4748 1556 4829 usque
1577 4746 1648 4804 ad
1667 4740 1825 4829 ᾅδων,

286 4824 383 4907 cui
402 4838 529 4899 voci
548 4839 739 4897 statim
760 4834 1018 4915 subjicit,
1042 4834 1104 4896 τὸ
1131 4834 1187 4897 δὲ
1212 4841 1293 4918 θρ.
1313 4841 1407 4917 τῆς
1434 4834 1487 4919 λ.
1515 4832 1655 4895 ἔστὶν
1684 4832 1822 4911 ἀπή-

290 4943 460 5003 χημα.
503 4924 572 4983 Θ.
610 4924 765 4989 nulla
809 4927 881 4985 ad
930 4926 1083 5009 hunc
1131 4946 1363 5007 versum
1399 4924 1620 4983 scholia
1653 4923 1828 4993 habet

1886 688 2128 758 Hemst.,
2159 707 2267 763 ego
2300 689 2508 747 delevi.
2551 692 2701 750 Illud
2755 705 2942 752 tamen
2975 709 3129 755 recte
3158 700 3422 757 animad-

1886 773 2062 831 vertit
2092 775 2334 848 llcmst.‚
2362 777 2435 835 ab
2465 766 2579 837 alio
2615 785 2994 858 grammatico
3037 786 3144 843 ista
3168 807 3290 845 esse
3318 787 3423 845 ad-

1885 862 2096 938 scripta
2130 877 2186 921 et
2206 863 2404 942 inepte
2433 865 2686 943 quidem.
2716 874 2863 928 Narn
2893 872 3049 948 quod
3085 872 3227 932 dicit
3256 875 3328 933 de
3364 876 3426 933 λο

1887 947 2108 1024 syllaba
2129 953 2454 1010 necessario
2475 957 2848 1034 corripienda
2877 960 2935 1015 in
2959 960 3248 1036 vulgatam
3272 962 3426 1020 cadit

1886 1035 2234 1113 scripturam
2252 1081 2272 1111 ,
2301 1060 2418 1097 non
2446 1041 2507 1098 in
2538 1043 2933 1120 conjecturam
2962 1046 3117 1104 illam
3147 1068 3427 1125 gramma-

1890 1121 1987 1179 tici
2018 1125 2355 1200 cujusdam‚
2394 1127 2453 1185 in
2488 1150 2602 1207 qua
2641 1144 2893 1190 metrum
2927 1147 2985 1191 et
3023 1135 3330 1215 θρεττανελό
3369 1149 3429 1194 et

1888 1212 2216 1293 θρεττανελώ
2273 1217 2403 1274 fert.
2428 1243 2453 1268 ι
2502 1222 2684 1278 Duco.
2706 1255 2782 1263 —
2813 1224 2967 1298 9-‘32
3021 1223 3082 1279 in
3122 1229 3192 1282 V.
3218 1224 3312 1282 hic
3340 1237 3428 1283 est

1889 1301 2036 1360 ordo
2077 1302 2428 1362 scholiorum
2445 1349 2464 1378 ‚
2514 1304 2797 1373 Φιλόξενος
2845 1306 3284 1387 διθυραμὸοποιὸς
3325 1333 3429 1369 πε-

1888 1386 2077 1460 ποίηκε
2095 1387 2393 1449 Γαλάτειαν
2413 1392 2610 1475 δρᾶμα,
2633 1394 2686 1452 ἐν
2703 1384 2748 1476 ᾧ
2764 1393 3021 1468 πεποίηκε
3044 1396 3131 1455 τὸν
3153 1395 3429 1458 Κύκλωπα

1892 1478 2016 1558 ἐρᾶν
2042 1481 2206 1552 αὐτῆς
2233 1478 2324 1539 καὶ
2350 1479 2574 1563 κιθάραν
2603 1481 2855 1564 κρούοντα
2885 1482 2974 1542 καὶ
3001 1486 3056 1542 ἐν
3095 1488 3173 1566 τῷ
3224 1485 3430 1566 κρούειν

1891 1564 2323 1644 ἀπομιμούμενον
2348 1569 2658 1647 θρεττανελὸ
2681 1571 3008 1650 θρεττανελό.
3033 1571 3146 1632 ἔστι
3171 1571 3225 1631 δὲ
3254 1574 3431 1634 καὶτὰ

1890 1654 2318 1736 περιγραφόμενα
2348 1657 2560 1731 ἐκεῖθεν,
2591 1657 2710 1715 ἀλλ’
2732 1655 2816 1715 εἴα
2845 1659 3002 1716 τέκνα
3031 1660 3207 1738 θαμῖν’
3240 1663 3430 1720 ἐπανα-

1893 1740 2136 1808 ὅοῶντες.
2177 1741 2395 1811 Ἄλλως.
2443 1744 2532 1803 καὶ
2576 1744 2680 1822 μὴν
2718 1745 2885 1823 ἔγωγε
2929 1748 3257 1827 βουλήσομαι
3293 1752 3431 1827 ὑμᾶς

1892 1828 2066 1908 ἄγειν·
2117 1830 2353 1913 διασύρει
2398 1830 2452 1892 δὲ
2497 1832 2587 1892 τὸν
2617 1832 2903 1903 Φιλόξενον
2942 1834 3031 1894 τὸν
3071 1836 3341 1919 τραγικὸν,
3378 1837 3432 1906 ὃς

1893 1918 2143 1998 εἰσήγαγε
2165 1918 2495 1999 κιθαρίζοντα
2517 1920 2606 1980 τὸν
2633 1919 2978 2002 Πολύφημον.
2997 1923 3058 1982 τὸ
3077 1922 3131 1981 δὲ
3148 1928 3430 2005 θρεττανε-

1891 2005 1955 2065 λὸ
1981 2005 2129 2066 ποιὸν
2154 2005 2310 2085 μέλος
2338 2008 2428 2067 καὶ
2458 2009 2777 2091 κρουμάτιόν
2803 2012 2932 2069 ἐστι.
2959 2009 3177 2078 Ἄλλως.
3203 2015 3231 2070 ὁ
3255 2013 3434 2073 Φιλό-

1895 2092 2031 2162 ξενος
2064 2097 2093 2153 6
2136 2094 2578 2176 διθυραμὸοποιὸς
2629 2098 2683 2155 ἐν
2725 2097 2946 2178 Σικελία
2995 2088 3428 2180 ἦν-ὀξυδόρκει.

1893 2180 2116 2250 Ἄλλως.
2172 2183 2458 2253 Φιλόξενον
2498 2183 2588 2245 τὸν
2643 2184 3229 2267 διθυραμὸοποιὸν-τὸ
3280 2186 3436 2265 μέλος

1894 2273 2083 2334 ἐκεῖνο.
2111 2275 2146 2344 ἡ
2166 2270 2270 2355 γὰρ
2291 2273 2482 2356 κιθάρα
2499 2273 2793 2356 κρουομένη
2820 2275 3059 2333 τοιοῦτον
3087 2273 3246 2352 μέλος
3274 2285 3434 2352 ποιεῖ,

1895 2359 2205 2441 θρεττανελὸ
2242 2360 2569 2442 θρεττανελό.
2604 2359 3026 2444 τινὲς-φωνήν.
3046 2397 3124 2407 —
3155 2385 3192 2440 9
3237 2363 3437 2445 βουλή-

1895 2472 2059 2528 σομαι
2084 2452 2221 2529 ὑμᾶς
2247 2449 2414 2531 ἄγειν.
2457 2459 2602 2510 Nam
2632 2454 2759 2511 aliis
2794 2451 3058 2531 placebat
3090 2475 3160 2512 ex
3211 2476 3437 2533 praece-

1896 2538 2056 2597 denti
2074 2552 2335 2619 repetere
2352 2546 2605 2624 χορεῦσαι
2632 2543 2718 2600 vel
2736 2539 2992 2624 χορεύειν,
3015 2555 3079 2600 ut
3103 2546 3437 2622 proximum

1896 2631 2158 2689 scholion
2187 2633 2443 2691 ostendit
2476 2656 2489 2689 τ
2524 2628 2854 2710 βουλήσομαι
2877 2633 3135 2715 χορεύειν,
3178 2633 3269 2693 καὶ
3304 2639 3441 2712 ὑμᾶς

1897 2719 2071 2798 ἄγειν.
2118 2725 2348 2779 Ηιιιετ.
2375 2754 2452 2766 -
2482 2730 2550 2788 ¹4
2589 2720 2785 2781 Suidae
2827 2742 2872 2780 s.
2915 2723 3250 2802 Θρεττανελὸ
3285 2726 3444 2783 codi-

1897 2828 1995 2868 ces
2035 2807 2633 2890 τραγῳδιοδιδάσκαλον.
2654 2842 2731 2854 -
2759 2809 2829 2867 15
2887 2812 3051 2890 prius
3082 2809 3170 2871 τὸν
3212 2832 3326 2873 om.
3368 2818 3438 2873 R.

1896 2930 1978 2941 —-
1999 2917 2074 2956 ao
2090 2896 2322 2980 χορεύειν
2347 2903 2417 2957 R.
2442 2941 2516 2951 .-.
2538 2917 2612 2955 22
2634 2918 2718 2976 sq.
2747 2901 2784 2969 ἡ
2811 2896 3306 2982 γὰρ-θρεττανελό
3325 2902 3440 2959 huc

1900 2986 2257 3064 transposuit
2302 2985 2478 3043 Dind.
2529 3006 2662 3043 cum
2712 2990 2782 3045 R.
2813 2989 2882 3045 V.
2913 2998 2977 3045 et
3022 2987 3214 3047 Suida.
3256 2991 3441 3067 Supra

1900 3087 2038 3131 ante
2069 3069 2357 3140 Φιλόξενον
2396 3072 2486 3132 τὸν
2527 3072 2969 3153 διθυραμὸοποιόν
3006 3078 3045 3136 l.
3089 3082 3155 3143 14
3204 3077 3443 3135 exhibet

1900 3161 2024 3219 Ald.
2069 3160 2368 3239 praemisso
2417 3160 2766 3240 θρεττανελόε
2797 3161 2907 3221 Τὸν
2937 3160 3228 3242 κιθαρῳδόν
3265 3176 3322 3227 et
3351 3185 3442 3223 se-

1901 3262 2116 3328 quente
2144 3245 2314 3315 ἄλλως
2333 3292 2351 3323 ,
2381 3269 2510 3327 quae
2540 3269 2654 3308 om.
2685 3254 2761 3308 R.
2807 3249 2967 3307 Idem
3019 3250 3302 3328 κινουμένη
3331 3273 3441 3331 pro

1901 3334 2218 3417 κρουομένη.
2266 3344 2404 3414 Reg.
2450 3334 2869 3416 ἀνακρουομένη.
2890 3377 2970 3389 -
2993 3340 3065 3396 23
3120 3338 3441 3421 θρεττανελὸ

1903 3424 2230 3503 θρεττανελώ
2276 3429 2344 3483 R.
2380 3456 2459 3471 -
2488 3434 2559 3494 24
2611 3423 2809 3504 φωνήν.
2867 3423 2957 3482 τὸν
3005 3425 3294 3508 κιθαρῳδόν
3329 3429 3441 3487 hoc

1904 3511 2035 3571 loco
2063 3513 2223 3572 addit
2249 3517 2339 3586 V„
2383 3512 2541 3590 quod
2584 3532 2700 3573 om.
2736 3514 2806 3572 G.
2850 3515 3162 3592 Sequentia
3200 3536 3315 3575 orn.
3345 3522 3439 3594 R„

1903 3598 2083 3659 habet
2111 3601 2343 3679 Regius.
2366 3633 2444 3645 —-
2472 3600 2543 3657 25
2564 3602 2823 3681 Δωριεῦσι
2845 3607 2988 3681 Reg.
3011 3602 3141 3663 Ald.
3163 3607 3442 3664 Correxe-

1904 3701 1994 3747 rat
2030 3690 2204 3748 etiam
2247 3694 2465 3749 Heinst.
2493 3723 2568 3735 -
2594 3692 2668 3747 26
2696 3688 2800 3748 τινὶ
2837 3710 2952 3751 om.
2983 3691 3155 3749 etiam
3186 3694 3332 3771 Reg.
3363 3725 3441 3741 -—

1908 3779 1982 3834 28
2011 3775 2080 3835 τὰ
2100 3776 2237 3859 μέρη
2261 3783 2337 3837 K.
2358 3780 2501 3854 Reg.
2529 3778 2664 3838 Ald.
2684 3810 2756 3822 —
2790 3797 2866 3855 29
2892 3777 3066 3858 δρᾶμα
3087 3775 3144 3836 δὲ
3160 3783 3234 3840 V.
3259 3782 3438 3840 omis-

1903 3867 1981 3927 sis
2007 3864 2098 3925 καὶ
2117 3868 2241 3926 ἐκεῖ.
2270 3863 2519 3943 εἰσήγαγε
2544 3869 2687 3943 Reg.
2706 3899 2782 3909 —
2804 3867 2877 3924 30
2890 3868 2985 3937 τῆς
3010 3886 3128 3926 om.
3157 3870 3232 3926 V.
3255 3874 3441 3928 «τοῦτο

1904 3953 1977 4014 δέ.
2000 3958 2128 4013 Hoc
2148 3954 2195 4015 si
2225 3952 2437 4011 mendo
2456 3971 2652 4010 carere
2681 3964 2950 4030 ponatur,
2980 3953 3122 4011 nihil
3150 3967 3237 4011 est
3261 3956 3441 4031 prius,

1903 4062 2077 4120 quam
2105 4050 2173 4099 ut
2207 4060 2332 4099 eam
2374 4040 2438 4098 in
2474 4039 2864 4117 suspicionem
2908 4041 3125 4115 veniaS,
3154 4041 3440 4103 excidisse

1905 4148 2078 4191 unam
2094 4174 2112 4204 ,
2141 4148 2271 4205 quae
2307 4127 2441 4189 huic
2466 4128 2847 4206 respondeat,
2871 4130 3151 4188 orationis
3175 4145 3400 4210 partem
3417 4150 3438 4190 τ

1902 4222 2059 4275 τοῦτο
2108 4214 2234 4293 μὲν.
2261 4259 2275 4272 .
2302 4258 2317 4274 .
2339 4256 2359 4273 .
2386 4220 2539 4274 τοῦτο
2586 4215 2641 4274 δὲ
2678 4213 3031 4296 αἰνιττόμενος
3067 4231 3182 4280 etc.
3205 4220 3440 4293 tumfa-

1905 4305 2093 4362 hulam
2144 4302 2395 4379 Cyclopis
2431 4318 2489 4361 et
2517 4307 2775 4361 Galateae
2809 4309 2909 4363 illo
2936 4309 3193 4363 dramate
3218 4324 3438 4385 pertra-

1902 4408 2078 4465 ctans,
2104 4406 2220 4453 tum
2247 4399 2407 4449 tacite
2433 4398 2728 4468 respiciens
2749 4395 2831 4450 ad
2850 4397 3190 4469 Dionysium.
3216 4395 3440 4472 Alioqui

1905 4501 2084 4560 parva
2110 4482 2281 4559 plane
2312 4481 2630 4540 mutatione
2657 4494 2880 4540 rectum
2910 4484 3053 4557 erit,
3086 4487 3268 4542 τοῦτον
3300 4483 3437 4561 (scil.

1903 4568 1994 4628 τὸν
2023 4569 2324 4648 Κύκλωπα)
2347 4566 2707 4645 ,αἰνιττόμενος
2729 4571 2803 4635 εἰς
2823 4568 3118 4642 Διονύσιον,
3142 4570 3298 4648 quod
3320 4571 3440 4628 fere

1905 4660 2121 4719 malim.
2144 4687 2170 4712 n
2202 4664 2424 4719 Ilnxsr.
2460 4662 2604 4736 Reg.
2635 4656 2949 4734 Γαλατείας,
2977 4658 3325 4738 αἰνιττόμενος
3370 4656 3439 4727 τὰ

1904 4747 2043 4808 κατὰ
2071 4747 2159 4809 τὸν
2184 4751 2251 4807 Δ.
2295 4747 2458 4809 Idem
2494 4749 2567 4805 32
2612 4759 2748 4824 post
2788 4744 3068 4826 ὧξυδόρκει
3106 4747 3326 4825 pergit:
3348 4744 3438 4806 καὶ

1907 4834 2285 4917 ἄνακρούοντος
2314 4835 2465 4905 δῆθεν
2489 4838 2582 4892 τοῦ
2603 4833 2895 4900 Κύκλωπος
2922 4830 3019 4903 τὴν
3043 4833 3284 4916 κιθάραν,
3311 4840 3439 4893 τοῦ·-

1905 4948 1966 4989 το
1992 4924 2053 4985 τὸ
2086 4920 2240 5000 μέλος
2274 4924 2593 4981 ἅπετελεῖτο.
2627 4920 2851 4980 Deinde
2882 4934 3018 5001 post
3045 4922 3211 5000 plura
3240 4942 3314 4980 ex
3336 4943 3439 4980 su-

291 5023 501 5089 praeter
531 5013 647 5087 illa,
674 5019 827 5073 τοῦτο
862 5013 1131 5096 ἄπήχημα
1153 5018 1248 5085 τῆς
1271 5014 1435 5095 λύρας
1453 5011 1545 5071 καὶ
1568 5002 1824 5095 οὗσυνά-
1908 5011 2269 5093 perior-ibus,
2322 5012 2528 5070 Veneti
2574 5008 2767 5070 verbis
2820 5011 2862 5093 ξ.
2910 5012 2982 5068 23
3039 5030 3125 5088 sq.
3173 5009 3438 5088 subjicit,

288 5120 475 5175 πτεται
502 5104 567 5177 τῇ
593 5101 850 5170 συντάξει.
875 5137 946 5149 -
974 5105 1046 5162 52
1082 5103 1173 5163 καὶ
1194 5107 1224 5164 ὁ
1248 5103 1457 5187 Καρίων
1482 5092 1549 5176 ἦν
1577 5107 1717 5180 Reg.
1747 5137 1826 5149 —
1910 5096 2233 5184 μιμούμενος
2261 5088 2350 5158 οῧν
2371 5098 2460 5159 καὶ
2488 5089 2636 5166 οὗτος
2667 5098 2756 5158 τὸν
2783 5098 3079 5181 ἀγροικικὸν
3107 5096 3262 5178 χορὸν
3283 5100 3453 5176 τοῦτο.
