<?xml version="1.0" encoding="UTF-8"?>
<!DOCTYPE html PUBLIC "-//W3C//DTD XHTML 1.0 Transitional//EN"
    "http://www.w3.org/TR/xhtml1/DTD/xhtml1-transitional.dtd">
<html xmlns="http://www.w3.org/1999/xhtml" xml:lang="en" lang="en">
 <head>
  <title>
</title>
<meta http-equiv="Content-Type" content="text/html;charset=utf-8" />
  <meta name='ocr-system' content='tesseract 3.04.00' />
  <meta name='ocr-capabilities' content='ocr_page ocr_carea ocr_par ocr_line ocrx_word'/>
</head>
<body>
  <div class='ocr_page' id='page_1' title='image "./scholiagraecain02dbgoog_0454.png"; bbox 0 0 3859 5725; ppageno 0'>
   <div class='ocr_carea' id='block_1_1' title="bbox 382 242 492 297">
    <p class='ocr_par' dir='ltr' id='par_1_1' title="bbox 382 242 492 297">
     <span class='ocr_line' id='line_1_1' title="bbox 382 242 492 297; baseline -0.036 1"><span class='ocrx_word' id='word_1_1' title='bbox 382 242 492 297; x_wconf 74' lang='lat'><strong>⁴1²</strong></span> 
     </span>
    </p>
   </div>
   <div class='ocr_carea' id='block_1_2' title="bbox 1516 232 2385 297">
    <p class='ocr_par' dir='ltr' id='par_1_2' title="bbox 1516 232 2385 297">
     <span class='ocr_line' id='line_1_2' title="bbox 1516 232 2385 297; baseline 0 -1"><span class='ocrx_word' id='word_1_2' title='bbox 1516 232 1960 297; x_wconf 70' lang='lat' dir='ltr'><strong>ADNOTATIO</strong></span> <span class='ocrx_word' id='word_1_3' title='bbox 1995 233 2081 295; x_wconf 83' lang='lat' dir='ltr'><strong>IN</strong></span> <span class='ocrx_word' id='word_1_4' title='bbox 2121 234 2385 297; x_wconf 85' lang='lat' dir='ltr'><strong>SCHOL.</strong></span> 
     </span>
    </p>
   </div>
   <div class='ocr_carea' id='block_1_3' title="bbox 378 361 3528 447">
    <p class='ocr_par' dir='ltr' id='par_1_3' title="bbox 378 327 3528 447">
     <span class='ocr_line' id='line_1_3' title="bbox 378 361 3528 447; baseline -0 -20"><span class='ocrx_word' id='word_1_5' title='bbox 378 366 473 427; x_wconf 75' lang='grc' dir='ltr'><strong>καὶ</strong></span> <span class='ocrx_word' id='word_1_6' title='bbox 495 385 610 425; x_wconf 91' lang='lat' dir='ltr'><strong>om.</strong></span> <span class='ocrx_word' id='word_1_7' title='bbox 637 369 785 425; x_wconf 60' lang='grc' dir='ltr'><strong>ν.-</strong></span> <span class='ocrx_word' id='word_1_8' title='bbox 809 363 880 422; x_wconf 85' lang='lat'><strong>15</strong></span> <span class='ocrx_word' id='word_1_9' title='bbox 907 361 1068 423; x_wconf 81' lang='grc' dir='ltr'><strong>πάλιν</strong></span> <span class='ocrx_word' id='word_1_10' title='bbox 1097 361 1146 422; x_wconf 75' lang='grc' dir='ltr'>οἱ</span> <span class='ocrx_word' id='word_1_11' title='bbox 1174 380 1289 420; x_wconf 89' lang='lat' dir='ltr'><strong>om.</strong></span> <span class='ocrx_word' id='word_1_12' title='bbox 1317 363 1389 423; x_wconf 99' lang='grc' dir='ltr'><strong>Θ.</strong></span> <span class='ocrx_word' id='word_1_13' title='bbox 1408 398 1470 411; x_wconf 88' lang='grc'><strong>-</strong></span> <span class='ocrx_word' id='word_1_14' title='bbox 1505 383 1694 441; x_wconf 85' lang='grc'><strong>17-19</strong></span> <span class='ocrx_word' id='word_1_15' title='bbox 1718 361 1905 424; x_wconf 73' lang='grc' dir='ltr'><strong>Κλέω-</strong></span> <span class='ocrx_word' id='word_1_16' title='bbox 2004 387 2127 447; x_wconf 82' lang='grc' dir='ltr'><strong>ρων.</strong></span> <span class='ocrx_word' id='word_1_17' title='bbox 2169 364 2394 424; x_wconf 83' lang='lat' dir='ltr'><strong>Deinde</strong></span> <span class='ocrx_word' id='word_1_18' title='bbox 2432 362 2770 446; x_wconf 77' lang='grc' dir='ltr'><strong>εἷσφράττετο</strong></span> <span class='ocrx_word' id='word_1_19' title='bbox 2798 368 2869 428; x_wconf 91' lang='grc' dir='ltr'><strong>Θ.</strong></span> <span class='ocrx_word' id='word_1_20' title='bbox 2897 401 2961 418; x_wconf 93' lang='lat'>-</span> <span class='ocrx_word' id='word_1_21' title='bbox 2985 375 3062 444; x_wconf 87' lang='grc'><strong>49</strong></span> <span class='ocrx_word' id='word_1_22' title='bbox 3087 369 3137 427; x_wconf 71' lang='grc' dir='ltr'><strong>οἱ</strong></span> <span class='ocrx_word' id='word_1_23' title='bbox 3182 366 3431 437; x_wconf 79' lang='grc' dir='ltr'><strong>εἰσιόντες</strong></span> <span class='ocrx_word' id='word_1_24' title='bbox 3459 376 3528 432; x_wconf 78' lang='lat' dir='ltr'><strong>V.</strong></span> 
     </span>
    </p>
   </div>
   <div class='ocr_carea' id='block_1_4' title="bbox 379 449 1919 2283">
    <p class='ocr_par' dir='ltr' id='par_1_4' title="bbox 379 449 1918 1927">
     <span class='ocr_line' id='line_1_4' title="bbox 381 449 1905 534; baseline -0.002 -21"><span class='ocrx_word' id='word_1_25' title='bbox 381 477 467 523; x_wconf 86' lang='grc' dir='ltr'><strong>νος</strong></span> <span class='ocrx_word' id='word_1_26' title='bbox 494 454 686 518; x_wconf 83' lang='grc' dir='ltr'><strong>παῖδας</strong></span> <span class='ocrx_word' id='word_1_27' title='bbox 709 450 806 530; x_wconf 66' lang='grc' dir='ltr'><strong>μὶν</strong></span> <span class='ocrx_word' id='word_1_28' title='bbox 842 451 935 523; x_wconf 69' lang='grc' dir='ltr'><strong>ἠδ.</strong></span> <span class='ocrx_word' id='word_1_29' title='bbox 961 449 1053 510; x_wconf 76' lang='grc' dir='ltr'><strong>καὶ</strong></span> <span class='ocrx_word' id='word_1_30' title='bbox 1070 458 1344 528; x_wconf 78' lang='grc' dir='ltr'><strong>.γυναῖκας</strong></span> <span class='ocrx_word' id='word_1_31' title='bbox 1371 449 1675 510; x_wconf 76' lang='grc' dir='ltr'><strong>ἀποκτεῖναι</strong></span> <span class='ocrx_word' id='word_1_32' title='bbox 1707 451 1905 534; x_wconf 78' lang='grc' dir='ltr'><strong>ἐψηφί-</strong></span> 
     </span>
     <span class='ocr_line' id='line_1_5' title="bbox 379 538 921 622; baseline -0.007 -21"><span class='ocrx_word' id='word_1_33' title='bbox 379 563 574 615; x_wconf 90' lang='grc' dir='ltr'><strong>σαντο,</strong></span> <span class='ocrx_word' id='word_1_34' title='bbox 598 538 921 622; x_wconf 77' lang='grc' dir='ltr'><strong>ἐξηνδραποδ</strong></span> 
     </span>
     <span class='ocr_line' id='line_1_6' title="bbox 380 623 1908 705; baseline -0.003 -16"><span class='ocrx_word' id='word_1_35' title='bbox 380 626 436 689; x_wconf 71' lang='grc' dir='ltr'><strong>δέ</strong></span> <span class='ocrx_word' id='word_1_36' title='bbox 457 626 772 688; x_wconf 64' lang='grc' dir='ltr'><strong>ἀπέστειλαν</strong></span> <span class='ocrx_word' id='word_1_37' title='bbox 792 623 1150 705; x_wconf 70' lang='grc' dir='ltr'><strong>ἀγγέλλουσαν</strong></span> <span class='ocrx_word' id='word_1_38' title='bbox 1175 627 1247 686; x_wconf 88' lang='grc' dir='ltr'><strong>Θ.</strong></span> <span class='ocrx_word' id='word_1_39' title='bbox 1269 628 1415 687; x_wconf 87' lang='lat' dir='ltr'>Vide</span> <span class='ocrx_word' id='word_1_40' title='bbox 1435 627 1693 703; x_wconf 86' lang='lat' dir='ltr'>Thucyd.</span> <span class='ocrx_word' id='word_1_41' title='bbox 1728 629 1782 699; x_wconf 83' lang='lat'><strong>3,</strong></span> <span class='ocrx_word' id='word_1_42' title='bbox 1816 630 1908 700; x_wconf 92' lang='grc'><strong>18,</strong></span> 
     </span>
     <span class='ocr_line' id='line_1_7' title="bbox 380 712 1912 796; baseline -0.003 -21"><span class='ocrx_word' id='word_1_43' title='bbox 380 716 620 775; x_wconf 86' lang='lat' dir='ltr'>Diodor.</span> <span class='ocrx_word' id='word_1_44' title='bbox 655 735 747 789; x_wconf 87' lang='grc'><strong>12,</strong></span> <span class='ocrx_word' id='word_1_45' title='bbox 780 713 956 773; x_wconf 84' lang='grc'><strong>55.-</strong></span> <span class='ocrx_word' id='word_1_46' title='bbox 984 733 1055 771; x_wconf 90' lang='grc'><strong>21</strong></span> <span class='ocrx_word' id='word_1_47' title='bbox 1087 712 1356 796; x_wconf 73' lang='grc' dir='ltr'>προτέροις</span> <span class='ocrx_word' id='word_1_48' title='bbox 1389 714 1651 773; x_wconf 87' lang='lat' dir='ltr'>additum</span> <span class='ocrx_word' id='word_1_49' title='bbox 1676 734 1753 772; x_wconf 86' lang='lat' dir='ltr'><strong>ex</strong></span> <span class='ocrx_word' id='word_1_50' title='bbox 1777 714 1912 774; x_wconf 89' lang='grc' dir='ltr'><strong>Θ.-</strong></span> 
     </span>
     <span class='ocr_line' id='line_1_8' title="bbox 381 800 1909 882; baseline -0.003 -20"><span class='ocrx_word' id='word_1_51' title='bbox 381 807 456 862; x_wconf 84' lang='grc'><strong>23</strong></span> <span class='ocrx_word' id='word_1_52' title='bbox 484 803 887 880; x_wconf 84' lang='lat' dir='ltr'>corrigendum</span> <span class='ocrx_word' id='word_1_53' title='bbox 905 800 1138 859; x_wconf 85' lang='lat' dir='ltr'>videtur</span> <span class='ocrx_word' id='word_1_54' title='bbox 1159 800 1249 860; x_wconf 75' lang='grc' dir='ltr'><strong>καὶ</strong></span> <span class='ocrx_word' id='word_1_55' title='bbox 1270 802 1472 869; x_wconf 79' lang='grc' dir='ltr'><strong>οὐδενὸς</strong></span> <span class='ocrx_word' id='word_1_56' title='bbox 1491 801 1715 882; x_wconf 77' lang='grc' dir='ltr'><strong>(οὐδενὸς</strong></span> <span class='ocrx_word' id='word_1_57' title='bbox 1737 802 1909 860; x_wconf 85' lang='lat' dir='ltr'>etiam</span> 
     </span>
     <span class='ocr_line' id='line_1_9' title="bbox 382 887 1909 971; baseline -0.003 -20"><span class='ocrx_word' id='word_1_58' title='bbox 382 890 704 971; x_wconf 72' lang='lat' dir='ltr'>Dobraeus)</span> <span class='ocrx_word' id='word_1_59' title='bbox 742 887 1126 967; x_wconf 65' lang='grc' dir='ltr'><strong>ἀντιλέγοντος,</strong></span> <span class='ocrx_word' id='word_1_60' title='bbox 1159 895 1254 948; x_wconf 77' lang='grc' dir='ltr'><strong>τοῦ</strong></span> <span class='ocrx_word' id='word_1_61' title='bbox 1287 889 1531 957; x_wconf 72' lang='grc' dir='ltr'><strong>Κλέωνος</strong></span> <span class='ocrx_word' id='word_1_62' title='bbox 1567 887 1624 949; x_wconf 70' lang='grc' dir='ltr'><strong>δέ</strong></span> <span class='ocrx_word' id='word_1_63' title='bbox 1663 907 1909 969; x_wconf 88' lang='grc' dir='ltr'><strong>παρακε-</strong></span> 
     </span>
     <span class='ocr_line' id='line_1_10' title="bbox 381 979 1913 1059; baseline -0.002 -18"><span class='ocrx_word' id='word_1_64' title='bbox 381 979 662 1059; x_wconf 76' lang='grc' dir='ltr'><strong>λευομένου</strong></span> <span class='ocrx_word' id='word_1_65' title='bbox 678 987 804 1046; x_wconf 85' lang='grc' dir='ltr'><strong>τοῖς.</strong></span> <span class='ocrx_word' id='word_1_66' title='bbox 832 984 1014 1037; x_wconf 79' lang='lat' dir='ltr'><strong>Dum.</strong></span> <span class='ocrx_word' id='word_1_67' title='bbox 1039 981 1192 1037; x_wconf 91' lang='grc'><strong>-26</strong></span> <span class='ocrx_word' id='word_1_68' title='bbox 1221 980 1311 1040; x_wconf 76' lang='grc' dir='ltr'><strong>καὶ</strong></span> <span class='ocrx_word' id='word_1_69' title='bbox 1339 983 1542 1045; x_wconf 74' lang='grc' dir='ltr'><strong>0111.Θ.</strong></span> <span class='ocrx_word' id='word_1_70' title='bbox 1563 983 1669 1040; x_wconf 80' lang='grc' dir='ltr'><strong>τῶν</strong></span> <span class='ocrx_word' id='word_1_71' title='bbox 1691 982 1817 1039; x_wconf 86' lang='grc' dir='ltr'><strong>Μιτ.</strong></span> <span class='ocrx_word' id='word_1_72' title='bbox 1841 981 1913 1040; x_wconf 91' lang='grc' dir='ltr'><strong>Θ.</strong></span> 
     </span>
     <span class='ocr_line' id='line_1_11' title="bbox 380 1064 1915 1150; baseline -0.001 -22"><span class='ocrx_word' id='word_1_73' title='bbox 380 1072 540 1128; x_wconf 86' lang='lat' dir='ltr'>Fort.</span> <span class='ocrx_word' id='word_1_74' title='bbox 562 1066 632 1126; x_wconf 77' lang='grc' dir='ltr'><strong>τὰ</strong></span> <span class='ocrx_word' id='word_1_75' title='bbox 652 1069 758 1125; x_wconf 83' lang='grc' dir='ltr'><strong>τῶν</strong></span> <span class='ocrx_word' id='word_1_76' title='bbox 781 1071 860 1126; x_wconf 77' lang='grc' dir='ltr'><strong>Μ.</strong></span> <span class='ocrx_word' id='word_1_77' title='bbox 880 1103 943 1117; x_wconf 89' lang='lat'>-</span> <span class='ocrx_word' id='word_1_78' title='bbox 967 1069 1035 1126; x_wconf 82' lang='lat'><strong>31</strong></span> <span class='ocrx_word' id='word_1_79' title='bbox 1058 1064 1315 1148; x_wconf 65' lang='grc' dir='ltr'><strong>προτέρας</strong></span> <span class='ocrx_word' id='word_1_80' title='bbox 1339 1091 1421 1150; x_wconf 88' lang='grc' dir='ltr'><strong>τρ.</strong></span> <span class='ocrx_word' id='word_1_81' title='bbox 1441 1069 1537 1140; x_wconf 78' lang='grc'><strong>9.,</strong></span> <span class='ocrx_word' id='word_1_82' title='bbox 1555 1069 1658 1146; x_wconf 93' lang='lat' dir='ltr'>qui</span> <span class='ocrx_word' id='word_1_83' title='bbox 1679 1070 1751 1127; x_wconf 87' lang='grc'><strong>33</strong></span> <span class='ocrx_word' id='word_1_84' title='bbox 1777 1088 1915 1147; x_wconf 88' lang='grc' dir='ltr'><strong>προ-</strong></span> 
     </span>
     <span class='ocr_line' id='line_1_12' title="bbox 381 1152 1913 1237; baseline 0.001 -25"><span class='ocrx_word' id='word_1_85' title='bbox 381 1152 870 1235; x_wconf 83' lang='grc' dir='ltr'><strong>θύμως-φθάσαιεν</strong></span> <span class='ocrx_word' id='word_1_86' title='bbox 906 1154 1140 1213; x_wconf 87' lang='lat' dir='ltr'>omittit.</span> <span class='ocrx_word' id='word_1_87' title='bbox 1190 1154 1434 1235; x_wconf 80' lang='grc' dir='ltr'><strong>φθάσοιεν</strong></span> <span class='ocrx_word' id='word_1_88' title='bbox 1466 1161 1533 1215; x_wconf 87' lang='lat' dir='ltr'><strong>V.</strong></span> <span class='ocrx_word' id='word_1_89' title='bbox 1579 1193 1643 1206; x_wconf 90' lang='lat'>—</span> <span class='ocrx_word' id='word_1_90' title='bbox 1690 1153 1810 1237; x_wconf 77' lang='grc' dir='ltr'><strong>περὶ</strong></span> <span class='ocrx_word' id='word_1_91' title='bbox 1845 1158 1913 1234; x_wconf 81' lang='grc' dir='ltr'><strong>τῇ</strong></span> 
     </span>
     <span class='ocr_line' id='line_1_13' title="bbox 382 1241 1913 1323; baseline 0.001 -25"><span class='ocrx_word' id='word_1_92' title='bbox 382 1241 578 1323; x_wconf 69' lang='grc' dir='ltr'><strong>εἰρεσίᾳ</strong></span> <span class='ocrx_word' id='word_1_93' title='bbox 610 1246 704 1312; x_wconf 89' lang='lat' dir='ltr'><strong>V.‚</strong></span> <span class='ocrx_word' id='word_1_94' title='bbox 729 1261 843 1299; x_wconf 89' lang='lat' dir='ltr'><strong>om.</strong></span> <span class='ocrx_word' id='word_1_95' title='bbox 873 1243 945 1302; x_wconf 88' lang='grc' dir='ltr'><strong>Θ.</strong></span> <span class='ocrx_word' id='word_1_96' title='bbox 970 1279 1034 1292; x_wconf 89' lang='grc'>-</span> <span class='ocrx_word' id='word_1_97' title='bbox 1054 1243 1127 1300; x_wconf 88' lang='grc'><strong>38</strong></span> <span class='ocrx_word' id='word_1_98' title='bbox 1152 1241 1351 1314; x_wconf 84' lang='grc' dir='ltr'><strong>ἐκείνην</strong></span> <span class='ocrx_word' id='word_1_99' title='bbox 1387 1242 1561 1303; x_wconf 78' lang='grc' dir='ltr'><strong>ἔπεισε</strong></span> <span class='ocrx_word' id='word_1_100' title='bbox 1587 1244 1813 1302; x_wconf 73' lang='grc' dir='ltr'><strong>πλεῦσαι</strong></span> <span class='ocrx_word' id='word_1_101' title='bbox 1840 1242 1913 1302; x_wconf 95' lang='grc' dir='ltr'><strong>Θ.</strong></span> 
     </span>
     <span class='ocr_line' id='line_1_14' title="bbox 381 1328 1914 1414; baseline 0 -26"><span class='ocrx_word' id='word_1_102' title='bbox 381 1328 625 1389; x_wconf 70' lang='grc' dir='ltr'><strong>ἐκέλευσε</strong></span> <span class='ocrx_word' id='word_1_103' title='bbox 667 1329 893 1388; x_wconf 79' lang='lat' dir='ltr'>addidit</span> <span class='ocrx_word' id='word_1_104' title='bbox 927 1336 1152 1389; x_wconf 85' lang='lat' dir='ltr'>Portus.</span> <span class='ocrx_word' id='word_1_105' title='bbox 1189 1328 1439 1389; x_wconf 76' lang='grc' dir='ltr'>τοσούτω</span> <span class='ocrx_word' id='word_1_106' title='bbox 1476 1332 1553 1414; x_wconf 72' lang='grc' dir='ltr'><strong>β.</strong></span> <span class='ocrx_word' id='word_1_107' title='bbox 1575 1368 1640 1381; x_wconf 91' lang='lat'>-</span> <span class='ocrx_word' id='word_1_108' title='bbox 1660 1333 1736 1409; x_wconf 88' lang='grc'><strong>39</strong></span> <span class='ocrx_word' id='word_1_109' title='bbox 1781 1330 1914 1390; x_wconf 86' lang='grc' dir='ltr'><strong>κινδ.</strong></span> 
     </span>
     <span class='ocr_line' id='line_1_15' title="bbox 381 1407 1917 1490; baseline 0.001 -16"><span class='ocrx_word' id='word_1_110' title='bbox 381 1407 536 1490; x_wconf 75' lang='grc' dir='ltr'><strong>ἦλθεν</strong></span> <span class='ocrx_word' id='word_1_111' title='bbox 564 1419 638 1484; x_wconf 77' lang='grc' dir='ltr'><strong>εἰς</strong></span> <span class='ocrx_word' id='word_1_112' title='bbox 662 1416 971 1490; x_wconf 78' lang='grc' dir='ltr'><strong>Μιτυλήνην</strong></span> <span class='ocrx_word' id='word_1_113' title='bbox 1000 1419 1214 1487; x_wconf 81' lang='grc'><strong>9.-40</strong></span> <span class='ocrx_word' id='word_1_114' title='bbox 1234 1416 1501 1487; x_wconf 74' lang='grc' dir='ltr'><strong>ἐπιδείξειν</strong></span> <span class='ocrx_word' id='word_1_115' title='bbox 1531 1439 1646 1479; x_wconf 85' lang='lat' dir='ltr'><strong>orn.</strong></span> <span class='ocrx_word' id='word_1_116' title='bbox 1668 1420 1742 1480; x_wconf 91' lang='grc' dir='ltr'><strong>Θ.</strong></span> <span class='ocrx_word' id='word_1_117' title='bbox 1768 1431 1828 1478; x_wconf 87' lang='lat' dir='ltr'><strong>et</strong></span> <span class='ocrx_word' id='word_1_118' title='bbox 1849 1422 1917 1476; x_wconf 89' lang='lat' dir='ltr'><strong>V.</strong></span> 
     </span>
     <span class='ocr_line' id='line_1_16' title="bbox 381 1505 1918 1586; baseline 0.004 -24"><span class='ocrx_word' id='word_1_119' title='bbox 381 1505 484 1582; x_wconf 90' lang='lat' dir='ltr'>qui</span> <span class='ocrx_word' id='word_1_120' title='bbox 509 1506 685 1563; x_wconf 90' lang='lat' dir='ltr'>etiam</span> <span class='ocrx_word' id='word_1_121' title='bbox 707 1505 1004 1583; x_wconf 88' lang='lat' dir='ltr'>sequentia</span> <span class='ocrx_word' id='word_1_122' title='bbox 1026 1505 1246 1564; x_wconf 87' lang='lat' dir='ltr'>omittit</span> <span class='ocrx_word' id='word_1_123' title='bbox 1269 1505 1343 1564; x_wconf 93' lang='lat' dir='ltr'><strong>ad</strong></span> <span class='ocrx_word' id='word_1_124' title='bbox 1366 1505 1524 1586; x_wconf 75' lang='grc' dir='ltr'><strong>φησὶν</strong></span> <span class='ocrx_word' id='word_1_125' title='bbox 1550 1506 1727 1581; x_wconf 76' lang='grc' dir='ltr'><strong>αὐτὸν,</strong></span> <span class='ocrx_word' id='word_1_126' title='bbox 1747 1507 1785 1570; x_wconf 90' lang='lat' dir='ltr'><strong>l.</strong></span> <span class='ocrx_word' id='word_1_127' title='bbox 1820 1514 1918 1583; x_wconf 91' lang='grc'><strong>44,</strong></span> 
     </span>
     <span class='ocr_line' id='line_1_17' title="bbox 382 1590 1918 1673; baseline 0.003 -25"><span class='ocrx_word' id='word_1_128' title='bbox 382 1590 605 1651; x_wconf 82' lang='lat' dir='ltr'>librarii</span> <span class='ocrx_word' id='word_1_129' title='bbox 633 1592 817 1670; x_wconf 87' lang='lat' dir='ltr'>lapsu.</span> <span class='ocrx_word' id='word_1_130' title='bbox 865 1617 890 1645; x_wconf 75' lang='grc' dir='ltr'><strong>α</strong></span> <span class='ocrx_word' id='word_1_131' title='bbox 911 1591 1236 1650; x_wconf 89' lang='lat' dir='ltr'>Delendum</span> <span class='ocrx_word' id='word_1_132' title='bbox 1266 1590 1322 1651; x_wconf 75' lang='grc' dir='ltr'><strong>δὲ</strong></span> <span class='ocrx_word' id='word_1_133' title='bbox 1338 1635 1355 1665; x_wconf 91' lang='grc'><strong>,</strong></span> <span class='ocrx_word' id='word_1_134' title='bbox 1378 1607 1477 1653; x_wconf 86' lang='lat' dir='ltr'><strong>aut</strong></span> <span class='ocrx_word' id='word_1_135' title='bbox 1512 1594 1918 1673; x_wconf 84' lang='lat' dir='ltr'>corrigendum</span> 
     </span>
     <span class='ocr_line' id='line_1_18' title="bbox 382 1678 1917 1764; baseline 0.003 -26"><span class='ocrx_word' id='word_1_136' title='bbox 382 1679 676 1740; x_wconf 73' lang='grc' dir='ltr'><strong>διαὸάλλει.</strong></span> <span class='ocrx_word' id='word_1_137' title='bbox 698 1707 724 1734; x_wconf 68' lang='grc' dir='ltr'><strong>υ</strong></span> <span class='ocrx_word' id='word_1_138' title='bbox 761 1680 943 1740; x_wconf 77' lang='lat' dir='ltr'><strong>Dum.</strong></span> <span class='ocrx_word' id='word_1_139' title='bbox 981 1719 1046 1731; x_wconf 89' lang='lat'><em>—</em></span> <span class='ocrx_word' id='word_1_140' title='bbox 1081 1689 1154 1749; x_wconf 90' lang='grc'><strong>42</strong></span> <span class='ocrx_word' id='word_1_141' title='bbox 1195 1678 1375 1740; x_wconf 77' lang='grc' dir='ltr'><strong>λαὸὼν</strong></span> <span class='ocrx_word' id='word_1_142' title='bbox 1424 1680 1546 1764; x_wconf 74' lang='grc' dir='ltr'><strong>πρὶν</strong></span> <span class='ocrx_word' id='word_1_143' title='bbox 1584 1681 1620 1754; x_wconf 79' lang='grc' dir='ltr'>ἢ</span> <span class='ocrx_word' id='word_1_144' title='bbox 1653 1680 1820 1761; x_wconf 75' lang='grc' dir='ltr'><strong>ἀμνὰς</strong></span> <span class='ocrx_word' id='word_1_145' title='bbox 1846 1683 1917 1742; x_wconf 87' lang='grc' dir='ltr'><strong>Θ.</strong></span> 
     </span>
     <span class='ocr_line' id='line_1_19' title="bbox 383 1766 1917 1850; baseline 0.001 -23"><span class='ocrx_word' id='word_1_146' title='bbox 383 1767 524 1840; x_wconf 83' lang='grc' dir='ltr'><strong>πλὴν</strong></span> <span class='ocrx_word' id='word_1_147' title='bbox 549 1771 622 1835; x_wconf 77' lang='grc' dir='ltr'><strong>ὣς</strong></span> <span class='ocrx_word' id='word_1_148' title='bbox 648 1777 780 1846; x_wconf 68' lang='grc' dir='ltr'><strong>μνᾶς</strong></span> <span class='ocrx_word' id='word_1_149' title='bbox 804 1768 933 1830; x_wconf 78' lang='lat' dir='ltr'><strong>Ald.</strong></span> <span class='ocrx_word' id='word_1_150' title='bbox 958 1806 1023 1818; x_wconf 90' lang='lat'><strong>—</strong></span> <span class='ocrx_word' id='word_1_151' title='bbox 1051 1777 1124 1839; x_wconf 92' lang='grc'><strong>44</strong></span> <span class='ocrx_word' id='word_1_152' title='bbox 1154 1766 1404 1850; x_wconf 83' lang='grc' dir='ltr'><strong>πρότερος</strong></span> <span class='ocrx_word' id='word_1_153' title='bbox 1428 1770 1693 1829; x_wconf 87' lang='lat' dir='ltr'>additum</span> <span class='ocrx_word' id='word_1_154' title='bbox 1723 1790 1798 1829; x_wconf 83' lang='lat' dir='ltr'><strong>ex</strong></span> <span class='ocrx_word' id='word_1_155' title='bbox 1823 1771 1917 1845; x_wconf 94' lang='grc' dir='ltr'><strong>Θ.,</strong></span> 
     </span>
     <span class='ocr_line' id='line_1_20' title="bbox 383 1854 1918 1927; baseline 0.002 -13"><span class='ocrx_word' id='word_1_156' title='bbox 383 1854 514 1915; x_wconf 75' lang='grc' dir='ltr'><strong>δέκα</strong></span> <span class='ocrx_word' id='word_1_157' title='bbox 557 1877 632 1920; x_wconf 83' lang='lat' dir='ltr'><strong>ex</strong></span> <span class='ocrx_word' id='word_1_158' title='bbox 657 1861 725 1917; x_wconf 85' lang='lat' dir='ltr'><strong>V.</strong></span> <span class='ocrx_word' id='word_1_159' title='bbox 749 1857 910 1925; x_wconf 70' lang='lat'><strong>-45</strong></span> <span class='ocrx_word' id='word_1_160' title='bbox 947 1854 1128 1924; x_wconf 80' lang='grc' dir='ltr'><strong>πόλεις</strong></span> <span class='ocrx_word' id='word_1_161' title='bbox 1172 1856 1327 1916; x_wconf 85' lang='grc' dir='ltr'><strong>Θ.-</strong></span> <span class='ocrx_word' id='word_1_162' title='bbox 1352 1861 1428 1927; x_wconf 88' lang='grc'><strong>46</strong></span> <span class='ocrx_word' id='word_1_163' title='bbox 1474 1857 1632 1917; x_wconf 78' lang='grc' dir='ltr'><strong>αὐτὸν</strong></span> <span class='ocrx_word' id='word_1_164' title='bbox 1679 1878 1795 1919; x_wconf 86' lang='lat' dir='ltr'><strong>om.</strong></span> <span class='ocrx_word' id='word_1_165' title='bbox 1843 1862 1918 1917; x_wconf 88' lang='lat' dir='ltr'><strong>V.</strong></span> 
     </span>
    </p>

    <p class='ocr_par' dir='ltr' id='par_1_5' title="bbox 382 2029 1919 2198">
     <span class='ocr_line' id='line_1_21' title="bbox 465 2029 1919 2116; baseline 0.001 -24"><span class='ocrx_word' id='word_1_166' title='bbox 465 2034 599 2106; x_wconf 87' lang='grc'><strong>836,</strong></span> <span class='ocrx_word' id='word_1_167' title='bbox 629 2033 704 2101; x_wconf 88' lang='grc'><strong>48</strong></span> <span class='ocrx_word' id='word_1_168' title='bbox 739 2032 811 2098; x_wconf 80' lang='grc' dir='ltr'><strong>εἷς</strong></span> <span class='ocrx_word' id='word_1_169' title='bbox 839 2030 1061 2110; x_wconf 75' lang='grc' dir='ltr'><strong>ἷάμὸους</strong></span> <span class='ocrx_word' id='word_1_170' title='bbox 1084 2029 1394 2116; x_wconf 70' lang='grc' dir='ltr'>τριμέτρους</span> <span class='ocrx_word' id='word_1_171' title='bbox 1418 2031 1835 2106; x_wconf 76' lang='grc' dir='ltr'><strong>καταληκτικοὺς</strong></span> <span class='ocrx_word' id='word_1_172' title='bbox 1860 2031 1919 2092; x_wconf 71' lang='grc' dir='ltr'><strong>οἱ</strong></span> 
     </span>
     <span class='ocr_line' id='line_1_22' title="bbox 382 2119 1465 2198; baseline -0.001 -16"><span class='ocrx_word' id='word_1_173' title='bbox 382 2122 455 2182; x_wconf 94' lang='grc' dir='ltr'><strong>Θ.</strong></span> <span class='ocrx_word' id='word_1_174' title='bbox 475 2120 577 2198; x_wconf 89' lang='lat' dir='ltr'>qui</span> <span class='ocrx_word' id='word_1_175' title='bbox 599 2120 819 2180; x_wconf 87' lang='lat' dir='ltr'>scholia</span> <span class='ocrx_word' id='word_1_176' title='bbox 843 2140 902 2182; x_wconf 84' lang='lat' dir='ltr'><strong>v.</strong></span> <span class='ocrx_word' id='word_1_177' title='bbox 933 2119 1202 2193; x_wconf 83' lang='grc'><strong>837-845</strong></span> <span class='ocrx_word' id='word_1_178' title='bbox 1233 2123 1465 2181; x_wconf 84' lang='lat' dir='ltr'>omittit.</span> 
     </span>
    </p>

    <p class='ocr_par' dir='ltr' id='par_1_6' title="bbox 464 2206 1240 2283">
     <span class='ocr_line' id='line_1_23' title="bbox 464 2206 1240 2283; baseline 0 -15"><span class='ocrx_word' id='word_1_179' title='bbox 464 2211 603 2283; x_wconf 90' lang='grc'><strong>837,</strong></span> <span class='ocrx_word' id='word_1_180' title='bbox 632 2207 708 2267; x_wconf 88' lang='grc'><strong>53</strong></span> <span class='ocrx_word' id='word_1_181' title='bbox 738 2207 812 2274; x_wconf 78' lang='grc' dir='ltr'><strong>εἰς</strong></span> <span class='ocrx_word' id='word_1_182' title='bbox 844 2206 993 2274; x_wconf 81' lang='grc' dir='ltr'>τέλος</span> <span class='ocrx_word' id='word_1_183' title='bbox 1024 2228 1138 2267; x_wconf 91' lang='lat' dir='ltr'><strong>om.</strong></span> <span class='ocrx_word' id='word_1_184' title='bbox 1167 2214 1240 2268; x_wconf 87' lang='lat' dir='ltr'><strong>G.</strong></span> 
     </span>
    </p>
   </div>
   <div class='ocr_carea' id='block_1_5' title="bbox 464 2294 1693 2464">
    <p class='ocr_par' dir='ltr' id='par_1_7' title="bbox 464 2294 1693 2464">
     <span class='ocr_line' id='line_1_24' title="bbox 464 2294 1379 2368; baseline 0.003 -15"><span class='ocrx_word' id='word_1_185' title='bbox 464 2298 576 2366; x_wconf 93' lang='grc'><strong>841</strong></span> <span class='ocrx_word' id='word_1_186' title='bbox 608 2294 881 2368; x_wconf 75' lang='grc' dir='ltr'><strong>παλαιστή</strong></span> <span class='ocrx_word' id='word_1_187' title='bbox 905 2301 978 2355; x_wconf 92' lang='lat' dir='ltr'><strong>V.</strong></span> <span class='ocrx_word' id='word_1_188' title='bbox 1010 2297 1280 2368; x_wconf 80' lang='grc' dir='ltr'><strong>παλαιστῆ</strong></span> <span class='ocrx_word' id='word_1_189' title='bbox 1309 2300 1379 2356; x_wconf 87' lang='lat' dir='ltr'><strong>G.</strong></span> 
     </span>
     <span class='ocr_line' id='line_1_25' title="bbox 466 2380 1693 2464; baseline 0.002 -22"><span class='ocrx_word' id='word_1_190' title='bbox 466 2384 607 2454; x_wconf 87' lang='grc'><strong>843,</strong></span> <span class='ocrx_word' id='word_1_191' title='bbox 639 2392 708 2452; x_wconf 92' lang='grc'><strong>14</strong></span> <span class='ocrx_word' id='word_1_192' title='bbox 738 2381 858 2463; x_wconf 74' lang='grc' dir='ltr'><strong>περὶ</strong></span> <span class='ocrx_word' id='word_1_193' title='bbox 877 2380 1112 2464; x_wconf 75' lang='grc' dir='ltr'><strong>τριαίνης</strong></span> <span class='ocrx_word' id='word_1_194' title='bbox 1138 2382 1301 2443; x_wconf 79' lang='grc' dir='ltr'><strong>εἰπὼν</strong></span> <span class='ocrx_word' id='word_1_195' title='bbox 1328 2383 1419 2443; x_wconf 75' lang='grc' dir='ltr'><strong>καὶ</strong></span> <span class='ocrx_word' id='word_1_196' title='bbox 1445 2383 1597 2443; x_wconf 90' lang='grc' dir='ltr'><strong>σείων</strong></span> <span class='ocrx_word' id='word_1_197' title='bbox 1624 2391 1693 2445; x_wconf 90' lang='lat' dir='ltr'><strong>V.</strong></span> 
     </span>
    </p>
   </div>
   <div class='ocr_carea' id='block_1_6' title="bbox 385 2477 1920 2829">
    <p class='ocr_par' dir='ltr' id='par_1_8' title="bbox 385 2477 1920 2829">
     <span class='ocr_line' id='line_1_26' title="bbox 465 2477 1916 2560; baseline 0.002 -23"><span class='ocrx_word' id='word_1_198' title='bbox 465 2478 582 2547; x_wconf 91' lang='grc'><strong>845</strong></span> <span class='ocrx_word' id='word_1_199' title='bbox 612 2477 699 2536; x_wconf 79' lang='grc' dir='ltr'><strong>ἐπὶ</strong></span> <span class='ocrx_word' id='word_1_200' title='bbox 746 2477 919 2557; x_wconf 82' lang='grc' dir='ltr'>στόμα</span> <span class='ocrx_word' id='word_1_201' title='bbox 954 2478 1093 2558; x_wconf 78' lang='grc' dir='ltr'><strong>ἔχειν</strong></span> <span class='ocrx_word' id='word_1_202' title='bbox 1131 2480 1237 2539; x_wconf 79' lang='grc' dir='ltr'><strong>τῶν</strong></span> <span class='ocrx_word' id='word_1_203' title='bbox 1273 2479 1393 2539; x_wconf 88' lang='grc' dir='ltr'><strong>κατ’</strong></span> <span class='ocrx_word' id='word_1_204' title='bbox 1434 2482 1582 2559; x_wconf 76' lang='grc' dir='ltr'><strong>ἐμοῦ.</strong></span> <span class='ocrx_word' id='word_1_205' title='bbox 1612 2478 1782 2560; x_wconf 72' lang='grc' dir='ltr'><strong>λέγων</strong></span> <span class='ocrx_word' id='word_1_206' title='bbox 1825 2481 1916 2540; x_wconf 76' lang='grc' dir='ltr'><strong>καὶ</strong></span> 
     </span>
     <span class='ocr_line' id='line_1_27' title="bbox 386 2561 1920 2647; baseline 0.003 -23"><span class='ocrx_word' id='word_1_207' title='bbox 386 2564 684 2625; x_wconf 77' lang='grc' dir='ltr'><strong>διαὸάλλων</strong></span> <span class='ocrx_word' id='word_1_208' title='bbox 702 2610 719 2639; x_wconf 96' lang='grc'><strong>,</strong></span> <span class='ocrx_word' id='word_1_209' title='bbox 745 2561 880 2643; x_wconf 64' lang='grc' dir='ltr'><strong>μηδὲ</strong></span> <span class='ocrx_word' id='word_1_210' title='bbox 909 2588 962 2646; x_wconf 84' lang='grc' dir='ltr'><strong>φ.</strong></span> <span class='ocrx_word' id='word_1_211' title='bbox 988 2570 1119 2625; x_wconf 80' lang='lat' dir='ltr'><strong>Haec</strong></span> <span class='ocrx_word' id='word_1_212' title='bbox 1144 2568 1579 2646; x_wconf 80' lang='lat' dir='ltr'>corruptissima</span> <span class='ocrx_word' id='word_1_213' title='bbox 1606 2581 1761 2641; x_wconf 87' lang='lat' dir='ltr'>sunt,</span> <span class='ocrx_word' id='word_1_214' title='bbox 1787 2589 1920 2647; x_wconf 82' lang='lat' dir='ltr'><strong>quae</strong></span> 
     </span>
     <span class='ocr_line' id='line_1_28' title="bbox 386 2652 1917 2735; baseline 0.003 -22"><span class='ocrx_word' id='word_1_215' title='bbox 386 2654 471 2713; x_wconf 85' lang='lat' dir='ltr'><strong>sic</strong></span> <span class='ocrx_word' id='word_1_216' title='bbox 492 2653 731 2733; x_wconf 83' lang='lat' dir='ltr'>legenda</span> <span class='ocrx_word' id='word_1_217' title='bbox 752 2666 897 2732; x_wconf 88' lang='lat' dir='ltr'>puto</span> <span class='ocrx_word' id='word_1_218' title='bbox 927 2676 942 2711; x_wconf 74' lang='grc' dir='ltr'><strong>ε</strong></span> <span class='ocrx_word' id='word_1_219' title='bbox 971 2654 1060 2713; x_wconf 74' lang='grc' dir='ltr'><strong>ἐπὶ</strong></span> <span class='ocrx_word' id='word_1_220' title='bbox 1079 2652 1338 2733; x_wconf 76' lang='grc' dir='ltr'><strong>στόματος</strong></span> <span class='ocrx_word' id='word_1_221' title='bbox 1356 2654 1495 2735; x_wconf 78' lang='grc' dir='ltr'><strong>ἔχειν</strong></span> <span class='ocrx_word' id='word_1_222' title='bbox 1519 2659 1623 2715; x_wconf 79' lang='grc' dir='ltr'><strong>τῶν</strong></span> <span class='ocrx_word' id='word_1_223' title='bbox 1647 2656 1765 2715; x_wconf 85' lang='grc' dir='ltr'><strong>κατ’</strong></span> <span class='ocrx_word' id='word_1_224' title='bbox 1787 2658 1917 2735; x_wconf 81' lang='grc' dir='ltr'><strong>ἐμοῦ</strong></span> 
     </span>
     <span class='ocr_line' id='line_1_29' title="bbox 385 2741 1917 2829; baseline 0.002 -27"><span class='ocrx_word' id='word_1_225' title='bbox 385 2741 644 2823; x_wconf 84' lang='grc' dir='ltr'><strong>λεγόντων</strong></span> <span class='ocrx_word' id='word_1_226' title='bbox 689 2744 781 2803; x_wconf 83' lang='grc' dir='ltr'><strong>καί</strong></span> <span class='ocrx_word' id='word_1_227' title='bbox 823 2766 890 2822; x_wconf 81' lang='grc' dir='ltr'><strong>με</strong></span> <span class='ocrx_word' id='word_1_228' title='bbox 938 2744 1329 2806; x_wconf 75' lang='grc' dir='ltr'><strong>διαὸαλλόντων</strong></span> <span class='ocrx_word' id='word_1_229' title='bbox 1353 2769 1367 2784; x_wconf 88' lang='grc'><em>·</em></span> <span class='ocrx_word' id='word_1_230' title='bbox 1416 2743 1552 2825; x_wconf 71' lang='grc' dir='ltr'><strong>μηδέ</strong></span> <span class='ocrx_word' id='word_1_231' title='bbox 1602 2744 1780 2829; x_wconf 81' lang='grc' dir='ltr'><strong>φωνὴν</strong></span> <span class='ocrx_word' id='word_1_232' title='bbox 1825 2748 1917 2806; x_wconf 72' lang='grc' dir='ltr'><strong>ἐᾶν</strong></span> 
     </span>
    </p>
   </div>
   <div class='ocr_carea' id='block_1_7' title="bbox 386 2831 849 2915">
    <p class='ocr_par' dir='ltr' id='par_1_9' title="bbox 386 2831 849 2915">
     <span class='ocr_line' id='line_1_30' title="bbox 386 2831 849 2915; baseline -0.004 -23"><span class='ocrx_word' id='word_1_233' title='bbox 386 2831 645 2915; x_wconf 76' lang='grc' dir='ltr'><strong>προϊέναι.</strong></span> <span class='ocrx_word' id='word_1_234' title='bbox 671 2836 849 2891; x_wconf 82' lang='lat' dir='ltr'>Kus‘r.</span> 
     </span>
    </p>
   </div>
   <div class='ocr_carea' id='block_1_8' title="bbox 387 2929 1922 3541">
    <p class='ocr_par' dir='ltr' id='par_1_10' title="bbox 387 2929 1918 3271">
     <span class='ocr_line' id='line_1_31' title="bbox 473 2929 1918 3010; baseline 0.002 -21"><span class='ocrx_word' id='word_1_235' title='bbox 473 2929 609 3003; x_wconf 89' lang='grc'><strong>846,</strong></span> <span class='ocrx_word' id='word_1_236' title='bbox 627 2949 695 2987; x_wconf 90' lang='grc'><strong>21</strong></span> <span class='ocrx_word' id='word_1_237' title='bbox 730 2930 905 3010; x_wconf 85' lang='grc' dir='ltr'><strong>θρυλεῑ</strong></span> <span class='ocrx_word' id='word_1_238' title='bbox 933 2929 1139 2990; x_wconf 85' lang='lat' dir='ltr'>Suidas</span> <span class='ocrx_word' id='word_1_239' title='bbox 1154 2951 1200 2990; x_wconf 86' lang='lat' dir='ltr'><strong>s.</strong></span> <span class='ocrx_word' id='word_1_240' title='bbox 1220 2929 1379 3009; x_wconf 76' lang='grc' dir='ltr'><strong>Ἐμοὶ</strong></span> <span class='ocrx_word' id='word_1_241' title='bbox 1404 2929 1460 2990; x_wconf 75' lang='grc' dir='ltr'><strong>δὲ</strong></span> <span class='ocrx_word' id='word_1_242' title='bbox 1474 2936 1736 2991; x_wconf 75' lang='grc' dir='ltr'><strong>τοσοῦτον.</strong></span> <span class='ocrx_word' id='word_1_243' title='bbox 1759 2934 1918 2992; x_wconf 86' lang='lat' dir='ltr'>Scri-</span> 
     </span>
     <span class='ocr_line' id='line_1_32' title="bbox 388 3016 1918 3097; baseline 0.001 -20"><span class='ocrx_word' id='word_1_244' title='bbox 388 3016 639 3077; x_wconf 88' lang='lat' dir='ltr'>bebatur</span> <span class='ocrx_word' id='word_1_245' title='bbox 672 3017 896 3097; x_wconf 86' lang='grc' dir='ltr'><strong>θρυλλεῖ.</strong></span> <span class='ocrx_word' id='word_1_246' title='bbox 930 3059 948 3090; x_wconf 96' lang='grc'><strong>,</strong></span> <span class='ocrx_word' id='word_1_247' title='bbox 968 3030 1034 3076; x_wconf 80' lang='grc' dir='ltr'><strong>ιιι</strong></span> <span class='ocrx_word' id='word_1_248' title='bbox 1063 3018 1184 3076; x_wconf 85' lang='lat' dir='ltr'>sere</span> <span class='ocrx_word' id='word_1_249' title='bbox 1211 3017 1431 3096; x_wconf 88' lang='lat' dir='ltr'>ubique</span> <span class='ocrx_word' id='word_1_250' title='bbox 1458 3057 1521 3070; x_wconf 94' lang='lat'>-</span> <span class='ocrx_word' id='word_1_251' title='bbox 1548 3039 1621 3076; x_wconf 88' lang='grc'><strong>22</strong></span> <span class='ocrx_word' id='word_1_252' title='bbox 1650 3018 1918 3097; x_wconf 82' lang='grc' dir='ltr'><strong>πολεμίων</strong></span> 
     </span>
     <span class='ocr_line' id='line_1_33' title="bbox 387 3096 1913 3182; baseline 0 -17"><span class='ocrx_word' id='word_1_253' title='bbox 387 3104 611 3165; x_wconf 87' lang='lat' dir='ltr'>Suidas.</span> <span class='ocrx_word' id='word_1_254' title='bbox 638 3096 885 3182; x_wconf 78' lang='grc' dir='ltr'><strong>πολέμων</strong></span> <span class='ocrx_word' id='word_1_255' title='bbox 901 3105 1034 3164; x_wconf 80' lang='lat' dir='ltr'><strong>Ald.</strong></span> <span class='ocrx_word' id='word_1_256' title='bbox 1053 3141 1115 3155; x_wconf 90' lang='grc'>-</span> <span class='ocrx_word' id='word_1_257' title='bbox 1141 3115 1213 3176; x_wconf 94' lang='grc'><strong>24</strong></span> <span class='ocrx_word' id='word_1_258' title='bbox 1234 3106 1302 3165; x_wconf 76' lang='grc' dir='ltr'><strong>τὰ</strong></span> <span class='ocrx_word' id='word_1_259' title='bbox 1327 3105 1467 3166; x_wconf 80' lang='grc' dir='ltr'><strong>ὅπλα</strong></span> <span class='ocrx_word' id='word_1_260' title='bbox 1485 3104 1665 3166; x_wconf 80' lang='grc' dir='ltr'>Πύλου</span> <span class='ocrx_word' id='word_1_261' title='bbox 1691 3107 1913 3167; x_wconf 89' lang='lat' dir='ltr'>Suidas.</span> 
     </span>
     <span class='ocr_line' id='line_1_34' title="bbox 388 3190 1326 3271; baseline 0.001 -19"><span class='ocrx_word' id='word_1_262' title='bbox 388 3190 527 3252; x_wconf 78' lang='grc' dir='ltr'><strong>ὅπλα</strong></span> <span class='ocrx_word' id='word_1_263' title='bbox 564 3213 677 3251; x_wconf 92' lang='lat' dir='ltr'><strong>om.</strong></span> <span class='ocrx_word' id='word_1_264' title='bbox 715 3192 820 3267; x_wconf 92' lang='grc' dir='ltr'><strong>Θ.,</strong></span> <span class='ocrx_word' id='word_1_265' title='bbox 845 3193 946 3271; x_wconf 82' lang='grc' dir='ltr'><strong>(Ῑυί</strong></span> <span class='ocrx_word' id='word_1_266' title='bbox 976 3214 1089 3253; x_wconf 92' lang='lat' dir='ltr'><strong>om.</strong></span> <span class='ocrx_word' id='word_1_267' title='bbox 1117 3214 1326 3271; x_wconf 88' lang='grc'><strong>27-29.</strong></span> 
     </span>
    </p>

    <p class='ocr_par' dir='ltr' id='par_1_11' title="bbox 388 3287 1922 3541">
     <span class='ocr_line' id='line_1_35' title="bbox 468 3287 1915 3369; baseline 0.001 -24"><span class='ocrx_word' id='word_1_268' title='bbox 468 3288 605 3363; x_wconf 92' lang='grc'><strong>849,</strong></span> <span class='ocrx_word' id='word_1_269' title='bbox 627 3288 700 3345; x_wconf 88' lang='grc'><strong>30</strong></span> <span class='ocrx_word' id='word_1_270' title='bbox 716 3287 892 3354; x_wconf 78' lang='grc' dir='ltr'><strong>αὐτοῖς</strong></span> <span class='ocrx_word' id='word_1_271' title='bbox 903 3296 1008 3353; x_wconf 85' lang='grc' dir='ltr'><strong>τοῖς</strong></span> <span class='ocrx_word' id='word_1_272' title='bbox 1033 3288 1245 3368; x_wconf 81' lang='grc' dir='ltr'><strong>ὄχάνοις</strong></span> <span class='ocrx_word' id='word_1_273' title='bbox 1271 3288 1538 3349; x_wconf 57' lang='lat' dir='ltr'>Ant-31</span> <span class='ocrx_word' id='word_1_274' title='bbox 1575 3288 1760 3369; x_wconf 86' lang='grc' dir='ltr'><strong>ὄχανος</strong></span> <span class='ocrx_word' id='word_1_275' title='bbox 1782 3290 1915 3348; x_wconf 80' lang='lat' dir='ltr'><strong>Ald.</strong></span> 
     </span>
     <span class='ocr_line' id='line_1_36' title="bbox 388 3372 1922 3456; baseline 0.002 -23"><span class='ocrx_word' id='word_1_276' title='bbox 388 3386 448 3433; x_wconf 91' lang='lat' dir='ltr'><strong>et</strong></span> <span class='ocrx_word' id='word_1_277' title='bbox 489 3373 693 3433; x_wconf 86' lang='lat' dir='ltr'>Suidas</span> <span class='ocrx_word' id='word_1_278' title='bbox 734 3395 778 3433; x_wconf 91' lang='lat' dir='ltr'><strong>s.</strong></span> <span class='ocrx_word' id='word_1_279' title='bbox 822 3372 1064 3456; x_wconf 83' lang='grc' dir='ltr'><strong>Πόρπαξ.</strong></span> <span class='ocrx_word' id='word_1_280' title='bbox 1089 3414 1154 3427; x_wconf 90' lang='grc'>-</span> <span class='ocrx_word' id='word_1_281' title='bbox 1183 3379 1257 3448; x_wconf 91' lang='grc'><strong>34</strong></span> <span class='ocrx_word' id='word_1_282' title='bbox 1304 3382 1489 3445; x_wconf 80' lang='grc' dir='ltr'><strong>αὐταῖς</strong></span> <span class='ocrx_word' id='word_1_283' title='bbox 1525 3383 1595 3435; x_wconf 82' lang='lat' dir='ltr'><strong>V.</strong></span> <span class='ocrx_word' id='word_1_284' title='bbox 1643 3379 1712 3439; x_wconf 92' lang='grc' dir='ltr'><strong>Θ.</strong></span> <span class='ocrx_word' id='word_1_285' title='bbox 1748 3378 1922 3442; x_wconf 81' lang='grc' dir='ltr'><strong>αὐτοῖς</strong></span> 
     </span>
     <span class='ocr_line' id='line_1_37' title="bbox 389 3459 1155 3541; baseline 0.007 -22"><span class='ocrx_word' id='word_1_286' title='bbox 389 3459 554 3541; x_wconf 81' lang='grc' dir='ltr'><strong>ἔχωσι</strong></span> <span class='ocrx_word' id='word_1_287' title='bbox 575 3461 796 3521; x_wconf 87' lang='lat' dir='ltr'>Suidas.</span> <span class='ocrx_word' id='word_1_288' title='bbox 821 3467 1052 3541; x_wconf 67' lang='grc' dir='ltr'><strong>χρᾶσθαι</strong></span> <span class='ocrx_word' id='word_1_289' title='bbox 1084 3465 1155 3524; x_wconf 87' lang='grc' dir='ltr'><strong>Θ.</strong></span> 
     </span>
    </p>
   </div>
   <div class='ocr_carea' id='block_1_9' title="bbox 388 3562 1920 3903">
    <p class='ocr_par' dir='ltr' id='par_1_12' title="bbox 388 3562 1920 3903">
     <span class='ocr_line' id='line_1_38' title="bbox 470 3562 1916 3648; baseline 0.001 -24"><span class='ocrx_word' id='word_1_290' title='bbox 470 3567 608 3638; x_wconf 87' lang='grc'><strong>852,</strong></span> <span class='ocrx_word' id='word_1_291' title='bbox 632 3565 707 3621; x_wconf 86' lang='grc'><strong>36</strong></span> <span class='ocrx_word' id='word_1_292' title='bbox 756 3562 1035 3643; x_wconf 79' lang='grc' dir='ltr'><strong>σύστημα,</strong></span> <span class='ocrx_word' id='word_1_293' title='bbox 1085 3563 1230 3634; x_wconf 78' lang='grc' dir='ltr'><strong>τάξις</strong></span> <span class='ocrx_word' id='word_1_294' title='bbox 1268 3564 1552 3644; x_wconf 81' lang='grc' dir='ltr'><strong>πολεμικὴ,</strong></span> <span class='ocrx_word' id='word_1_295' title='bbox 1598 3563 1635 3639; x_wconf 72' lang='grc' dir='ltr'>ἢ</span> <span class='ocrx_word' id='word_1_296' title='bbox 1681 3564 1916 3648; x_wconf 80' lang='grc' dir='ltr'><strong>φάλαγξ,</strong></span> 
     </span>
     <span class='ocr_line' id='line_1_39' title="bbox 388 3649 1920 3735; baseline 0 -23"><span class='ocrx_word' id='word_1_297' title='bbox 388 3650 624 3735; x_wconf 79' lang='grc' dir='ltr'><strong>στροφὴ,</strong></span> <span class='ocrx_word' id='word_1_298' title='bbox 654 3652 850 3722; x_wconf 79' lang='grc' dir='ltr'><strong>πλῆθος</strong></span> <span class='ocrx_word' id='word_1_299' title='bbox 874 3649 1172 3712; x_wconf 82' lang='grc' dir='ltr'><strong>συστάσεων</strong></span> <span class='ocrx_word' id='word_1_300' title='bbox 1216 3652 1366 3728; x_wconf 70' lang='grc' dir='ltr'><strong>ΑΙά,</strong></span> <span class='ocrx_word' id='word_1_301' title='bbox 1397 3666 1528 3731; x_wconf 79' lang='lat' dir='ltr'><strong>quae</strong></span> <span class='ocrx_word' id='word_1_302' title='bbox 1570 3654 1920 3731; x_wconf 89' lang='lat' dir='ltr'>interpolata</span> 
     </span>
     <span class='ocr_line' id='line_1_40' title="bbox 388 3738 1919 3822; baseline 0.001 -22"><span class='ocrx_word' id='word_1_303' title='bbox 388 3752 525 3800; x_wconf 86' lang='lat' dir='ltr'>sunt</span> <span class='ocrx_word' id='word_1_304' title='bbox 558 3759 632 3798; x_wconf 83' lang='lat' dir='ltr'><strong>ex</strong></span> <span class='ocrx_word' id='word_1_305' title='bbox 670 3738 847 3798; x_wconf 89' lang='lat' dir='ltr'>Suida</span> <span class='ocrx_word' id='word_1_306' title='bbox 870 3760 914 3796; x_wconf 89' lang='lat' dir='ltr'><strong>s.</strong></span> <span class='ocrx_word' id='word_1_307' title='bbox 943 3741 1168 3822; x_wconf 84' lang='grc' dir='ltr'><strong>Στῖφος,</strong></span> <span class='ocrx_word' id='word_1_308' title='bbox 1198 3742 1299 3819; x_wconf 88' lang='lat' dir='ltr'>qui</span> <span class='ocrx_word' id='word_1_309' title='bbox 1326 3742 1574 3821; x_wconf 82' lang='lat' dir='ltr'>glossam</span> <span class='ocrx_word' id='word_1_310' title='bbox 1613 3762 1686 3801; x_wconf 81' lang='lat' dir='ltr'><strong>ex</strong></span> <span class='ocrx_word' id='word_1_311' title='bbox 1729 3742 1919 3801; x_wconf 90' lang='lat' dir='ltr'>Photii</span> 
     </span>
     <span class='ocr_line' id='line_1_41' title="bbox 389 3827 1081 3903; baseline -0.003 -16"><span class='ocrx_word' id='word_1_312' title='bbox 389 3828 604 3887; x_wconf 75' lang='lat' dir='ltr'>Lexico</span> <span class='ocrx_word' id='word_1_313' title='bbox 625 3827 1081 3903; x_wconf 78' lang='lat' dir='ltr'>sumpsit.Dn‹n.</span> 
     </span>
    </p>
   </div>
   <div class='ocr_carea' id='block_1_10' title="bbox 388 3922 1925 5070">
    <p class='ocr_par' dir='ltr' id='par_1_13' title="bbox 388 3922 1921 4442">
     <span class='ocr_line' id='line_1_42' title="bbox 471 3922 1920 4006; baseline 0.003 -25"><span class='ocrx_word' id='word_1_314' title='bbox 471 3923 585 3991; x_wconf 90' lang='grc'><strong>854</strong></span> <span class='ocrx_word' id='word_1_315' title='bbox 615 3942 731 3981; x_wconf 85' lang='lat' dir='ltr'><strong>om.</strong></span> <span class='ocrx_word' id='word_1_316' title='bbox 759 3923 832 3982; x_wconf 91' lang='grc' dir='ltr'><strong>Θ.</strong></span> <span class='ocrx_word' id='word_1_317' title='bbox 862 3926 927 3980; x_wconf 89' lang='lat' dir='ltr'><strong>In</strong></span> <span class='ocrx_word' id='word_1_318' title='bbox 964 3924 1080 3981; x_wconf 81' lang='lat' dir='ltr'><strong>fine</strong></span> <span class='ocrx_word' id='word_1_319' title='bbox 1107 3923 1233 3983; x_wconf 81' lang='lat' dir='ltr'><strong>Ald.</strong></span> <span class='ocrx_word' id='word_1_320' title='bbox 1269 3927 1558 4005; x_wconf 72' lang='grc' dir='ltr'><strong>βριμᾶσθαι</strong></span> <span class='ocrx_word' id='word_1_321' title='bbox 1588 3922 1692 4006; x_wconf 74' lang='grc' dir='ltr'><strong>γὰρ</strong></span> <span class='ocrx_word' id='word_1_322' title='bbox 1728 3923 1789 3984; x_wconf 79' lang='grc' dir='ltr'><strong>τὸ</strong></span> <span class='ocrx_word' id='word_1_323' title='bbox 1825 3926 1920 4005; x_wconf 80' lang='grc' dir='ltr'><strong>ὀρ-</strong></span> 
     </span>
     <span class='ocr_line' id='line_1_43' title="bbox 388 4004 1918 4093; baseline 0.003 -26"><span class='ocrx_word' id='word_1_324' title='bbox 388 4007 625 4086; x_wconf 78' lang='grc' dir='ltr'><strong>γίζεσθαι</strong></span> <span class='ocrx_word' id='word_1_325' title='bbox 650 4008 740 4068; x_wconf 78' lang='grc' dir='ltr'><strong>καὶ</strong></span> <span class='ocrx_word' id='word_1_326' title='bbox 759 4011 1010 4069; x_wconf 76' lang='grc' dir='ltr'><strong>ἀπειλεῖν.</strong></span> <span class='ocrx_word' id='word_1_327' title='bbox 1028 4011 1176 4090; x_wconf 80' lang='grc' dir='ltr'><strong>παρὰ</strong></span> <span class='ocrx_word' id='word_1_328' title='bbox 1204 4008 1262 4069; x_wconf 70' lang='grc' dir='ltr'><strong>δέ</strong></span> <span class='ocrx_word' id='word_1_329' title='bbox 1290 4034 1398 4071; x_wconf 86' lang='grc' dir='ltr'><strong>τισι</strong></span> <span class='ocrx_word' id='word_1_330' title='bbox 1428 4010 1519 4071; x_wconf 81' lang='grc' dir='ltr'><strong>καὶ</strong></span> <span class='ocrx_word' id='word_1_331' title='bbox 1542 4010 1603 4070; x_wconf 85' lang='grc' dir='ltr'><strong>τὸ</strong></span> <span class='ocrx_word' id='word_1_332' title='bbox 1628 4004 1759 4093; x_wconf 71' lang='grc' dir='ltr'><strong>ἦχον</strong></span> <span class='ocrx_word' id='word_1_333' title='bbox 1780 4014 1918 4071; x_wconf 83' lang='grc' dir='ltr'><strong>ἀπο-</strong></span> 
     </span>
     <span class='ocr_line' id='line_1_44' title="bbox 390 4095 1920 4181; baseline 0.003 -27"><span class='ocrx_word' id='word_1_334' title='bbox 390 4099 577 4158; x_wconf 84' lang='grc' dir='ltr'><strong>τελεῖν.</strong></span> <span class='ocrx_word' id='word_1_335' title='bbox 598 4099 670 4165; x_wconf 80' lang='grc' dir='ltr'><strong>ὧς</strong></span> <span class='ocrx_word' id='word_1_336' title='bbox 688 4096 786 4171; x_wconf 84' lang='grc' dir='ltr'><strong>τὸ,</strong></span> <span class='ocrx_word' id='word_1_337' title='bbox 815 4123 839 4149; x_wconf 75' lang='grc' dir='ltr'><strong>α</strong></span> <span class='ocrx_word' id='word_1_338' title='bbox 859 4097 960 4155; x_wconf 75' lang='grc' dir='ltr'><strong>ὑπὸ</strong></span> <span class='ocrx_word' id='word_1_339' title='bbox 985 4095 1087 4177; x_wconf 80' lang='grc' dir='ltr'><strong>γὰρ</strong></span> <span class='ocrx_word' id='word_1_340' title='bbox 1111 4105 1225 4164; x_wconf 82' lang='grc' dir='ltr'><strong>ταῖς</strong></span> <span class='ocrx_word' id='word_1_341' title='bbox 1250 4100 1467 4164; x_wconf 87' lang='grc' dir='ltr'><strong>πολλαῖς</strong></span> <span class='ocrx_word' id='word_1_342' title='bbox 1492 4097 1681 4178; x_wconf 83' lang='grc' dir='ltr'><strong>μύλαις</strong></span> <span class='ocrx_word' id='word_1_343' title='bbox 1713 4104 1920 4181; x_wconf 88' lang='grc' dir='ltr'><strong>βριμω-</strong></span> 
     </span>
     <span class='ocr_line' id='line_1_45' title="bbox 395 4181 1921 4267; baseline 0.003 -24"><span class='ocrx_word' id='word_1_344' title='bbox 395 4181 576 4261; x_wconf 78' lang='grc' dir='ltr'><strong>μίναις</strong></span> <span class='ocrx_word' id='word_1_345' title='bbox 597 4188 626 4244; x_wconf 78' lang='grc' dir='ltr'><strong>ὁ</strong></span> <span class='ocrx_word' id='word_1_346' title='bbox 647 4189 742 4255; x_wconf 80' lang='grc' dir='ltr'><strong>τ’ἥς</strong></span> <span class='ocrx_word' id='word_1_347' title='bbox 761 4194 886 4263; x_wconf 78' lang='grc' dir='ltr'><strong>μιᾶς</strong></span> <span class='ocrx_word' id='word_1_348' title='bbox 911 4184 1075 4267; x_wconf 85' lang='grc' dir='ltr'><strong>ψόφος</strong></span> <span class='ocrx_word' id='word_1_349' title='bbox 1093 4185 1280 4266; x_wconf 70' lang='grc' dir='ltr'><strong>ῥαδίως</strong></span> <span class='ocrx_word' id='word_1_350' title='bbox 1301 4186 1627 4246; x_wconf 81' lang='grc' dir='ltr'><strong>ἐλανθάνετο.</strong></span> <span class='ocrx_word' id='word_1_351' title='bbox 1655 4194 1921 4248; x_wconf 80' lang='lat' dir='ltr'>»Inserta</span> 
     </span>
     <span class='ocr_line' id='line_1_46' title="bbox 393 4272 1919 4353; baseline 0.005 -24"><span class='ocrx_word' id='word_1_352' title='bbox 393 4284 528 4330; x_wconf 87' lang='lat' dir='ltr'>sunt</span> <span class='ocrx_word' id='word_1_353' title='bbox 567 4292 639 4331; x_wconf 83' lang='lat' dir='ltr'><strong>ex</strong></span> <span class='ocrx_word' id='word_1_354' title='bbox 673 4273 849 4333; x_wconf 88' lang='lat' dir='ltr'>Suida</span> <span class='ocrx_word' id='word_1_355' title='bbox 878 4293 924 4331; x_wconf 78' lang='lat' dir='ltr'><strong>S.</strong></span> <span class='ocrx_word' id='word_1_356' title='bbox 959 4272 1327 4353; x_wconf 84' lang='grc' dir='ltr'><strong>Βριμούμενος.</strong></span> <span class='ocrx_word' id='word_1_357' title='bbox 1366 4275 1571 4334; x_wconf 88' lang='lat' dir='ltr'>Suidas</span> <span class='ocrx_word' id='word_1_358' title='bbox 1606 4275 1820 4335; x_wconf 82' lang='lat' dir='ltr'>ibidem</span> <span class='ocrx_word' id='word_1_359' title='bbox 1847 4298 1919 4336; x_wconf 84' lang='lat' dir='ltr'><strong>ex</strong></span> 
     </span>
     <span class='ocr_line' id='line_1_47' title="bbox 396 4358 1243 4442; baseline 0.001 -25"><span class='ocrx_word' id='word_1_360' title='bbox 396 4359 508 4418; x_wconf 76' lang='lat' dir='ltr'>lloc</span> <span class='ocrx_word' id='word_1_361' title='bbox 536 4359 572 4417; x_wconf 95' lang='lat' dir='ltr'><strong>l.</strong></span> <span class='ocrx_word' id='word_1_362' title='bbox 601 4358 925 4442; x_wconf 80' lang='grc' dir='ltr'><strong>Βριμήσαιο,</strong></span> <span class='ocrx_word' id='word_1_363' title='bbox 954 4360 1243 4442; x_wconf 82' lang='grc' dir='ltr'><strong>ὀργισθείης</strong></span> 
     </span>
    </p>

    <p class='ocr_par' dir='ltr' id='par_1_14' title="bbox 397 4455 1925 5070">
     <span class='ocr_line' id='line_1_48' title="bbox 476 4455 1919 4535; baseline 0.006 -22"><span class='ocrx_word' id='word_1_364' title='bbox 476 4455 611 4514; x_wconf 90' lang='grc'><strong>855.</strong></span> <span class='ocrx_word' id='word_1_365' title='bbox 663 4459 788 4514; x_wconf 78' lang='lat' dir='ltr'><strong>Hoc</strong></span> <span class='ocrx_word' id='word_1_366' title='bbox 846 4457 1109 4515; x_wconf 75' lang='lat' dir='ltr'>scholion</span> <span class='ocrx_word' id='word_1_367' title='bbox 1170 4459 1475 4535; x_wconf 77' lang='lat' dir='ltr'>exscripsit</span> <span class='ocrx_word' id='word_1_368' title='bbox 1533 4459 1789 4518; x_wconf 82' lang='lat' dir='ltr'>Philemo</span> <span class='ocrx_word' id='word_1_369' title='bbox 1858 4464 1919 4521; x_wconf 90' lang='lat' dir='ltr'>in</span> 
     </span>
     <span class='ocr_line' id='line_1_49' title="bbox 399 4541 1919 4625; baseline 0.003 -22"><span class='ocrx_word' id='word_1_370' title='bbox 399 4541 899 4625; x_wconf 69' lang='grc' dir='ltr'><strong>ὈστρακίνδαΝἰά.</strong></span> <span class='ocrx_word' id='word_1_371' title='bbox 916 4545 1149 4603; x_wconf 86' lang='lat' dir='ltr'>Luzacii</span> <span class='ocrx_word' id='word_1_372' title='bbox 1164 4546 1460 4605; x_wconf 86' lang='lat' dir='ltr'>Dissertat.</span> <span class='ocrx_word' id='word_1_373' title='bbox 1476 4545 1550 4605; x_wconf 89' lang='lat' dir='ltr'><strong>de</strong></span> <span class='ocrx_word' id='word_1_374' title='bbox 1565 4547 1919 4624; x_wconf 85' lang='lat' dir='ltr'>ostracismo,</span> 
     </span>
     <span class='ocr_line' id='line_1_50' title="bbox 397 4631 1917 4710; baseline 0.003 -21"><span class='ocrx_word' id='word_1_375' title='bbox 397 4631 699 4710; x_wconf 79' lang='lat' dir='ltr'>repetitam</span> <span class='ocrx_word' id='word_1_376' title='bbox 731 4631 790 4688; x_wconf 91' lang='lat' dir='ltr'>in</span> <span class='ocrx_word' id='word_1_377' title='bbox 817 4631 1000 4691; x_wconf 85' lang='lat' dir='ltr'>Diarii</span> <span class='ocrx_word' id='word_1_378' title='bbox 1019 4633 1238 4691; x_wconf 79' lang='lat' dir='ltr'>classici</span> <span class='ocrx_word' id='word_1_379' title='bbox 1268 4633 1404 4691; x_wconf 81' lang='lat' dir='ltr'>fasc.</span> <span class='ocrx_word' id='word_1_380' title='bbox 1433 4634 1527 4707; x_wconf 92' lang='grc'><strong>38,</strong></span> <span class='ocrx_word' id='word_1_381' title='bbox 1548 4652 1605 4710; x_wconf 86' lang='lat' dir='ltr'><strong>p.</strong></span> <span class='ocrx_word' id='word_1_382' title='bbox 1633 4634 1769 4707; x_wconf 91' lang='grc'><strong>348,</strong></span> <span class='ocrx_word' id='word_1_383' title='bbox 1807 4636 1917 4696; x_wconf 81' lang='grc'><strong>353</strong></span> 
     </span>
     <span class='ocr_line' id='line_1_51' title="bbox 398 4711 1921 4803; baseline 0.005 -28"><span class='ocrx_word' id='word_1_384' title='bbox 398 4719 597 4778; x_wconf 82' lang='grc'><strong>-355.</strong></span> <span class='ocrx_word' id='word_1_385' title='bbox 624 4722 806 4776; x_wconf 77' lang='lat' dir='ltr'><strong>Dum.</strong></span> <span class='ocrx_word' id='word_1_386' title='bbox 824 4756 887 4768; x_wconf 89' lang='lat'>-</span> <span class='ocrx_word' id='word_1_387' title='bbox 908 4729 980 4789; x_wconf 88' lang='grc'><strong>44</strong></span> <span class='ocrx_word' id='word_1_388' title='bbox 1006 4719 1317 4803; x_wconf 73' lang='grc' dir='ltr'><strong>ὀστρακίνδα</strong></span> <span class='ocrx_word' id='word_1_389' title='bbox 1343 4719 1457 4779; x_wconf 72' lang='grc' dir='ltr'><strong>ἐστι</strong></span> <span class='ocrx_word' id='word_1_390' title='bbox 1508 4720 1605 4797; x_wconf 67' lang='grc' dir='ltr'><strong>μὲν</strong></span> <span class='ocrx_word' id='word_1_391' title='bbox 1636 4711 1726 4780; x_wconf 70' lang='grc' dir='ltr'><strong>οὖν</strong></span> <span class='ocrx_word' id='word_1_392' title='bbox 1753 4720 1921 4801; x_wconf 76' lang='grc' dir='ltr'><strong>ὄνομα</strong></span> 
     </span>
     <span class='ocr_line' id='line_1_52' title="bbox 398 4806 1920 4887; baseline 0.002 -20"><span class='ocrx_word' id='word_1_393' title='bbox 398 4806 471 4867; x_wconf 93' lang='grc' dir='ltr'><strong>Θ.</strong></span> <span class='ocrx_word' id='word_1_394' title='bbox 499 4807 817 4886; x_wconf 77' lang='lat' dir='ltr'>praepositis</span> <span class='ocrx_word' id='word_1_395' title='bbox 858 4827 987 4885; x_wconf 83' lang='lat' dir='ltr'><strong>quae</strong></span> <span class='ocrx_word' id='word_1_396' title='bbox 1015 4808 1162 4867; x_wconf 78' lang='lat' dir='ltr'>infra</span> <span class='ocrx_word' id='word_1_397' title='bbox 1206 4830 1322 4887; x_wconf 87' lang='lat'><strong>7-9</strong></span> <span class='ocrx_word' id='word_1_398' title='bbox 1367 4809 1530 4868; x_wconf 87' lang='lat' dir='ltr'>uncis</span> <span class='ocrx_word' id='word_1_399' title='bbox 1568 4809 1789 4868; x_wconf 90' lang='lat' dir='ltr'>inclusa</span> <span class='ocrx_word' id='word_1_400' title='bbox 1834 4812 1920 4870; x_wconf 90' lang='lat' dir='ltr'><strong>le-</strong></span> 
     </span>
     <span class='ocr_line' id='line_1_53' title="bbox 400 4894 1921 4981; baseline 0.002 -28"><span class='ocrx_word' id='word_1_401' title='bbox 400 4907 631 4972; x_wconf 84' lang='lat' dir='ltr'>guntur.</span> <span class='ocrx_word' id='word_1_402' title='bbox 705 4933 770 4948; x_wconf 89' lang='lat'><strong>--</strong></span> <span class='ocrx_word' id='word_1_403' title='bbox 802 4895 876 4964; x_wconf 92' lang='grc'><strong>45</strong></span> <span class='ocrx_word' id='word_1_404' title='bbox 949 4894 1181 4968; x_wconf 81' lang='grc' dir='ltr'><strong>θελήσεις</strong></span> <span class='ocrx_word' id='word_1_405' title='bbox 1252 4899 1377 4958; x_wconf 80' lang='lat' dir='ltr'><strong>Ald.</strong></span> <span class='ocrx_word' id='word_1_406' title='bbox 1411 4935 1477 4948; x_wconf 90' lang='lat'>—</span> <span class='ocrx_word' id='word_1_407' title='bbox 1513 4907 1585 4969; x_wconf 84' lang='grc'><strong>47</strong></span> <span class='ocrx_word' id='word_1_408' title='bbox 1671 4897 1921 4981; x_wconf 75' lang='grc' dir='ltr'><strong>εἰσφέρειν</strong></span> 
     </span>
     <span class='ocr_line' id='line_1_54' title="bbox 403 4982 1925 5070; baseline 0.003 -29"><span class='ocrx_word' id='word_1_409' title='bbox 403 4982 758 5047; x_wconf 78' lang='lat' dir='ltr'>schoemann.</span> <span class='ocrx_word' id='word_1_410' title='bbox 774 4988 861 5043; x_wconf 88' lang='lat' dir='ltr'><strong>Dc</strong></span> <span class='ocrx_word' id='word_1_411' title='bbox 889 4985 1134 5045; x_wconf 88' lang='lat' dir='ltr'>comitiis</span> <span class='ocrx_word' id='word_1_412' title='bbox 1163 5006 1220 5065; x_wconf 86' lang='lat' dir='ltr'><strong>p.</strong></span> <span class='ocrx_word' id='word_1_413' title='bbox 1247 4995 1379 5056; x_wconf 89' lang='grc'><strong>204.</strong></span> <span class='ocrx_word' id='word_1_414' title='bbox 1402 4984 1726 5065; x_wconf 79' lang='lat' dir='ltr'>Legebatur</span> <span class='ocrx_word' id='word_1_415' title='bbox 1753 4985 1925 5070; x_wconf 74' lang='grc' dir='ltr'><strong>εἰσφί·</strong></span> 
     </span>
    </p>
   </div>
   <div class='ocr_carea' id='block_1_11' title="bbox 1997 449 3534 537">
    <p class='ocr_par' dir='ltr' id='par_1_15' title="bbox 1997 449 3534 537">
     <span class='ocr_line' id='line_1_55' title="bbox 1997 449 3534 537; baseline 0.005 -28"><span class='ocrx_word' id='word_1_416' title='bbox 1997 449 2124 510; x_wconf 77' lang='lat' dir='ltr'><strong>Ald.</strong></span> <span class='ocrx_word' id='word_1_417' title='bbox 2160 453 2209 509; x_wconf 78' lang='grc' dir='ltr'>οἱ</span> <span class='ocrx_word' id='word_1_418' title='bbox 2262 472 2381 510; x_wconf 89' lang='lat' dir='ltr'><strong>om.</strong></span> <span class='ocrx_word' id='word_1_419' title='bbox 2432 452 2690 511; x_wconf 85' lang='lat' dir='ltr'>Philemo</span> <span class='ocrx_word' id='word_1_420' title='bbox 2740 465 2833 531; x_wconf 88' lang='lat' dir='ltr'><strong>et,</strong></span> <span class='ocrx_word' id='word_1_421' title='bbox 2872 468 2939 512; x_wconf 89' lang='lat' dir='ltr'>ut</span> <span class='ocrx_word' id='word_1_422' title='bbox 2998 455 3247 530; x_wconf 83' lang='lat' dir='ltr'>videtur,</span> <span class='ocrx_word' id='word_1_423' title='bbox 3284 458 3534 537; x_wconf 83' lang='grc' dir='ltr'><strong>Θ.-49</strong></span> 
     </span>
    </p>
   </div>
   <div class='ocr_carea' id='block_1_12' title="bbox 923 536 3531 620">
    <p class='ocr_par' dir='ltr' id='par_1_16' title="bbox 923 536 3531 620">
     <span class='ocr_line' id='line_1_56' title="bbox 923 536 3531 620; baseline 0.003 -22"><span class='ocrx_word' id='word_1_424' title='bbox 923 538 1103 598; x_wconf 82' lang='grc' dir='ltr'><strong>ίσαντο</strong></span> <span class='ocrx_word' id='word_1_425' title='bbox 1134 536 1190 596; x_wconf 72' lang='grc' dir='ltr'><strong>δέ</strong></span> <span class='ocrx_word' id='word_1_426' title='bbox 1216 537 1312 611; x_wconf 80' lang='grc' dir='ltr'><strong>τὴν</strong></span> <span class='ocrx_word' id='word_1_427' title='bbox 1344 539 1496 599; x_wconf 86' lang='grc' dir='ltr'><strong>πόλιν</strong></span> <span class='ocrx_word' id='word_1_428' title='bbox 1538 547 1714 598; x_wconf 79' lang='grc' dir='ltr'><strong>πᾶσαν</strong></span> <span class='ocrx_word' id='word_1_429' title='bbox 1735 582 1753 611; x_wconf 90' lang='grc'><strong>,</strong></span> <span class='ocrx_word' id='word_1_430' title='bbox 1779 545 1907 598; x_wconf 80' lang='grc' dir='ltr'><strong>ναῦν</strong></span> <span class='ocrx_word' id='word_1_431' title='bbox 1997 536 2254 619; x_wconf 79' lang='grc' dir='ltr'><strong>ὄστρακα,</strong></span> <span class='ocrx_word' id='word_1_432' title='bbox 2283 539 2355 596; x_wconf 90' lang='grc'><strong>50</strong></span> <span class='ocrx_word' id='word_1_433' title='bbox 2378 538 2706 620; x_wconf 73' lang='grc' dir='ltr'><strong>ὑπογραφήν,</strong></span> <span class='ocrx_word' id='word_1_434' title='bbox 2725 539 2797 598; x_wconf 88' lang='grc'><strong>52</strong></span> <span class='ocrx_word' id='word_1_435' title='bbox 2823 538 3042 602; x_wconf 74' lang='grc' dir='ltr'><strong>ἔλαττον</strong></span> <span class='ocrx_word' id='word_1_436' title='bbox 3069 544 3144 604; x_wconf 89' lang='grc' dir='ltr'><strong>Θ.</strong></span> <span class='ocrx_word' id='word_1_437' title='bbox 3166 546 3273 602; x_wconf 74' lang='grc' dir='ltr'><strong>τῶν</strong></span> <span class='ocrx_word' id='word_1_438' title='bbox 3301 543 3444 613; x_wconf 79' lang='grc' dir='ltr'><strong>ἐξακ.</strong></span> <span class='ocrx_word' id='word_1_439' title='bbox 3458 551 3531 606; x_wconf 88' lang='lat' dir='ltr'><strong>V.</strong></span> 
     </span>
    </p>
   </div>
   <div class='ocr_carea' id='block_1_13' title="bbox 2000 623 3536 800">
    <p class='ocr_par' dir='ltr' id='par_1_17' title="bbox 2000 623 3536 800">
     <span class='ocr_line' id='line_1_57' title="bbox 2002 623 3534 709; baseline 0.009 -29"><span class='ocrx_word' id='word_1_440' title='bbox 2002 668 2059 680; x_wconf 89' lang='grc'><strong>-.</strong></span> <span class='ocrx_word' id='word_1_441' title='bbox 2083 627 2156 686; x_wconf 88' lang='grc'><strong>53</strong></span> <span class='ocrx_word' id='word_1_442' title='bbox 2180 628 2233 684; x_wconf 86' lang='grc' dir='ltr'><strong>ἐν</strong></span> <span class='ocrx_word' id='word_1_443' title='bbox 2274 623 2402 685; x_wconf 75' lang='grc' dir='ltr'><strong>δίκα</strong></span> <span class='ocrx_word' id='word_1_444' title='bbox 2440 624 2666 707; x_wconf 76' lang='grc' dir='ltr'><strong>ἡμέραις</strong></span> <span class='ocrx_word' id='word_1_445' title='bbox 2706 648 2822 687; x_wconf 89' lang='lat' dir='ltr'><strong>om.</strong></span> <span class='ocrx_word' id='word_1_446' title='bbox 2861 629 3016 689; x_wconf 73' lang='grc'><strong>6.-</strong></span> <span class='ocrx_word' id='word_1_447' title='bbox 3046 633 3079 690; x_wconf 93' lang='grc'><strong>3</strong></span> <span class='ocrx_word' id='word_1_448' title='bbox 3125 631 3372 709; x_wconf 82' lang='grc' dir='ltr'><strong>Κίμωνος</strong></span> <span class='ocrx_word' id='word_1_449' title='bbox 3410 633 3534 695; x_wconf 72' lang='lat' dir='ltr'>ald.</span> 
     </span>
     <span class='ocr_line' id='line_1_58' title="bbox 2000 713 3536 800; baseline 0.005 -29"><span class='ocrx_word' id='word_1_450' title='bbox 2000 713 2182 772; x_wconf 75' lang='lat' dir='ltr'>Addit</span> <span class='ocrx_word' id='word_1_451' title='bbox 2202 713 2329 773; x_wconf 76' lang='lat' dir='ltr'><strong>Ald.</strong></span> <span class='ocrx_word' id='word_1_452' title='bbox 2359 726 2417 772; x_wconf 87' lang='lat' dir='ltr'><strong>et</strong></span> <span class='ocrx_word' id='word_1_453' title='bbox 2444 715 2737 790; x_wconf 85' lang='lat' dir='ltr'>Philemo,</span> <span class='ocrx_word' id='word_1_454' title='bbox 2760 719 2829 796; x_wconf 75' lang='grc' dir='ltr'><strong>τῇ</strong></span> <span class='ocrx_word' id='word_1_455' title='bbox 2854 718 3055 798; x_wconf 80' lang='grc' dir='ltr'><strong>ἀδελφῇ</strong></span> <span class='ocrx_word' id='word_1_456' title='bbox 3084 717 3370 800; x_wconf 78' lang='grc' dir='ltr'><strong>Ἐλπινίκῃ</strong></span> <span class='ocrx_word' id='word_1_457' title='bbox 3400 743 3536 799; x_wconf 88' lang='grc' dir='ltr'><strong>συγ-</strong></span> 
     </span>
    </p>
   </div>
   <div class='ocr_carea' id='block_1_14' title="bbox 2000 800 3545 4885">
    <p class='ocr_par' dir='ltr' id='par_1_18' title="bbox 2000 800 3545 2112">
     <span class='ocr_line' id='line_1_59' title="bbox 2000 800 3538 885; baseline 0.006 -26"><span class='ocrx_word' id='word_1_458' title='bbox 2000 800 2271 879; x_wconf 75' lang='grc' dir='ltr'><strong>κοιμηθεὶς</strong></span> <span class='ocrx_word' id='word_1_459' title='bbox 2293 801 2386 861; x_wconf 74' lang='grc' dir='ltr'><strong>καὶ</strong></span> <span class='ocrx_word' id='word_1_460' title='bbox 2411 801 2708 874; x_wconf 70' lang='grc' dir='ltr'><strong>διαὸληθεὶς</strong></span> <span class='ocrx_word' id='word_1_461' title='bbox 2728 803 2859 885; x_wconf 83' lang='grc' dir='ltr'><strong>πρὸς</strong></span> <span class='ocrx_word' id='word_1_462' title='bbox 2883 804 3002 872; x_wconf 73' lang='grc' dir='ltr'><strong>τοὺς</strong></span> <span class='ocrx_word' id='word_1_463' title='bbox 3027 803 3265 873; x_wconf 83' lang='grc' dir='ltr'><strong>πολίτας.</strong></span> <span class='ocrx_word' id='word_1_464' title='bbox 3299 812 3403 866; x_wconf 86' lang='lat' dir='ltr'><strong>Est</strong></span> <span class='ocrx_word' id='word_1_465' title='bbox 3423 809 3538 868; x_wconf 85' lang='lat' dir='ltr'><strong>hoc</strong></span> 
     </span>
     <span class='ocr_line' id='line_1_60' title="bbox 2001 889 3539 967; baseline 0.006 -21"><span class='ocrx_word' id='word_1_466' title='bbox 2001 889 2339 948; x_wconf 80' lang='lat' dir='ltr'>recentioris</span> <span class='ocrx_word' id='word_1_467' title='bbox 2368 890 2730 967; x_wconf 81' lang='lat' dir='ltr'>grammatici</span> <span class='ocrx_word' id='word_1_468' title='bbox 2770 891 3224 951; x_wconf 87' lang='lat' dir='ltr'>additamentum</span> <span class='ocrx_word' id='word_1_469' title='bbox 3255 912 3329 952; x_wconf 86' lang='lat' dir='ltr'><strong>ex</strong></span> <span class='ocrx_word' id='word_1_470' title='bbox 3356 896 3539 955; x_wconf 82' lang='lat' dir='ltr'>Suida</span> 
     </span>
     <span class='ocr_line' id='line_1_61' title="bbox 2003 975 3541 1062; baseline 0.006 -29"><span class='ocrx_word' id='word_1_471' title='bbox 2003 975 2240 1034; x_wconf 90' lang='lat' dir='ltr'>ductum</span> <span class='ocrx_word' id='word_1_472' title='bbox 2263 996 2309 1036; x_wconf 88' lang='lat' dir='ltr'><strong>s.</strong></span> <span class='ocrx_word' id='word_1_473' title='bbox 2338 976 2755 1059; x_wconf 84' lang='grc' dir='ltr'><strong>Ὀστρακισμός.</strong></span> <span class='ocrx_word' id='word_1_474' title='bbox 2783 981 3110 1039; x_wconf 87' lang='lat' dir='ltr'>Commenti</span> <span class='ocrx_word' id='word_1_475' title='bbox 3140 994 3336 1040; x_wconf 86' lang='lat' dir='ltr'>autem</span> <span class='ocrx_word' id='word_1_476' title='bbox 3365 983 3541 1062; x_wconf 84' lang='lat' dir='ltr'>hujus</span> 
     </span>
     <span class='ocr_line' id='line_1_62' title="bbox 2003 1061 3543 1129; baseline 0.006 -9"><span class='ocrx_word' id='word_1_477' title='bbox 2003 1061 2415 1123; x_wconf 82' lang='lat' dir='ltr'>absurditatem</span> <span class='ocrx_word' id='word_1_478' title='bbox 2458 1066 2714 1124; x_wconf 77' lang='lat' dir='ltr'>ostendit</span> <span class='ocrx_word' id='word_1_479' title='bbox 2750 1068 3007 1126; x_wconf 81' lang='lat' dir='ltr'>Meierus</span> <span class='ocrx_word' id='word_1_480' title='bbox 3049 1073 3138 1127; x_wconf 89' lang='lat' dir='ltr'><strong>De</strong></span> <span class='ocrx_word' id='word_1_481' title='bbox 3186 1068 3357 1128; x_wconf 89' lang='lat' dir='ltr'>bonis</span> <span class='ocrx_word' id='word_1_482' title='bbox 3433 1071 3543 1129; x_wconf 90' lang='lat' dir='ltr'><strong>da-</strong></span> 
     </span>
     <span class='ocr_line' id='line_1_63' title="bbox 2006 1152 3540 1230; baseline 0.005 -22"><span class='ocrx_word' id='word_1_483' title='bbox 2006 1162 2330 1209; x_wconf 85' lang='lat' dir='ltr'>mnatorum</span> <span class='ocrx_word' id='word_1_484' title='bbox 2360 1172 2417 1230; x_wconf 85' lang='lat' dir='ltr'><strong>p.</strong></span> <span class='ocrx_word' id='word_1_485' title='bbox 2445 1152 2502 1227; x_wconf 87' lang='grc'><strong>5,</strong></span> <span class='ocrx_word' id='word_1_486' title='bbox 2523 1154 2658 1211; x_wconf 91' lang='grc'><strong>233.</strong></span> <span class='ocrx_word' id='word_1_487' title='bbox 2684 1157 2974 1224; x_wconf 52' lang='grc' dir='ltr'><strong>θυαμ-4</strong></span> <span class='ocrx_word' id='word_1_488' title='bbox 3000 1155 3148 1213; x_wconf 87' lang='lat' dir='ltr'>male</span> <span class='ocrx_word' id='word_1_489' title='bbox 3176 1155 3540 1216; x_wconf 81' lang='lat' dir='ltr'>Alcibiadem</span> 
     </span>
     <span class='ocr_line' id='line_1_64' title="bbox 2006 1238 3542 1311; baseline 0.006 -16"><span class='ocrx_word' id='word_1_490' title='bbox 2006 1238 2285 1311; x_wconf 90' lang='lat' dir='ltr'>nominat,</span> <span class='ocrx_word' id='word_1_491' title='bbox 2312 1241 2408 1298; x_wconf 87' lang='lat' dir='ltr'>cui</span> <span class='ocrx_word' id='word_1_492' title='bbox 2435 1241 2791 1299; x_wconf 84' lang='lat' dir='ltr'>imminuisse</span> <span class='ocrx_word' id='word_1_493' title='bbox 2827 1253 3051 1301; x_wconf 81' lang='lat' dir='ltr'>tantum</span> <span class='ocrx_word' id='word_1_494' title='bbox 3097 1256 3327 1302; x_wconf 88' lang='lat' dir='ltr'>constat</span> <span class='ocrx_word' id='word_1_495' title='bbox 3353 1258 3542 1304; x_wconf 84' lang='lat' dir='ltr'>ostra-</span> 
     </span>
     <span class='ocr_line' id='line_1_65' title="bbox 2008 1325 3540 1403; baseline 0.005 -20"><span class='ocrx_word' id='word_1_496' title='bbox 2008 1325 2168 1384; x_wconf 87' lang='lat' dir='ltr'>cismi</span> <span class='ocrx_word' id='word_1_497' title='bbox 2188 1327 2629 1403; x_wconf 62' lang='lat' dir='ltr'>periculum-5</span> <span class='ocrx_word' id='word_1_498' title='bbox 2651 1327 2926 1388; x_wconf 78' lang='grc' dir='ltr'><strong>ὗπ’Θ.-9</strong></span> <span class='ocrx_word' id='word_1_499' title='bbox 2941 1328 3103 1387; x_wconf 84' lang='lat' dir='ltr'>addit</span> <span class='ocrx_word' id='word_1_500' title='bbox 3112 1330 3240 1388; x_wconf 81' lang='lat' dir='ltr'><strong>Ald.</strong></span> <span class='ocrx_word' id='word_1_501' title='bbox 3264 1342 3323 1389; x_wconf 91' lang='lat' dir='ltr'><strong>et</strong></span> <span class='ocrx_word' id='word_1_502' title='bbox 3347 1331 3540 1391; x_wconf 87' lang='lat' dir='ltr'>Phile·</span> 
     </span>
     <span class='ocr_line' id='line_1_66' title="bbox 2009 1412 3545 1499; baseline 0.004 -29"><span class='ocrx_word' id='word_1_503' title='bbox 2009 1432 2124 1487; x_wconf 87' lang='lat' dir='ltr'><strong>mo,</strong></span> <span class='ocrx_word' id='word_1_504' title='bbox 2145 1412 2381 1495; x_wconf 71' lang='grc' dir='ltr'><strong>διαφέρει</strong></span> <span class='ocrx_word' id='word_1_505' title='bbox 2401 1412 2458 1472; x_wconf 75' lang='grc' dir='ltr'><strong>δὲ</strong></span> <span class='ocrx_word' id='word_1_506' title='bbox 2477 1418 2644 1496; x_wconf 75' lang='grc' dir='ltr'><strong>φυγῆς</strong></span> <span class='ocrx_word' id='word_1_507' title='bbox 2659 1414 3031 1495; x_wconf 81' lang='grc' dir='ltr'><strong>ὀστρακισμὸς,</strong></span> <span class='ocrx_word' id='word_1_508' title='bbox 3042 1413 3123 1474; x_wconf 75' lang='grc' dir='ltr'><strong>ὅτι</strong></span> <span class='ocrx_word' id='word_1_509' title='bbox 3145 1417 3251 1475; x_wconf 76' lang='grc' dir='ltr'><strong>τῶν</strong></span> <span class='ocrx_word' id='word_1_510' title='bbox 3264 1415 3361 1495; x_wconf 62' lang='grc' dir='ltr'><strong>μὲν</strong></span> <span class='ocrx_word' id='word_1_511' title='bbox 3376 1421 3545 1499; x_wconf 74' lang='grc' dir='ltr'><strong>φυγῆς</strong></span> 
     </span>
     <span class='ocr_line' id='line_1_67' title="bbox 2006 1499 3544 1587; baseline 0.003 -28"><span class='ocrx_word' id='word_1_512' title='bbox 2006 1499 2238 1559; x_wconf 74' lang='grc' dir='ltr'><strong>ἁλόντων</strong></span> <span class='ocrx_word' id='word_1_513' title='bbox 2266 1504 2322 1560; x_wconf 74' lang='grc' dir='ltr'><strong>αἱ</strong></span> <span class='ocrx_word' id='word_1_514' title='bbox 2357 1501 2530 1561; x_wconf 83' lang='grc' dir='ltr'><strong>οὗσίαι</strong></span> <span class='ocrx_word' id='word_1_515' title='bbox 2566 1501 2915 1580; x_wconf 87' lang='grc' dir='ltr'><strong>δημεύονται,</strong></span> <span class='ocrx_word' id='word_1_516' title='bbox 2957 1505 3063 1561; x_wconf 80' lang='grc' dir='ltr'><strong>τῶν</strong></span> <span class='ocrx_word' id='word_1_517' title='bbox 3107 1500 3164 1562; x_wconf 70' lang='grc' dir='ltr'><strong>δὲ</strong></span> <span class='ocrx_word' id='word_1_518' title='bbox 3198 1505 3544 1587; x_wconf 70' lang='grc' dir='ltr'><strong>ὀστρακισμῷ</strong></span> 
     </span>
     <span class='ocr_line' id='line_1_68' title="bbox 2009 1590 3541 1675; baseline 0.004 -27"><span class='ocrx_word' id='word_1_519' title='bbox 2009 1591 2348 1650; x_wconf 81' lang='grc' dir='ltr'><strong>ἀποστάντων</strong></span> <span class='ocrx_word' id='word_1_520' title='bbox 2380 1593 2477 1651; x_wconf 80' lang='grc' dir='ltr'><strong>οὐκ</strong></span> <span class='ocrx_word' id='word_1_521' title='bbox 2521 1593 2821 1675; x_wconf 76' lang='grc' dir='ltr'><strong>ἀφαιρεῖται</strong></span> <span class='ocrx_word' id='word_1_522' title='bbox 2859 1590 2929 1651; x_wconf 77' lang='grc' dir='ltr'><strong>τὰ</strong></span> <span class='ocrx_word' id='word_1_523' title='bbox 2971 1591 3226 1674; x_wconf 76' lang='grc' dir='ltr'><strong>χρήματα</strong></span> <span class='ocrx_word' id='word_1_524' title='bbox 3265 1598 3294 1653; x_wconf 79' lang='grc' dir='ltr'><strong>ὅ</strong></span> <span class='ocrx_word' id='word_1_525' title='bbox 3332 1595 3501 1673; x_wconf 70' lang='grc' dir='ltr'><strong>δῆμος</strong></span> <span class='ocrx_word' id='word_1_526' title='bbox 3523 1641 3541 1671; x_wconf 93' lang='grc'><strong>,</strong></span> 
     </span>
     <span class='ocr_line' id='line_1_69' title="bbox 2010 1676 3540 1763; baseline 0.004 -27"><span class='ocrx_word' id='word_1_527' title='bbox 2010 1678 2098 1736; x_wconf 74' lang='grc' dir='ltr'><strong>καὶ</strong></span> <span class='ocrx_word' id='word_1_528' title='bbox 2123 1687 2231 1745; x_wconf 83' lang='grc' dir='ltr'><strong>τοῖς</strong></span> <span class='ocrx_word' id='word_1_529' title='bbox 2253 1676 2348 1756; x_wconf 76' lang='grc' dir='ltr'><strong>μὲν</strong></span> <span class='ocrx_word' id='word_1_530' title='bbox 2370 1678 2556 1760; x_wconf 84' lang='grc' dir='ltr'><strong>χρόνος</strong></span> <span class='ocrx_word' id='word_1_531' title='bbox 2577 1678 2895 1739; x_wconf 72' lang='grc' dir='ltr'><strong>ἐνδείκνυται</strong></span> <span class='ocrx_word' id='word_1_532' title='bbox 2920 1680 3011 1740; x_wconf 77' lang='grc' dir='ltr'><strong>καὶ</strong></span> <span class='ocrx_word' id='word_1_533' title='bbox 3036 1679 3226 1757; x_wconf 87' lang='grc' dir='ltr'><strong>τόπος,</strong></span> <span class='ocrx_word' id='word_1_534' title='bbox 3253 1684 3304 1741; x_wconf 73' lang='grc' dir='ltr'><strong>οἳ</strong></span> <span class='ocrx_word' id='word_1_535' title='bbox 3323 1681 3380 1740; x_wconf 67' lang='grc' dir='ltr'><strong>δὲ</strong></span> <span class='ocrx_word' id='word_1_536' title='bbox 3407 1681 3540 1763; x_wconf 84' lang='grc' dir='ltr'><strong>φεύ-</strong></span> 
     </span>
     <span class='ocr_line' id='line_1_70' title="bbox 2008 1765 3544 1848; baseline 0.001 -23"><span class='ocrx_word' id='word_1_537' title='bbox 2008 1787 2184 1845; x_wconf 88' lang='grc' dir='ltr'><strong>γοντες</strong></span> <span class='ocrx_word' id='word_1_538' title='bbox 2202 1765 2469 1848; x_wconf 74' lang='grc' dir='ltr'><strong>οὐδέτερον</strong></span> <span class='ocrx_word' id='word_1_539' title='bbox 2490 1765 2689 1826; x_wconf 90' lang='grc' dir='ltr'><strong>τούτων</strong></span> <span class='ocrx_word' id='word_1_540' title='bbox 2716 1766 2943 1846; x_wconf 71' lang='grc' dir='ltr'><strong>ἔχουσιν.</strong></span> <span class='ocrx_word' id='word_1_541' title='bbox 2971 1770 3022 1827; x_wconf 73' lang='grc' dir='ltr'><strong>οἳ</strong></span> <span class='ocrx_word' id='word_1_542' title='bbox 3048 1766 3458 1828; x_wconf 79' lang='grc' dir='ltr'><strong>κακονούστατοι</strong></span> <span class='ocrx_word' id='word_1_543' title='bbox 3486 1767 3544 1826; x_wconf 72' lang='grc' dir='ltr'><strong>δέ</strong></span> 
     </span>
     <span class='ocr_line' id='line_1_71' title="bbox 2008 1852 3540 1935; baseline 0.001 -23"><span class='ocrx_word' id='word_1_544' title='bbox 2008 1855 2085 1935; x_wconf 77' lang='grc' dir='ltr'><strong>τῷ</strong></span> <span class='ocrx_word' id='word_1_545' title='bbox 2106 1853 2261 1935; x_wconf 76' lang='grc' dir='ltr'><strong>δήμῳ</strong></span> <span class='ocrx_word' id='word_1_546' title='bbox 2281 1853 2550 1921; x_wconf 77' lang='grc' dir='ltr'><strong>δοκοῦντες</strong></span> <span class='ocrx_word' id='word_1_547' title='bbox 2563 1852 3001 1935; x_wconf 78' lang='grc' dir='ltr'><strong>ἐξωστρακίζοντο</strong></span> <span class='ocrx_word' id='word_1_548' title='bbox 3014 1854 3106 1914; x_wconf 73' lang='grc' dir='ltr'><strong>καὶ</strong></span> <span class='ocrx_word' id='word_1_549' title='bbox 3124 1853 3540 1922; x_wconf 78' lang='grc' dir='ltr'><strong>κατεδικάζοντο.</strong></span> 
     </span>
     <span class='ocr_line' id='line_1_72' title="bbox 2008 1939 3539 2025; baseline 0.002 -26"><span class='ocrx_word' id='word_1_550' title='bbox 2008 1940 2282 2021; x_wconf 80' lang='grc' dir='ltr'><strong>ὀστράκοις</strong></span> <span class='ocrx_word' id='word_1_551' title='bbox 2315 1939 2423 2022; x_wconf 77' lang='grc' dir='ltr'><strong>γὰρ</strong></span> <span class='ocrx_word' id='word_1_552' title='bbox 2473 1941 2732 2023; x_wconf 74' lang='grc' dir='ltr'><strong>ἐγράφετο</strong></span> <span class='ocrx_word' id='word_1_553' title='bbox 2768 1941 2833 2002; x_wconf 82' lang='grc' dir='ltr'><strong>τὸ</strong></span> <span class='ocrx_word' id='word_1_554' title='bbox 2857 1941 3025 2021; x_wconf 77' lang='grc' dir='ltr'><strong>ὄνομα</strong></span> <span class='ocrx_word' id='word_1_555' title='bbox 3066 1947 3162 2002; x_wconf 74' lang='grc' dir='ltr'><strong>τοῦ</strong></span> <span class='ocrx_word' id='word_1_556' title='bbox 3205 1941 3539 2025; x_wconf 77' lang='grc' dir='ltr'><strong>φευξομένου.</strong></span> 
     </span>
     <span class='ocr_line' id='line_1_73' title="bbox 2008 2028 3204 2112; baseline -0.001 -24"><span class='ocrx_word' id='word_1_557' title='bbox 2008 2034 2232 2088; x_wconf 80' lang='lat' dir='ltr'>Inserta</span> <span class='ocrx_word' id='word_1_558' title='bbox 2256 2042 2393 2087; x_wconf 88' lang='lat' dir='ltr'>sunt</span> <span class='ocrx_word' id='word_1_559' title='bbox 2413 2049 2489 2088; x_wconf 85' lang='lat' dir='ltr'><strong>ex</strong></span> <span class='ocrx_word' id='word_1_560' title='bbox 2515 2030 2691 2089; x_wconf 90' lang='lat' dir='ltr'>Suida</span> <span class='ocrx_word' id='word_1_561' title='bbox 2714 2050 2760 2090; x_wconf 88' lang='lat' dir='ltr'><strong>s.</strong></span> <span class='ocrx_word' id='word_1_562' title='bbox 2792 2028 3204 2112; x_wconf 84' lang='grc' dir='ltr'><strong>Ὄστρακισμός.</strong></span> 
     </span>
    </p>

    <p class='ocr_par' dir='ltr' id='par_1_19' title="bbox 2007 2116 3540 2274">
     <span class='ocr_line' id='line_1_74' title="bbox 2088 2116 3540 2198; baseline 0.002 -22"><span class='ocrx_word' id='word_1_563' title='bbox 2088 2118 2227 2189; x_wconf 87' lang='grc'><strong>857,</strong></span> <span class='ocrx_word' id='word_1_564' title='bbox 2272 2136 2341 2175; x_wconf 93' lang='grc'><strong>10</strong></span> <span class='ocrx_word' id='word_1_565' title='bbox 2369 2116 2662 2198; x_wconf 86' lang='grc' dir='ltr'><strong>φθάσαντος</strong></span> <span class='ocrx_word' id='word_1_566' title='bbox 2681 2123 2769 2191; x_wconf 85' lang='lat' dir='ltr'><strong>V.,</strong></span> <span class='ocrx_word' id='word_1_567' title='bbox 2792 2138 2913 2176; x_wconf 90' lang='lat' dir='ltr'><strong>non</strong></span> <span class='ocrx_word' id='word_1_568' title='bbox 2940 2123 3011 2177; x_wconf 87' lang='lat' dir='ltr'><strong>G.</strong></span> <span class='ocrx_word' id='word_1_569' title='bbox 3037 2117 3233 2178; x_wconf 74' lang='grc' dir='ltr'><strong>ὡσανεὶ</strong></span> <span class='ocrx_word' id='word_1_570' title='bbox 3255 2119 3430 2196; x_wconf 79' lang='grc' dir='ltr'><strong>ἔλεγον</strong></span> <span class='ocrx_word' id='word_1_571' title='bbox 3448 2118 3540 2186; x_wconf 76' lang='grc' dir='ltr'><strong>τὰς</strong></span> 
     </span>
     <span class='ocr_line' id='line_1_75' title="bbox 2007 2202 2861 2274; baseline -0.002 -9"><span class='ocrx_word' id='word_1_572' title='bbox 2007 2206 2076 2266; x_wconf 85' lang='grc' dir='ltr'><strong>Θ.</strong></span> <span class='ocrx_word' id='word_1_573' title='bbox 2097 2241 2159 2253; x_wconf 91' lang='grc'><strong>-</strong></span> <span class='ocrx_word' id='word_1_574' title='bbox 2192 2223 2259 2262; x_wconf 88' lang='grc'><strong>12</strong></span> <span class='ocrx_word' id='word_1_575' title='bbox 2289 2202 2531 2274; x_wconf 76' lang='grc' dir='ltr'><strong>εῖσὸολὰς</strong></span> <span class='ocrx_word' id='word_1_576' title='bbox 2558 2205 2614 2265; x_wconf 67' lang='grc' dir='ltr'><strong>δὲ</strong></span> <span class='ocrx_word' id='word_1_577' title='bbox 2647 2226 2762 2265; x_wconf 89' lang='lat' dir='ltr'><strong>om.</strong></span> <span class='ocrx_word' id='word_1_578' title='bbox 2790 2211 2861 2265; x_wconf 90' lang='lat' dir='ltr'><strong>V.</strong></span> 
     </span>
    </p>

    <p class='ocr_par' dir='ltr' id='par_1_20' title="bbox 2088 2291 3123 2374">
     <span class='ocr_line' id='line_1_76' title="bbox 2088 2291 3123 2374; baseline 0.002 -24"><span class='ocrx_word' id='word_1_579' title='bbox 2088 2292 2226 2365; x_wconf 88' lang='grc'><strong>858,</strong></span> <span class='ocrx_word' id='word_1_580' title='bbox 2261 2301 2330 2361; x_wconf 91' lang='grc'><strong>14</strong></span> <span class='ocrx_word' id='word_1_581' title='bbox 2360 2292 2537 2353; x_wconf 69' lang='lat' dir='ltr'>“flete</span> <span class='ocrx_word' id='word_1_582' title='bbox 2563 2291 2691 2372; x_wconf 65' lang='grc' dir='ltr'><strong>τὰς,</strong></span> <span class='ocrx_word' id='word_1_583' title='bbox 2720 2291 2901 2374; x_wconf 75' lang='grc' dir='ltr'><strong>ὥσπερ</strong></span> <span class='ocrx_word' id='word_1_584' title='bbox 2931 2297 3023 2353; x_wconf 72' lang='grc' dir='ltr'><strong>τοῦ</strong></span> <span class='ocrx_word' id='word_1_585' title='bbox 3050 2294 3123 2354; x_wconf 95' lang='grc' dir='ltr'><strong>Θ.</strong></span> 
     </span>
    </p>

    <p class='ocr_par' dir='ltr' id='par_1_21' title="bbox 2005 2379 3545 2987">
     <span class='ocr_line' id='line_1_77' title="bbox 2088 2379 3544 2461; baseline 0.001 -23"><span class='ocrx_word' id='word_1_586' title='bbox 2088 2379 2227 2456; x_wconf 87' lang='grc'><strong>859,</strong></span> <span class='ocrx_word' id='word_1_587' title='bbox 2261 2380 2329 2437; x_wconf 97' lang='grc'><strong>18</strong></span> <span class='ocrx_word' id='word_1_588' title='bbox 2360 2383 2458 2459; x_wconf 84' lang='grc' dir='ltr'>βοῇ</span> <span class='ocrx_word' id='word_1_589' title='bbox 2481 2382 2551 2442; x_wconf 88' lang='grc' dir='ltr'><strong>Θ.</strong></span> <span class='ocrx_word' id='word_1_590' title='bbox 2571 2394 2630 2440; x_wconf 90' lang='lat' dir='ltr'><strong>et</strong></span> <span class='ocrx_word' id='word_1_591' title='bbox 2654 2382 2859 2440; x_wconf 89' lang='lat' dir='ltr'>Suidas</span> <span class='ocrx_word' id='word_1_592' title='bbox 2886 2400 2932 2439; x_wconf 91' lang='lat' dir='ltr'><strong>s.</strong></span> <span class='ocrx_word' id='word_1_593' title='bbox 2958 2381 3365 2461; x_wconf 79' lang='grc' dir='ltr'><strong>Κρουσιδημῶν.</strong></span> <span class='ocrx_word' id='word_1_594' title='bbox 3381 2379 3544 2460; x_wconf 76' lang='grc' dir='ltr'><strong>βουλῇ</strong></span> 
     </span>
     <span class='ocr_line' id='line_1_78' title="bbox 2007 2467 3541 2553; baseline 0.001 -26"><span class='ocrx_word' id='word_1_595' title='bbox 2007 2468 2142 2527; x_wconf 80' lang='lat' dir='ltr'><strong>Ald.</strong></span> <span class='ocrx_word' id='word_1_596' title='bbox 2176 2480 2236 2525; x_wconf 86' lang='lat' dir='ltr'><strong>et</strong></span> <span class='ocrx_word' id='word_1_597' title='bbox 2276 2469 2615 2529; x_wconf 82' lang='lat' dir='ltr'>Favorinus.</span> <span class='ocrx_word' id='word_1_598' title='bbox 2636 2489 2797 2528; x_wconf 85' lang='grc'><strong>-20</strong></span> <span class='ocrx_word' id='word_1_599' title='bbox 2826 2468 2940 2528; x_wconf 79' lang='grc' dir='ltr'><strong>ἔστι</strong></span> <span class='ocrx_word' id='word_1_600' title='bbox 2975 2467 3032 2527; x_wconf 71' lang='grc' dir='ltr'><strong>δὲ</strong></span> <span class='ocrx_word' id='word_1_601' title='bbox 3057 2471 3126 2530; x_wconf 95' lang='grc' dir='ltr'><strong>Θ.</strong></span> <span class='ocrx_word' id='word_1_602' title='bbox 3165 2467 3541 2553; x_wconf 73' lang='grc' dir='ltr'><strong>παρακρουσά-</strong></span> 
     </span>
     <span class='ocr_line' id='line_1_79' title="bbox 2008 2555 3545 2634; baseline 0.001 -21"><span class='ocrx_word' id='word_1_603' title='bbox 2008 2576 2163 2633; x_wconf 83' lang='grc' dir='ltr'><strong>μενον</strong></span> <span class='ocrx_word' id='word_1_604' title='bbox 2192 2555 2313 2616; x_wconf 65' lang='lat' dir='ltr'>ald.</span> <span class='ocrx_word' id='word_1_605' title='bbox 2340 2555 2666 2616; x_wconf 87' lang='lat' dir='ltr'>Probabilis</span> <span class='ocrx_word' id='word_1_606' title='bbox 2684 2558 2922 2616; x_wconf 85' lang='lat' dir='ltr'>Kusteri</span> <span class='ocrx_word' id='word_1_607' title='bbox 2951 2556 3281 2634; x_wconf 87' lang='lat' dir='ltr'>conjectura</span> <span class='ocrx_word' id='word_1_608' title='bbox 3315 2569 3405 2615; x_wconf 84' lang='lat' dir='ltr'><strong>est</strong></span> <span class='ocrx_word' id='word_1_609' title='bbox 3433 2555 3545 2615; x_wconf 77' lang='grc' dir='ltr'><strong>ἐστι</strong></span> 
     </span>
     <span class='ocr_line' id='line_1_80' title="bbox 2007 2640 3540 2726; baseline 0.002 -26"><span class='ocrx_word' id='word_1_610' title='bbox 2007 2640 2109 2726; x_wconf 78' lang='grc' dir='ltr'><strong>γὰρ</strong></span> <span class='ocrx_word' id='word_1_611' title='bbox 2136 2645 2281 2720; x_wconf 75' lang='grc' dir='ltr'><strong>ῥῆμα</strong></span> <span class='ocrx_word' id='word_1_612' title='bbox 2300 2652 2691 2726; x_wconf 83' lang='grc' dir='ltr'><strong>κρουσιμετρεῖν</strong></span> <span class='ocrx_word' id='word_1_613' title='bbox 2705 2685 2722 2715; x_wconf 89' lang='grc'><strong>,</strong></span> <span class='ocrx_word' id='word_1_614' title='bbox 2745 2641 2855 2703; x_wconf 81' lang='grc' dir='ltr'><strong>δ-.</strong></span> <span class='ocrx_word' id='word_1_615' title='bbox 2877 2644 3214 2703; x_wconf 80' lang='lat' dir='ltr'>Valckenar.</span> <span class='ocrx_word' id='word_1_616' title='bbox 3238 2644 3540 2704; x_wconf 79' lang='lat' dir='ltr'>Animadv.</span> 
     </span>
     <span class='ocr_line' id='line_1_81' title="bbox 2007 2727 3541 2812; baseline 0.001 -24"><span class='ocrx_word' id='word_1_617' title='bbox 2007 2729 2082 2788; x_wconf 89' lang='lat' dir='ltr'><strong>ad</strong></span> <span class='ocrx_word' id='word_1_618' title='bbox 2111 2736 2380 2788; x_wconf 77' lang='lat' dir='ltr'>Ammon.</span> <span class='ocrx_word' id='word_1_619' title='bbox 2421 2749 2480 2807; x_wconf 89' lang='lat' dir='ltr'><strong>p.</strong></span> <span class='ocrx_word' id='word_1_620' title='bbox 2519 2751 2626 2807; x_wconf 89' lang='grc'><strong>191</strong></span> <span class='ocrx_word' id='word_1_621' title='bbox 2649 2774 2666 2803; x_wconf 97' lang='grc'><strong>,</strong></span> <span class='ocrx_word' id='word_1_622' title='bbox 2693 2727 2805 2790; x_wconf 72' lang='grc' dir='ltr'><strong>ἐστι</strong></span> <span class='ocrx_word' id='word_1_623' title='bbox 2841 2728 2946 2811; x_wconf 75' lang='grc' dir='ltr'><strong>γὰρ</strong></span> <span class='ocrx_word' id='word_1_624' title='bbox 2977 2732 3124 2811; x_wconf 75' lang='grc' dir='ltr'><strong>παρὰ</strong></span> <span class='ocrx_word' id='word_1_625' title='bbox 3161 2729 3223 2789; x_wconf 78' lang='grc' dir='ltr'><strong>τὸ</strong></span> <span class='ocrx_word' id='word_1_626' title='bbox 3252 2753 3541 2812; x_wconf 76' lang='grc' dir='ltr'><strong>κρουσιμε-</strong></span> 
     </span>
     <span class='ocr_line' id='line_1_82' title="bbox 2005 2815 3540 2903; baseline 0.001 -28"><span class='ocrx_word' id='word_1_627' title='bbox 2005 2815 2295 2902; x_wconf 82' lang='grc' dir='ltr'><strong>τρεῖν,δ....</strong></span> <span class='ocrx_word' id='word_1_628' title='bbox 2316 2822 2502 2881; x_wconf 73' lang='lat' dir='ltr'><strong>Dum.</strong></span> <span class='ocrx_word' id='word_1_629' title='bbox 2532 2816 2743 2899; x_wconf 70' lang='grc' dir='ltr'><strong>λέγεται</strong></span> <span class='ocrx_word' id='word_1_630' title='bbox 2764 2816 2911 2903; x_wconf 81' lang='grc' dir='ltr'><strong>παρὰ</strong></span> <span class='ocrx_word' id='word_1_631' title='bbox 2936 2826 3046 2886; x_wconf 81' lang='grc' dir='ltr'><strong>τοῖς</strong></span> <span class='ocrx_word' id='word_1_632' title='bbox 3076 2822 3331 2901; x_wconf 80' lang='grc' dir='ltr'><strong>μετροῦσι</strong></span> <span class='ocrx_word' id='word_1_633' title='bbox 3365 2824 3437 2879; x_wconf 89' lang='lat' dir='ltr'><strong>V.</strong></span> <span class='ocrx_word' id='word_1_634' title='bbox 3470 2820 3540 2880; x_wconf 86' lang='grc' dir='ltr'><strong>Θ.</strong></span> 
     </span>
     <span class='ocr_line' id='line_1_83' title="bbox 2007 2906 2781 2987; baseline 0.004 -23"><span class='ocrx_word' id='word_1_635' title='bbox 2007 2944 2071 2957; x_wconf 94' lang='grc'>-</span> <span class='ocrx_word' id='word_1_636' title='bbox 2090 2927 2158 2965; x_wconf 84' lang='grc'><strong>21</strong></span> <span class='ocrx_word' id='word_1_637' title='bbox 2191 2906 2670 2987; x_wconf 79' lang='grc' dir='ltr'><strong>παραλογιζόμενον</strong></span> <span class='ocrx_word' id='word_1_638' title='bbox 2712 2911 2781 2969; x_wconf 89' lang='lat' dir='ltr'><strong>G.</strong></span> 
     </span>
    </p>

    <p class='ocr_par' dir='ltr' id='par_1_22' title="bbox 2091 3004 2705 3084">
     <span class='ocr_line' id='line_1_84' title="bbox 2091 3004 2705 3084; baseline 0.002 -22"><span class='ocrx_word' id='word_1_639' title='bbox 2091 3004 2229 3075; x_wconf 87' lang='grc'><strong>865,</strong></span> <span class='ocrx_word' id='word_1_640' title='bbox 2253 3005 2327 3061; x_wconf 90' lang='grc'><strong>28</strong></span> <span class='ocrx_word' id='word_1_641' title='bbox 2353 3007 2615 3084; x_wconf 79' lang='grc' dir='ltr'><strong>θηρῶντες</strong></span> <span class='ocrx_word' id='word_1_642' title='bbox 2635 3010 2705 3063; x_wconf 90' lang='lat' dir='ltr'><strong>V.</strong></span> 
     </span>
    </p>

    <p class='ocr_par' dir='ltr' id='par_1_23' title="bbox 2007 3101 3541 3269">
     <span class='ocr_line' id='line_1_85' title="bbox 2088 3101 3541 3173; baseline 0.003 -14"><span class='ocrx_word' id='word_1_643' title='bbox 2088 3102 2225 3173; x_wconf 89' lang='grc'><strong>874,</strong></span> <span class='ocrx_word' id='word_1_644' title='bbox 2250 3104 2323 3161; x_wconf 88' lang='grc'><strong>33</strong></span> <span class='ocrx_word' id='word_1_645' title='bbox 2351 3101 2523 3161; x_wconf 88' lang='grc' dir='ltr'><strong>παίειν</strong></span> <span class='ocrx_word' id='word_1_646' title='bbox 2552 3108 2622 3162; x_wconf 89' lang='lat' dir='ltr'><strong>V.</strong></span> <span class='ocrx_word' id='word_1_647' title='bbox 2643 3140 2706 3154; x_wconf 88' lang='lat'>-</span> <span class='ocrx_word' id='word_1_648' title='bbox 2730 3103 2803 3173; x_wconf 88' lang='grc'><strong>34</strong></span> <span class='ocrx_word' id='word_1_649' title='bbox 2823 3110 2931 3171; x_wconf 82' lang='grc' dir='ltr'><strong>τοῖς</strong></span> <span class='ocrx_word' id='word_1_650' title='bbox 2950 3123 3064 3164; x_wconf 89' lang='lat' dir='ltr'><strong>om.</strong></span> <span class='ocrx_word' id='word_1_651' title='bbox 3088 3110 3153 3164; x_wconf 88' lang='lat' dir='ltr'><strong>V.</strong></span> <span class='ocrx_word' id='word_1_652' title='bbox 3173 3105 3246 3165; x_wconf 90' lang='grc' dir='ltr'><strong>Θ.</strong></span> <span class='ocrx_word' id='word_1_653' title='bbox 3270 3102 3541 3163; x_wconf 83' lang='grc' dir='ltr'><strong>δακτύλων</strong></span> 
     </span>
     <span class='ocr_line' id='line_1_86' title="bbox 2007 3188 2825 3269; baseline -0.001 -19"><span class='ocrx_word' id='word_1_654' title='bbox 2007 3190 2112 3250; x_wconf 79' lang='grc' dir='ltr'><strong>τῶν</strong></span> <span class='ocrx_word' id='word_1_655' title='bbox 2144 3211 2200 3269; x_wconf 87' lang='grc' dir='ltr'><strong>χ.</strong></span> <span class='ocrx_word' id='word_1_656' title='bbox 2224 3188 2316 3248; x_wconf 75' lang='grc' dir='ltr'><strong>καὶ</strong></span> <span class='ocrx_word' id='word_1_657' title='bbox 2339 3189 2514 3249; x_wconf 84' lang='grc' dir='ltr'><strong>ποδῶν</strong></span> <span class='ocrx_word' id='word_1_658' title='bbox 2541 3188 2616 3268; x_wconf 85' lang='grc' dir='ltr'><strong>μὴ</strong></span> <span class='ocrx_word' id='word_1_659' title='bbox 2641 3192 2728 3250; x_wconf 83' lang='grc' dir='ltr'><strong>κλ.</strong></span> <span class='ocrx_word' id='word_1_660' title='bbox 2755 3193 2825 3253; x_wconf 86' lang='grc' dir='ltr'><strong>Θ.</strong></span> 
     </span>
    </p>

    <p class='ocr_par' dir='ltr' id='par_1_24' title="bbox 2007 3284 3543 3721">
     <span class='ocr_line' id='line_1_87' title="bbox 2089 3284 3537 3368; baseline 0.003 -25"><span class='ocrx_word' id='word_1_661' title='bbox 2089 3286 2226 3359; x_wconf 88' lang='grc'><strong>877,</strong></span> <span class='ocrx_word' id='word_1_662' title='bbox 2250 3287 2324 3344; x_wconf 87' lang='grc'><strong>36</strong></span> <span class='ocrx_word' id='word_1_663' title='bbox 2343 3287 2390 3344; x_wconf 77' lang='grc' dir='ltr'>οἱ</span> <span class='ocrx_word' id='word_1_664' title='bbox 2422 3284 2518 3363; x_wconf 77' lang='grc' dir='ltr'><strong>μὲν</strong></span> <span class='ocrx_word' id='word_1_665' title='bbox 2551 3284 2759 3368; x_wconf 89' lang='grc' dir='ltr'><strong>Γρύπον</strong></span> <span class='ocrx_word' id='word_1_666' title='bbox 2791 3288 2906 3348; x_wconf 75' lang='grc' dir='ltr'><strong>ἀντὶ</strong></span> <span class='ocrx_word' id='word_1_667' title='bbox 2937 3292 3030 3348; x_wconf 77' lang='grc' dir='ltr'><strong>τοῦ</strong></span> <span class='ocrx_word' id='word_1_668' title='bbox 3055 3286 3364 3348; x_wconf 82' lang='lat' dir='ltr'>Dobraeus.</span> <span class='ocrx_word' id='word_1_669' title='bbox 3386 3326 3449 3338; x_wconf 90' lang='lat'><strong>--</strong></span> <span class='ocrx_word' id='word_1_670' title='bbox 3468 3291 3537 3360; x_wconf 90' lang='grc'><strong>37</strong></span> 
     </span>
     <span class='ocr_line' id='line_1_88' title="bbox 2007 3368 3543 3455; baseline 0.004 -26"><span class='ocrx_word' id='word_1_671' title='bbox 2007 3374 2100 3443; x_wconf 78' lang='grc' dir='ltr'><strong>τῆς</strong></span> <span class='ocrx_word' id='word_1_672' title='bbox 2125 3368 2365 3454; x_wconf 80' lang='grc' dir='ltr'><strong>πορνέίας</strong></span> <span class='ocrx_word' id='word_1_673' title='bbox 2388 3371 2675 3455; x_wconf 76' lang='grc' dir='ltr'><strong>ἐξαλείψας.</strong></span> <span class='ocrx_word' id='word_1_674' title='bbox 2706 3380 2840 3434; x_wconf 83' lang='lat' dir='ltr'><strong>Haec</strong></span> <span class='ocrx_word' id='word_1_675' title='bbox 2867 3379 2960 3436; x_wconf 84' lang='lat' dir='ltr'><strong>vel</strong></span> <span class='ocrx_word' id='word_1_676' title='bbox 2988 3376 3228 3435; x_wconf 89' lang='lat' dir='ltr'>delenda</span> <span class='ocrx_word' id='word_1_677' title='bbox 3248 3376 3340 3435; x_wconf 86' lang='lat' dir='ltr'><strong>vel</strong></span> <span class='ocrx_word' id='word_1_678' title='bbox 3359 3377 3442 3435; x_wconf 89' lang='lat' dir='ltr'><strong>ita</strong></span> <span class='ocrx_word' id='word_1_679' title='bbox 3460 3377 3543 3435; x_wconf 87' lang='lat' dir='ltr'><strong>le-</strong></span> 
     </span>
     <span class='ocr_line' id='line_1_89' title="bbox 2008 3458 3538 3541; baseline 0.002 -23"><span class='ocrx_word' id='word_1_680' title='bbox 2008 3459 2220 3538; x_wconf 80' lang='lat' dir='ltr'>genda,</span> <span class='ocrx_word' id='word_1_681' title='bbox 2252 3458 2524 3541; x_wconf 72' lang='grc' dir='ltr'><strong>ἐξαλείψας</strong></span> <span class='ocrx_word' id='word_1_682' title='bbox 2547 3483 2563 3516; x_wconf 83' lang='lat'><em>=</em></span> <span class='ocrx_word' id='word_1_683' title='bbox 2583 3465 2680 3532; x_wconf 81' lang='grc' dir='ltr'><strong>τῆς</strong></span> <span class='ocrx_word' id='word_1_684' title='bbox 2704 3463 2987 3530; x_wconf 88' lang='grc' dir='ltr'><strong>πολιτείας.</strong></span> <span class='ocrx_word' id='word_1_685' title='bbox 3011 3469 3318 3522; x_wconf 61' lang='lat' dir='ltr'>Donatus.</span> <span class='ocrx_word' id='word_1_686' title='bbox 3346 3464 3417 3523; x_wconf 87' lang='grc' dir='ltr'><strong>Θ.</strong></span> <span class='ocrx_word' id='word_1_687' title='bbox 3449 3464 3538 3521; x_wconf 87' lang='lat' dir='ltr'>in·</span> 
     </span>
     <span class='ocr_line' id='line_1_90' title="bbox 2012 3548 3539 3634; baseline 0.005 -29"><span class='ocrx_word' id='word_1_688' title='bbox 2012 3560 2099 3606; x_wconf 85' lang='lat' dir='ltr'><strong>ter</strong></span> <span class='ocrx_word' id='word_1_689' title='bbox 2115 3549 2295 3607; x_wconf 89' lang='lat' dir='ltr'>lineas</span> <span class='ocrx_word' id='word_1_690' title='bbox 2313 3548 2627 3630; x_wconf 76' lang='grc' dir='ltr'><strong>ἀπαλείψας.</strong></span> <span class='ocrx_word' id='word_1_691' title='bbox 2651 3588 2711 3600; x_wconf 89' lang='grc'>-</span> <span class='ocrx_word' id='word_1_692' title='bbox 2731 3560 2807 3620; x_wconf 90' lang='grc'><strong>40</strong></span> <span class='ocrx_word' id='word_1_693' title='bbox 2826 3552 3122 3634; x_wconf 84' lang='grc' dir='ltr'><strong>κατάφορον</strong></span> <span class='ocrx_word' id='word_1_694' title='bbox 3143 3557 3215 3609; x_wconf 84' lang='lat' dir='ltr'><strong>V.</strong></span> <span class='ocrx_word' id='word_1_695' title='bbox 3250 3550 3539 3633; x_wconf 74' lang='grc' dir='ltr'><strong>κατάξηρον</strong></span> 
     </span>
     <span class='ocr_line' id='line_1_91' title="bbox 2013 3633 3357 3721; baseline 0.003 -28"><span class='ocrx_word' id='word_1_696' title='bbox 2013 3633 2137 3694; x_wconf 79' lang='grc' dir='ltr'><strong>ΔΙά.</strong></span> <span class='ocrx_word' id='word_1_697' title='bbox 2157 3634 2474 3715; x_wconf 82' lang='grc' dir='ltr'><strong>καταπύγων</strong></span> <span class='ocrx_word' id='word_1_698' title='bbox 2502 3638 2714 3698; x_wconf 86' lang='lat' dir='ltr'>dicitur</span> <span class='ocrx_word' id='word_1_699' title='bbox 2741 3639 2818 3699; x_wconf 84' lang='lat' dir='ltr'><strong>ab</strong></span> <span class='ocrx_word' id='word_1_700' title='bbox 2845 3641 3024 3701; x_wconf 87' lang='lat' dir='ltr'>Suida</span> <span class='ocrx_word' id='word_1_701' title='bbox 3042 3661 3087 3699; x_wconf 87' lang='lat' dir='ltr'><strong>s.</strong></span> <span class='ocrx_word' id='word_1_702' title='bbox 3108 3638 3357 3721; x_wconf 87' lang='grc' dir='ltr'><strong>Γρύττος.</strong></span> 
     </span>
    </p>

    <p class='ocr_par' dir='ltr' id='par_1_25' title="bbox 2090 3732 2842 3806">
     <span class='ocr_line' id='line_1_92' title="bbox 2090 3732 2842 3806; baseline 0.007 -18"><span class='ocrx_word' id='word_1_703' title='bbox 2090 3732 2228 3806; x_wconf 89' lang='grc'><strong>880,</strong></span> <span class='ocrx_word' id='word_1_704' title='bbox 2254 3736 2325 3801; x_wconf 90' lang='grc'><strong>46</strong></span> <span class='ocrx_word' id='word_1_705' title='bbox 2345 3732 2464 3801; x_wconf 72' lang='grc' dir='ltr'><strong>τοὺς</strong></span> <span class='ocrx_word' id='word_1_706' title='bbox 2488 3733 2749 3803; x_wconf 88' lang='grc' dir='ltr'><strong>τοιούτους</strong></span> <span class='ocrx_word' id='word_1_707' title='bbox 2770 3737 2842 3797; x_wconf 93' lang='grc' dir='ltr'><strong>Θ.</strong></span> 
     </span>
    </p>

    <p class='ocr_par' dir='ltr' id='par_1_26' title="bbox 2007 3829 3542 4788">
     <span class='ocr_line' id='line_1_93' title="bbox 2089 3829 3539 3909; baseline 0.004 -23"><span class='ocrx_word' id='word_1_708' title='bbox 2089 3829 2223 3903; x_wconf 91' lang='grc'><strong>882,</strong></span> <span class='ocrx_word' id='word_1_709' title='bbox 2253 3839 2327 3906; x_wconf 91' lang='grc'><strong>49</strong></span> <span class='ocrx_word' id='word_1_710' title='bbox 2350 3832 2398 3889; x_wconf 76' lang='grc' dir='ltr'>οἱ</span> <span class='ocrx_word' id='word_1_711' title='bbox 2426 3829 2485 3890; x_wconf 69' lang='grc' dir='ltr'><strong>δὲ</strong></span> <span class='ocrx_word' id='word_1_712' title='bbox 2530 3832 2787 3892; x_wconf 77' lang='grc' dir='ltr'><strong>δουλικοῦ.</strong></span> <span class='ocrx_word' id='word_1_713' title='bbox 2826 3834 3066 3905; x_wconf 81' lang='lat' dir='ltr'>Pollux,</span> <span class='ocrx_word' id='word_1_714' title='bbox 3097 3831 3460 3909; x_wconf 79' lang='lat' dir='ltr'>Hesychius,</span> <span class='ocrx_word' id='word_1_715' title='bbox 3483 3846 3539 3892; x_wconf 88' lang='lat' dir='ltr'><strong>et</strong></span> 
     </span>
     <span class='ocr_line' id='line_1_94' title="bbox 2009 3917 3542 4001; baseline 0.003 -27"><span class='ocrx_word' id='word_1_716' title='bbox 2009 3917 2420 3994; x_wconf 81' lang='lat' dir='ltr'>Etymologus,</span> <span class='ocrx_word' id='word_1_717' title='bbox 2453 3917 2870 3999; x_wconf 77' lang='grc' dir='ltr'><strong>ἀμφιμάσχαλον</strong></span> <span class='ocrx_word' id='word_1_718' title='bbox 2907 3923 3113 4001; x_wconf 79' lang='grc' dir='ltr'><strong>χιτῶνα</strong></span> <span class='ocrx_word' id='word_1_719' title='bbox 3157 3920 3542 3998; x_wconf 82' lang='lat' dir='ltr'>ingenuorum</span> 
     </span>
     <span class='ocr_line' id='line_1_95' title="bbox 2011 4005 3540 4090; baseline 0.002 -26"><span class='ocrx_word' id='word_1_720' title='bbox 2011 4006 2183 4067; x_wconf 79' lang='lat' dir='ltr'>fuisse</span> <span class='ocrx_word' id='word_1_721' title='bbox 2230 4005 2458 4078; x_wconf 87' lang='lat' dir='ltr'>dicunt,</span> <span class='ocrx_word' id='word_1_722' title='bbox 2515 4009 2942 4090; x_wconf 78' lang='grc' dir='ltr'><strong>ἑτερομάσχαλον</strong></span> <span class='ocrx_word' id='word_1_723' title='bbox 2992 4029 3134 4068; x_wconf 82' lang='lat' dir='ltr'>vero</span> <span class='ocrx_word' id='word_1_724' title='bbox 3189 4028 3489 4067; x_wconf 78' lang='lat' dir='ltr'>servorum</span> <span class='ocrx_word' id='word_1_725' title='bbox 3524 4032 3540 4067; x_wconf 70' lang='grc' dir='ltr'><strong>ε</strong></span> 
     </span>
     <span class='ocr_line' id='line_1_96' title="bbox 2009 4097 3541 4175; baseline 0.002 -23"><span class='ocrx_word' id='word_1_726' title='bbox 2009 4114 2258 4171; x_wconf 86' lang='lat' dir='ltr'>quorum</span> <span class='ocrx_word' id='word_1_727' title='bbox 2281 4097 2476 4173; x_wconf 87' lang='lat' dir='ltr'>potior</span> <span class='ocrx_word' id='word_1_728' title='bbox 2494 4097 2649 4175; x_wconf 85' lang='lat' dir='ltr'>apud</span> <span class='ocrx_word' id='word_1_729' title='bbox 2674 4117 2766 4155; x_wconf 90' lang='lat' dir='ltr'><strong>me</strong></span> <span class='ocrx_word' id='word_1_730' title='bbox 2792 4110 2878 4156; x_wconf 81' lang='lat' dir='ltr'><strong>est</strong></span> <span class='ocrx_word' id='word_1_731' title='bbox 2898 4097 3228 4155; x_wconf 85' lang='lat' dir='ltr'>auctoritas.</span> <span class='ocrx_word' id='word_1_732' title='bbox 3263 4101 3541 4155; x_wconf 81' lang='lat' dir='ltr'>Praeterea</span> 
     </span>
     <span class='ocr_line' id='line_1_97' title="bbox 2007 4180 3536 4265; baseline 0.001 -27"><span class='ocrx_word' id='word_1_733' title='bbox 2007 4200 2082 4238; x_wconf 82' lang='lat' dir='ltr'><strong>ex</strong></span> <span class='ocrx_word' id='word_1_734' title='bbox 2105 4180 2217 4238; x_wconf 87' lang='lat' dir='ltr'><strong>hoc</strong></span> <span class='ocrx_word' id='word_1_735' title='bbox 2239 4181 2369 4258; x_wconf 88' lang='lat' dir='ltr'>ipso</span> <span class='ocrx_word' id='word_1_736' title='bbox 2390 4182 2522 4240; x_wconf 90' lang='lat' dir='ltr'>loco</span> <span class='ocrx_word' id='word_1_737' title='bbox 2542 4183 2763 4241; x_wconf 88' lang='lat' dir='ltr'>Comici</span> <span class='ocrx_word' id='word_1_738' title='bbox 2785 4196 2978 4261; x_wconf 86' lang='lat' dir='ltr'>patet,</span> <span class='ocrx_word' id='word_1_739' title='bbox 3006 4181 3419 4265; x_wconf 79' lang='grc' dir='ltr'><strong>ἀμφιμάσχαλον</strong></span> <span class='ocrx_word' id='word_1_740' title='bbox 3445 4205 3536 4261; x_wconf 77' lang='grc' dir='ltr'><strong>χι·</strong></span> 
     </span>
     <span class='ocr_line' id='line_1_98' title="bbox 2007 4269 3539 4349; baseline 0.003 -23"><span class='ocrx_word' id='word_1_741' title='bbox 2007 4271 2149 4327; x_wconf 80' lang='grc' dir='ltr'><strong>τῶνα</strong></span> <span class='ocrx_word' id='word_1_742' title='bbox 2186 4269 2362 4328; x_wconf 83' lang='lat' dir='ltr'>fuisse</span> <span class='ocrx_word' id='word_1_743' title='bbox 2391 4270 2690 4329; x_wconf 90' lang='lat' dir='ltr'>hominum</span> <span class='ocrx_word' id='word_1_744' title='bbox 2727 4271 3043 4331; x_wconf 88' lang='lat' dir='ltr'>liberorum</span> <span class='ocrx_word' id='word_1_745' title='bbox 3087 4284 3399 4349; x_wconf 84' lang='lat' dir='ltr'>gestamen.</span> <span class='ocrx_word' id='word_1_746' title='bbox 3440 4276 3539 4331; x_wconf 86' lang='lat' dir='ltr'><strong>Est</strong></span> 
     </span>
     <span class='ocr_line' id='line_1_99' title="bbox 2008 4356 3540 4439; baseline 0.003 -26"><span class='ocrx_word' id='word_1_747' title='bbox 2008 4368 2199 4415; x_wconf 87' lang='lat' dir='ltr'>autem</span> <span class='ocrx_word' id='word_1_748' title='bbox 2241 4356 2656 4439; x_wconf 78' lang='grc' dir='ltr'><strong>ἀμφιμάσχαλος</strong></span> <span class='ocrx_word' id='word_1_749' title='bbox 2700 4356 2864 4438; x_wconf 85' lang='grc' dir='ltr'><strong>χιτὼν</strong></span> <span class='ocrx_word' id='word_1_750' title='bbox 2890 4360 3086 4418; x_wconf 87' lang='lat' dir='ltr'>tunica</span> <span class='ocrx_word' id='word_1_751' title='bbox 3118 4359 3409 4436; x_wconf 89' lang='lat' dir='ltr'>utrimque</span> <span class='ocrx_word' id='word_1_752' title='bbox 3437 4360 3540 4418; x_wconf 80' lang='lat' dir='ltr'>ha·-</span> 
     </span>
     <span class='ocr_line' id='line_1_100' title="bbox 2008 4442 3539 4524; baseline 0.002 -23"><span class='ocrx_word' id='word_1_753' title='bbox 2008 4442 2153 4502; x_wconf 90' lang='lat' dir='ltr'>bens</span> <span class='ocrx_word' id='word_1_754' title='bbox 2173 4446 2423 4504; x_wconf 86' lang='lat' dir='ltr'>manicas</span> <span class='ocrx_word' id='word_1_755' title='bbox 2442 4467 2457 4504; x_wconf 86' lang='lat'>:</span> <span class='ocrx_word' id='word_1_756' title='bbox 2476 4465 2593 4524; x_wconf 91' lang='lat' dir='ltr'><strong>qua</strong></span> <span class='ocrx_word' id='word_1_757' title='bbox 2627 4447 2701 4506; x_wconf 90' lang='lat' dir='ltr'><strong>de</strong></span> <span class='ocrx_word' id='word_1_758' title='bbox 2730 4467 2792 4506; x_wconf 88' lang='lat' dir='ltr'><strong>re</strong></span> <span class='ocrx_word' id='word_1_759' title='bbox 2824 4467 2881 4505; x_wconf 81' lang='lat' dir='ltr'><strong>v.</strong></span> <span class='ocrx_word' id='word_1_760' title='bbox 2916 4467 3047 4524; x_wconf 76' lang='lat' dir='ltr'><strong>quae</strong></span> <span class='ocrx_word' id='word_1_761' title='bbox 3075 4446 3309 4523; x_wconf 87' lang='lat' dir='ltr'>collegit</span> <span class='ocrx_word' id='word_1_762' title='bbox 3342 4451 3539 4504; x_wconf 83' lang='lat' dir='ltr'>Meur-</span> 
     </span>
     <span class='ocr_line' id='line_1_101' title="bbox 2009 4531 3542 4615; baseline 0.001 -25"><span class='ocrx_word' id='word_1_763' title='bbox 2009 4532 2126 4590; x_wconf 87' lang='lat' dir='ltr'>sius</span> <span class='ocrx_word' id='word_1_764' title='bbox 2150 4532 2222 4590; x_wconf 91' lang='lat' dir='ltr'><strong>ad</strong></span> <span class='ocrx_word' id='word_1_765' title='bbox 2253 4532 2542 4611; x_wconf 85' lang='lat' dir='ltr'>Lycophr.</span> <span class='ocrx_word' id='word_1_766' title='bbox 2565 4553 2616 4592; x_wconf 79' lang='lat' dir='ltr'><strong>v.</strong></span> <span class='ocrx_word' id='word_1_767' title='bbox 2644 4555 2667 4593; x_wconf 88' lang='lat'>1</span> <span class='ocrx_word' id='word_1_768' title='bbox 2686 4553 2807 4593; x_wconf 89' lang='grc'><strong>100.</strong></span> <span class='ocrx_word' id='word_1_769' title='bbox 2844 4540 3025 4594; x_wconf 79' lang='lat' dir='ltr'>Rus-r.</span> <span class='ocrx_word' id='word_1_770' title='bbox 3044 4571 3108 4584; x_wconf 94' lang='lat'>-</span> <span class='ocrx_word' id='word_1_771' title='bbox 3129 4534 3204 4592; x_wconf 87' lang='grc'><strong>50</strong></span> <span class='ocrx_word' id='word_1_772' title='bbox 3247 4531 3417 4615; x_wconf 78' lang='grc' dir='ltr'><strong>ἔτερος</strong></span> <span class='ocrx_word' id='word_1_773' title='bbox 3447 4556 3542 4609; x_wconf 85' lang='grc' dir='ltr'><strong>μα-</strong></span> 
     </span>
     <span class='ocr_line' id='line_1_102' title="bbox 2010 4618 3538 4703; baseline 0.001 -24"><span class='ocrx_word' id='word_1_774' title='bbox 2010 4619 2232 4699; x_wconf 77' lang='grc' dir='ltr'><strong>σχαλδς,</strong></span> <span class='ocrx_word' id='word_1_775' title='bbox 2267 4622 2336 4678; x_wconf 86' lang='grc'><strong>51</strong></span> <span class='ocrx_word' id='word_1_776' title='bbox 2376 4618 2514 4699; x_wconf 80' lang='grc' dir='ltr'><strong>ἔχων</strong></span> <span class='ocrx_word' id='word_1_777' title='bbox 2547 4623 2617 4683; x_wconf 92' lang='grc' dir='ltr'><strong>Θ.</strong></span> <span class='ocrx_word' id='word_1_778' title='bbox 2639 4622 2801 4681; x_wconf 89' lang='lat' dir='ltr'>Libri</span> <span class='ocrx_word' id='word_1_779' title='bbox 2835 4621 3085 4703; x_wconf 85' lang='grc' dir='ltr'><strong>χειρίδας.</strong></span> <span class='ocrx_word' id='word_1_780' title='bbox 3105 4658 3170 4673; x_wconf 87' lang='lat'><strong>-—</strong></span> <span class='ocrx_word' id='word_1_781' title='bbox 3189 4622 3265 4680; x_wconf 86' lang='grc'><strong>52</strong></span> <span class='ocrx_word' id='word_1_782' title='bbox 3293 4623 3397 4680; x_wconf 81' lang='grc' dir='ltr'><strong>τῶν</strong></span> <span class='ocrx_word' id='word_1_783' title='bbox 3428 4644 3538 4697; x_wconf 76' lang='grc' dir='ltr'><strong>μα-</strong></span> 
     </span>
     <span class='ocr_line' id='line_1_103' title="bbox 2011 4707 2661 4788; baseline 0.002 -21"><span class='ocrx_word' id='word_1_784' title='bbox 2011 4709 2223 4787; x_wconf 82' lang='grc' dir='ltr'><strong>σχαλῶν</strong></span> <span class='ocrx_word' id='word_1_785' title='bbox 2243 4707 2561 4788; x_wconf 65' lang='grc' dir='ltr'><strong>ἑκατέρωθεν</strong></span> <span class='ocrx_word' id='word_1_786' title='bbox 2589 4714 2661 4768; x_wconf 88' lang='lat' dir='ltr'><strong>V.</strong></span> 
     </span>
    </p>

    <p class='ocr_par' dir='ltr' id='par_1_27' title="bbox 2090 4802 3067 4885">
     <span class='ocr_line' id='line_1_104' title="bbox 2090 4802 3067 4885; baseline 0.004 -25"><span class='ocrx_word' id='word_1_787' title='bbox 2090 4805 2226 4877; x_wconf 85' lang='lat'><strong>888,</strong></span> <span class='ocrx_word' id='word_1_788' title='bbox 2245 4804 2340 4863; x_wconf 82' lang='lat' dir='ltr'><strong>fin.</strong></span> <span class='ocrx_word' id='word_1_789' title='bbox 2373 4807 2488 4883; x_wconf 80' lang='grc' dir='ltr'><strong>ἀγν.</strong></span> <span class='ocrx_word' id='word_1_790' title='bbox 2514 4805 2633 4885; x_wconf 83' lang='grc' dir='ltr'><strong>περὶ</strong></span> <span class='ocrx_word' id='word_1_791' title='bbox 2659 4802 2821 4883; x_wconf 68' lang='grc' dir='ltr'><strong>μέθην</strong></span> <span class='ocrx_word' id='word_1_792' title='bbox 2847 4812 2920 4866; x_wconf 91' lang='lat' dir='ltr'><strong>V.</strong></span> <span class='ocrx_word' id='word_1_793' title='bbox 2941 4807 3067 4864; x_wconf 81' lang='lat' dir='ltr'><strong>Ald.</strong></span> 
     </span>
    </p>
   </div>
   <div class='ocr_carea' id='block_1_15' title="bbox 2013 4903 3536 5073">
    <p class='ocr_par' dir='ltr' id='par_1_28' title="bbox 2013 4903 3536 5073">
     <span class='ocr_line' id='line_1_105' title="bbox 2092 4903 3534 4985; baseline 0.001 -26"><span class='ocrx_word' id='word_1_794' title='bbox 2092 4903 2204 4978; x_wconf 92' lang='grc'><strong>894</strong></span> <span class='ocrx_word' id='word_1_795' title='bbox 2255 4904 2413 4961; x_wconf 88' lang='lat' dir='ltr'>uncis</span> <span class='ocrx_word' id='word_1_796' title='bbox 2449 4904 2667 4962; x_wconf 88' lang='lat' dir='ltr'>inclusa</span> <span class='ocrx_word' id='word_1_797' title='bbox 2710 4903 2885 4963; x_wconf 86' lang='lat' dir='ltr'>habet</span> <span class='ocrx_word' id='word_1_798' title='bbox 2930 4903 3138 4964; x_wconf 85' lang='lat' dir='ltr'>Suidas</span> <span class='ocrx_word' id='word_1_799' title='bbox 3186 4925 3230 4962; x_wconf 77' lang='lat' dir='ltr'>s·</span> <span class='ocrx_word' id='word_1_800' title='bbox 3277 4903 3534 4985; x_wconf 83' lang='grc' dir='ltr'><strong>Σίλφιον,</strong></span> 
     </span>
     <span class='ocr_line' id='line_1_106' title="bbox 2013 4989 3536 5073; baseline 0.003 -27"><span class='ocrx_word' id='word_1_801' title='bbox 2013 4989 2225 5047; x_wconf 87' lang='lat' dir='ltr'>omittit</span> <span class='ocrx_word' id='word_1_802' title='bbox 2261 5011 2330 5064; x_wconf 82' lang='lat'><strong>27</strong></span> <span class='ocrx_word' id='word_1_803' title='bbox 2361 4995 2389 5051; x_wconf 85' lang='grc' dir='ltr'><strong>ὁ</strong></span> <span class='ocrx_word' id='word_1_804' title='bbox 2414 4989 2738 5060; x_wconf 82' lang='grc' dir='ltr'><strong>Ἀπόλλωνος</strong></span> <span class='ocrx_word' id='word_1_805' title='bbox 2780 4991 2869 5052; x_wconf 70' lang='grc' dir='ltr'><strong>καὶ</strong></span> <span class='ocrx_word' id='word_1_806' title='bbox 2899 4990 3160 5073; x_wconf 80' lang='grc' dir='ltr'><strong>Κυρήνης.</strong></span> <span class='ocrx_word' id='word_1_807' title='bbox 3187 4993 3260 5051; x_wconf 90' lang='grc' dir='ltr'><strong>Θ.</strong></span> <span class='ocrx_word' id='word_1_808' title='bbox 3283 4995 3312 5050; x_wconf 80' lang='grc' dir='ltr'>ὁ</span> <span class='ocrx_word' id='word_1_809' title='bbox 3341 4990 3536 5053; x_wconf 80' lang='grc' dir='ltr'><strong>Ἀπόλ-</strong></span> 
     </span>
    </p>
   </div>
  </div>
 </body>
</html>
