3859 5725
37 572 69 898 &unu

1782 223 2026 288 PACIS.
2241 279 2252 284 ,
3365 221 3480 276 465

347 388 378 419 ιι
400 373 576 435 recte,
600 360 649 419 si
679 357 814 428 ὄζειν
840 354 995 416 αὖτόν
1025 355 1373 415 scribatur.»
1401 356 1729 432 Duru-..39
1750 366 1882 432 post
1968 376 2060 411 ται
2091 353 2233 412 ibid.
2284 354 2419 426 281,
2465 364 2523 410 et
2557 351 2619 410 in
2668 352 2851 411 schol.
2891 351 3048 412 Nub.
3091 355 3255 411 1216.
3302 358 3486 413 Dum.

352 449 495 531 αότῷ
512 448 673 508 addit
687 451 754 506 V.
781 444 816 516 ἢ
835 444 922 503 καὶ
950 445 1021 510 ὥς
1042 439 1351 527 βυρσοπόαις
1368 443 1495 523 (scr.
1518 439 1883 524 βυρσοπώλης)

351 542 487 594 πνεῖ.
516 573 596 588 --
626 543 702 608 40
726 529 965 657 fundet-2929
989 529 1167 612 ὥσπερ
1191 531 1286 589 οὐκ
1311 528 1412 588 ἔδει
1438 529 1624 612 φήσειν
1653 533 1721 588 V.

432 675 592 744 46111
618 678 690 731 V.
720 673 901 742 ἐλληνι
931 692 966 729 α
994 666 1086 728 ἰὼν
1115 672 1347 750 ἀρχαῖος.
1378 673 1512 728 Om.
1537 673 1606 729 G.

437 763 543 834 48,
577 762 652 818 52
688 777 774 837 sq.
798 756 1022 818 ἀπέθανε
1048 754 1149 838 γὰρ
1184 761 1214 814 ὁ
1238 761 1308 816 R.
1333 801 1398 815 ...
1426 757 1497 813 53
1527 755 1737 832 λέγεται
1767 774 1881 812 om.

353 851 424 906 V.
452 848 924 928 ἡτῶνάνδρῶνκ.
952 849 1024 903 R.
1054 875 1129 890 -
1167 837 1885 914 §qadditAldAfl-:bdffl-

356 932 526 1013 ξυσμα
553 937 656 993 τῶν
688 936 893 1015 βυρσῶν
915 930 979 990 τὸ
1004 930 1190 1012 μικρὸν
1207 976 1224 1004 ,
1265 929 1295 990 8
1321 929 1637 989 ἐκβάλλεται
1655 928 1758 986 ὑπὸ
1777 932 1883 986 τῶν

353 1021 608 1081 σκυτέων.
643 1053 714 1067 -—
751 1042 783 1093 ⁰7
813 1018 1002 1091 πάπλη
1029 1016 1085 1075 δὲ
1105 1018 1308 1076 codex.
1333 1018 1493 1076 Idem
1520 1019 1590 1074 13
1609 1014 1803 1096 ἠνόρει.

435 1110 533 1185 59,
564 1112 634 1167 16
661 1107 722 1166 τὸ
739 1107 895 1189 σάρον
922 1105 1357 1187 τὸκοσμητήριον
1385 1110 1456 1164 R.
1480 1151 1544 1163 ....
1576 1126 1643 1178 17
1671 1103 1732 1163 τὸ
1749 1106 1884 1174 πλῆ-

353 1198 441 1262 θος
456 1216 573 1256 om.
602 1201 674 1254 G.
699 1200 834 1254 Post
855 1193 1033 1276 ρύπων
1058 1194 1220 1253 addit
1238 1200 1310 1252 V.
1328 1201 1500 1252 πᾶσαι
1516 1191 1645 1252 ποτὲ
1670 1192 1886 1271 (τί-ποτε

354 1283 451 1360 G.)
481 1274 569 1341 οὗν
604 1272 650 1341 ὦ
677 1285 799 1342 Ζεῦ.
825 1281 887 1342 τὸ
915 1282 972 1341 δὲ
1004 1280 1147 1364 κόρει
1170 1280 1286 1340 ἀντὶ
1306 1286 1418 1339 τοῦ.
1447 1326 1509 1339 ...
1544 1282 1615 1338 18
1643 1279 1704 1339 τὸ
1730 1276 1785 1339 δὲ
1810 1276 1884 1356 μὴ

351 1368 495 1451 κόριι
516 1370 645 1429 Ald.
670 1376 872 1430 παῦσαι
900 1370 1121 1428 addidit
1144 1369 1506 1441 madon-lius,
1534 1388 1605 1427 ex
1634 1377 1802 1426 πᾶσαι
1825 1367 1892 1423 in⁴

352 1457 544 1515 verbis
574 1457 790 1517 codicis
822 1460 1029 1517 Veneti
1058 1460 1426 1516 memoratis:
1453 1484 1475 1508 e«
1497 1456 1707 1515 deinde
1723 1458 1886 1513 ποιῶν

353 1557 564 1623 praeter
584 1539 812 1604 codices
838 1546 1008 1604 etiam
1032 1546 1234 1604 suidas
1267 1565 1312 1601 S.
1342 1542 1590 1623 Κόρημα.
1620 1542 1887 1602 Aldinnm

351 1629 430 1712 μὴ
450 1631 590 1692 ποίει
614 1633 688 1692 ab
716 1654 786 1692 eo
809 1635 1062 1712 positum
1090 1633 1297 1710 estqui
1318 1652 1437 1690 non
1456 1631 1888 1689 animadvertis-

354 1732 443 1778 set
486 1722 891 1800 imperativum
929 1726 1133 1780 παῦσαι
1171 1720 1486 1789 excidisse,
1541 1739 1659 1796 quo
1699 1718 1890 1777 Suidae

354 1825 588 1888 quoque
618 1808 805 1867 codex
834 1809 1035 1867 caruit.
1053 1835 1079 1862 u
1105 1854 1170 1866 -.
1202 1830 1273 1884 19
1303 1805 1394 1867 καὶ
1427 1819 1486 1865 et
1515 1827 1588 1865 20
1615 1830 1717 1866 που
1749 1805 1839 1865 καὶ
1861 1809 1889 1866 δ

354 1916 470 1955 om.
499 1901 573 1957 V.
596 1896 850 1963 πολλάκις
872 1917 988 1956 om.
1008 1896 1218 1957 Suidas
1232 1940 1251 1969 ,
1286 1920 1310 1946 κ
1327 1907 1482 1953 recte
1497 1938 1514 1967 ,
1547 1906 1739 1953 ortum
1761 1895 1887 1953 for-

354 1998 502 2048 tasse
533 2004 607 2043 ex
626 1986 986 2064 praecedente
1002 2007 1104 2043 που
1127 1983 1218 2044 καί
1228 2011 1275 2056 υ,
1287 1983 1558 2042 Dindorf.
1583 2029 1644 2044 ..
1674 2005 1741 2042 21
1774 1987 1891 2062 βου-

352 2071 571 2148 λόμενος
600 2072 696 2130 hic
734 2076 833 2143 R„
867 2085 1000 2150 post
1032 2069 1320 2130 ἀπολέσθαι
1354 2076 1419 2130 V.
1448 2115 1513 2127 ....
1542 2090 1614 2127 22
1655 2077 1893 2146 σημᾶναι

352 2159 705 2222 Dindorfms.
740 2158 988 2237 σημαίνει
1009 2164 1078 2217 R.
1107 2158 1374 2236 συμὸᾶναι
1407 2162 1477 2216 V.
1517 2157 1783 2235 συμὸἧναι
1816 2162 1888 2214 G.

434 2248 541 2321 62,
583 2247 656 2304 23
682 2237 816 2326 Ἆρα
840 2246 893 2305 τί
913 2248 1099 2326 διανοῇ
1131 2250 1202 2306 V.
1227 2246 1351 2303 Md.
1373 2291 1440 2304 ....
1464 2265 1538 2318 27
1562 2253 1801 2327 τρυγαῖος
1819 2249 1888 2303 R.

356 2333 514 2398 idem
532 2337 627 2405 τῆς
652 2331 882 2415 πρώτης.

435 2422 512 2479 63
529 2465 545 2494 ,
582 2422 655 2491 34
683 2419 774 2479 καὶ
800 2418 1055 2503 ἀφανίσας
1081 2440 1200 2481 om.
1237 2424 1306 2478 V.
1330 2463 1395 2477 ...
1419 2418 1493 2477 35
1522 2418 1890 2478 ὶκὸαλλουσῶν

354 2513 429 2572 R.
469 2521 533 2568 et
559 2508 765 2568 Suidas
787 2528 833 2567 ε.
857 2505 1225 2575 Ἐκκοκκίσας.
1255 2506 1447 2568 ceteri
1470 2504 1886 2587 καθαιρομένων.

355 2648 417 2662 .-
443 2604 518 2661 38
538 2602 826 2687 πρέποντος
848 2617 907 2662 et
926 2607 959 2663 ὃ
980 2605 1151 2684 Τρυγ.
1178 2608 1250 2662 V.

437 2703 536 2774 65,
568 2714 642 2772 4²
669 2701 829 2779 μανίη
855 2701 982 2760 Ald.
1003 2713 1063 2759 et
1088 2706 1180 2774 V.,
1212 2713 1276 2759 ut
1293 2700 1548 2759 videtur.

434 2791 548 2865 68,
577 2791 651 2860 45
674 2791 806 2850 Ald.
835 2791 985 2862 δηλοῖ
1005 2793 1083 2870 τῷ
1108 2788 1273 2848 θέλειν
1300 2786 1543 2871 κανθάρῳ
1576 2789 1650 2853 εἷς
1679 2786 1774 2854 τὰς
1798 2791 1890 2846 τοῦ

355 2879 480 2947 Διὸς
501 2882 666 2939 ἐλθεῖν
689 2879 870 2945 αὐλάς.
913 2884 983 2938 V.
1015 2881 1164 2959 ἀρκεῖ
1189 2876 1314 2960 γὰρ.
1342 2922 1409 2935 -.
1437 2886 1507 2951 47
1543 2877 1632 2937 τὸν
1664 2896 1783 2936 om.
1820 2883 1889 2937 R.

356 2976 518 3044 ...49
544 2971 636 3026 τοῦ
655 2968 872 3047 οὐρανοῦ
893 2970 966 3024 V.
998 2987 1115 3023 nou
1136 2970 1209 3024 G.

440 3084 534 3137 70,
556 3064 629 3121 53
655 3083 739 3140 sq.
761 3062 845 3119 sic
870 3062 932 3119 in
956 3068 1024 3118 R.
1047 3104 1065 3133 ‚
1094 3057 1156 3118 τὸ
1185 3067 1299 3126 ταῖς
1335 3056 1490 3138 χερσὶ
1516 3055 1607 3117 καὶ
1634 3064 1745 3123 τοῖς
1765 3055 1890 3115 ποσὶ

361 3148 663 3228 βιαζόμενον
694 3150 765 3214 εἰς
791 3145 918 3228 ὕψος
945 3143 1243 3203 ἀναὸαίνειν
1275 3146 1657 3223 ἀναρριχᾶσθαι
1685 3140 1884 3220 ἔλεγον.

357 3286 419 3299 ...
446 3259 480 3296 2
503 3240 623 3320 ἅρρ.
654 3236 688 3297 ὅ
710 3240 823 3297 ἔστι
845 3258 896 3295 κ.
923 3241 994 3295 R.
1029 3280 1095 3294 ...
1120 3237 1156 3291 6
1176 3256 1263 3313 sq.
1303 3232 1450 3313 παρὰ
1471 3232 1608 3292 τὸ..
1626 3234 1884 3314 ἀραχνιῶ.

360 3326 546 3403 Hujus
601 3325 961 3402 etymologiae
1007 3323 1191 3402 gratia
1246 3322 1603 3399 grammatici
1656 3320 1888 3397 quidam

359 3414 705 3494 Ξναριχᾶσθαι
728 3412 977 3490 simplici
997 3434 1026 3492 ρ
1051 3410 1226 3468 scribi
1241 3411 1556 3487 jusserunt.
1582 3408 1888 3486 Phrynich.

362 3500 415 3557 'n
452 3502 627 3558 Bekk.
663 3499 882 3557 Anecd.
926 3519 986 3577 p.
1038 3518 1141 3573 19,
1182 3498 1257 3555 25
1286 3520 1301 3554 :
1336 3497 1685 3577 ἀναριχᾶσθαι
1708 3518 1723 3553 :
1750 3493 1888 3554 πάνυ

360 3582 566 3657 Ἀττικὴ
601 3588 637 3656 ἡ
678 3584 844 3667 φωνή.
885 3584 1133 3662 σημαίνει
1170 3582 1229 3642 δὲ
1268 3581 1330 3640 τὸ
1374 3590 1479 3649 τοῖς
1512 3580 1637 3641 ποσὶ
1664 3580 1757 3640 καὶ
1776 3590 1890 3650 ταῖς

363 3673 535 3755 χερσὶν
559 3672 901 3752 ἀντεχόμενον
923 3671 1249 3744 ἀναὸαίνειν,
1283 3660 1388 3729 οἷον
1415 3669 1727 3752 ἀνέρποντα.
1753 3670 1803 3728 οἱ
1834 3667 1890 3727 δὲ

359 3761 447 3819 δύο
498 3784 558 3841 ρρ
596 3760 877 3840 γράφοντες
926 3758 1303 3842 ἁμαρτάνουσι.
1356 3757 1483 3816 Vid.
1542 3762 1765 3817 Hemst.
1818 3757 1891 3815 ad

356 3847 569 3909 Thom.
594 3852 677 3904 Μ.
704 3867 763 3925 ρ.
791 3846 1077 3906 61.Verbi
1098 3847 1372 3925 simplicis
1390 3847 1661 3926 ἀριχῶμαι
1687 3856 1890 3902 testem

356 3935 778 4013 Hipponactem
830 3946 1111 3992 memorat
1154 3938 1345 4010 Etym.
1399 3939 1485 3992 M.
1538 3954 1598 4011 p.
1637 3954 1743 4010 99,
1794 3955 1890 4007 20,

356 4022 781 4100 compositique
795 4022 1175 4101 ἀναρριχᾶσθαι
1189 4021 1590 4097 imperfectum
1607 4041 1725 4079 non
1737 4027 1894 4103 ἠναρ-

357 4109 628 4192 ριχώμην,
672 4108 772 4166 sed
804 4106 1183 4187 ἀνηρριχώμην
1224 4108 1465 4188 formari
1504 4108 1695 4166 tradit.
1742 4110 1892 4168 Mihi

356 4196 717 4275 probabilius
738 4194 966 4253 videtur
988 4196 1229 4268 Atticos,
1251 4196 1409 4253 nulla
1425 4193 1620 4253 habita
1642 4193 1890 4255 obsoleti

354 4284 518 4343 istius
539 4284 811 4364 ἀριχῶμαι
838 4283 1082 4358 ratione,
1111 4282 1496 4361 ἀναρριχᾶσθαι
1520 4293 1579 4339 et
1607 4282 1893 4362 ἀνερριχώ-

355 4394 463 4450 μην
484 4370 719 4428 dixisse.
739 4374 922 4427 Dum.
947 4370 1065 4442 Qui
1081 4370 1423 4445 scripturam
1436 4370 1642 4427 Veneti
1658 4369 1892 4450 ἀραχνίω

353 4460 606 4518 correxit
634 4480 707 4517 ex
726 4462 917 4534 Etym.
946 4462 1028 4518 M.
1044 4499 1062 4529 ,
1091 4456 1193 4515 ubi
1219 4455 1581 4515 Herodianus
1603 4458 1657 4515 ἐν
1676 4462 1753 4538 τῷ
1771 4457 1892 4540 περὶ

350 4546 535 4604 παθῶν
563 4546 792 4603 citatur.
816 4587 880 4600 -.
914 4565 934 4602 1
954 4565 976 4602 1
1007 4545 1291 4613 καθολικῆς
1316 4547 1388 4601 V.
1422 4545 1701 4614 καθολικῆς
1721 4566 1891 4624 προσ-

354 4632 516 4714 ῳδίας
568 4637 641 4691 G.
680 4676 745 4690 ...
803 4651 871 4688 12
911 4629 1086 4709 ἔλεγεν
1127 4635 1201 4689 V.
1234 4676 1298 4689 ...
1340 4628 1408 4688 ι3
1449 4632 1798 4712 ἀναρριχᾶται
1837 4630 1892 4691 δὲ

354 4719 535 4800 ὥσπερ
552 4718 771 4791 πίθηκος
789 4718 996 4779 Suidas
1014 4740 1058 4777 s,
1087 4718 1475 4798 Ἀνερριχῶντο.
1496 4761 1559 4774 ....
1586 4739 1605 4774 1
1621 4716 1653 4774 5
1680 4716 1891 4800 ἐναρτία

356 4804 415 4867 δὲ
429 4809 487 4865 λε
512 4802 673 4887 (λέγει
706 4805 809 4885 G.)
834 4812 906 4864 V.
934 4806 1173 4866 Correxi
1194 4806 1418 4885 ἐναργεῑ,
1440 4816 1505 4863 ut
1524 4805 1692 4862 estin
1712 4805 1889 4863 schol.

2052 450 2123 522 73
2139 493 2157 522 ,
2184 469 2257 521 ²7
2285 447 2543 530 Ἡρακλεῖ
2562 449 2634 528 τῷ
2652 447 2738 506 ἐπὶ
2766 446 2853 507 τὸν
2879 451 3142 529 ζωστῆρα,
3167 468 3378 508 nomen
3402 449 3494 510 fa-

1968 535 2118 596 bulae
2139 534 2373 595 aliunde
2399 556 2516 594 non
2549 536 2864 613 cognitum.
2893 537 3239 614 Intelligitur
3261 540 3493 596 Hercu-

1971 624 2052 682 les
2080 643 2281 682 zonam
2321 623 2654 702 Hippolytae
2682 625 2985 700 petiturus.
3016 623 3363 705 Πυγμαρίωνι
3394 621 3496 704 (sic

1972 715 2045 769 V.
2069 724 2128 770 et
2143 710 2258 789 G.),
2279 730 2487 769 nomen
2505 723 2853 788 suspectum,
2872 711 3034 787 cujus
3045 731 3153 790 ego
3172 712 3306 770 satis
3323 711 3495 770 habui

1977 799 2438 860 terminationem
2461 798 2780 858 correxisse
2809 799 2974 856 metri
3010 798 3238 858 indicio.
3273 799 3498 870 Quodsi

1977 883 2301 969 Πυγμαρίων
2340 899 2495 944 recte
2535 885 2769 963 scripsi,
2809 885 3259 964 comparandum
3289 906 3499 946 nomen

1975 972 2321 1052 Πυγμαλίων.
2342 973 2514 1032 Dind.
2537 1019 2602 1032 ...
2625 974 2699 1031 28
2719 971 3019 1052 λοχαγωγὸς
3040 978 3112 1030 G.
3140 971 3499 1034 Probabilius

1978 1062 2208 1122 videtur
2242 1061 2545 1121 Dindorfio
2583 1051 2646 1132 ἦν
2682 1065 2786 1119 τῶν
2806 1083 2857 1118 κ.
2879 1062 2996 1131 Qui
3022 1061 3089 1118 31
3119 1064 3291 1119 πονῶν
3317 1063 3502 1120 corri-

1977 1149 2226 1227 gendum
2246 1170 2367 1207 esse
2390 1161 2570 1226 putat.
2599 1193 2664 1205 ...
2694 1150 2766 1206 32
2788 1148 2905 1206 ἀλλ’
2925 1143 3042 1205 οὐδὲ
3067 1153 3129 1205 V.
3151 1153 3395 1207 Mettum
3416 1162 3503 1208 est

1976 1238 2399 1314 anapaesticum.
2415 1243 2550 1296 Post
2565 1236 2817 1318 κάνθαρος
2832 1236 3048 1294 excidit
3070 1227 3222 1303 οὗτος
3235 1238 3326 1295 vel
3344 1236 3501 1298 ἐστίν.

1976 1330 2156 1383 Dum.
2191 1371 2256 1383 ....
2280 1325 2353 1392 34
2383 1322 2524 1383 πάνυ
2549 1324 2890 1382 Meinekius.
2924 1323 3117 1382 Codex
3137 1323 3322 1387 πάλαι.
3343 1369 3407 1384 ...
3429 1326 3503 1384 35

1976 1411 2089 1471 ὅθεν
2125 1409 2427 1494 τρέφεσθαι.
2453 1411 2735 1488 Reliquiae
2760 1413 3070 1470 tetrametri
3095 1414 3418 1490 anapaestici
3446 1413 3505 1471 in

1975 1499 2211 1557 brevius
2227 1500 2509 1557 contracti
2527 1499 2616 1556 vel
2638 1497 2711 1556 ab
2727 1499 3029 1557 scholiasta
3043 1499 3132 1556 vel
3152 1498 3224 1556 ab
3241 1499 3506 1559 librariiS.
3575 1501 3590 1554 ’ἰ

1976 1584 2162 1637 Dum.
2198 1624 2265 1637 ...,
2301 1578 2374 1634 36
2402 1574 2551 1653 λόγος
2584 1575 2724 1634 ἐστὶν
2757 1582 2826 1636 V.
2864 1578 3130 1636 Correxit
3168 1580 3506 1637 Meinekius.

2062 1675 2157 1747 76,
2187 1683 2264 1750 49
2290 1669 2596 1753 Εὐριπίδου.
2628 1673 2689 1730 ἐκ
2708 1681 3002 1755 μεταφορᾶς
3039 1677 3132 1731 τοῦ
3163 1671 3418 1752 Πηγάσου
3437 1679 3508 1734 R.

1979 1759 2351 1838 sequentibus
2384 1759 2629 1817 omissis.

2060 1862 2157 1932 78,
2184 1860 2218 1915 3
2246 1854 2499 1917 Βούλεται
2517 1876 2631 1915 om.
2655 1861 2725 1915 V.

2059 1956 2164 2028 80,
2197 1954 2232 2010 8
2268 1951 2439 2033 αἰώρα
2464 1953 2587 2010 haec
2615 1950 2878 2010 machina
2905 1950 3118 2011 dicitur
3137 1973 3171 2011 a
3190 1955 3422 2013 Polluce
3451 1965 3509 2029 4,

1988 2064 2005 2099 1
2022 2063 2115 2115 27.
2146 2085 2208 2099 ..
2237 2062 2275 2117 9
2301 2040 2590 2106 πολοῦντας
2612 2038 2820 2099 Suidas
2841 2059 2884 2096 s.
2909 2038 3190 2120 Ἐώρημα.

2061 2145 2164 2215 82,
2196 2140 2376 2213 17-23
2404 2159 2520 2198 om.
2547 2144 2618 2198 G.
2647 2183 2711 2196 -.
2744 2158 2810 2210 ¹7
2838 2137 3193 2210 ἀναπαιστικὴ
3213 2183 3229 2211 ,
3271 2141 3339 2199 ι8
3362 2139 3512 2200 ἐννέα

1979 2225 2071 2288 καὶ
2093 2224 2378 2308 τριάκοντα
2402 2222 2610 2306 μέτρον,
2638 2244 2707 2282 21
2733 2227 2838 2283 τῶν
2862 2225 3138 2308 μετεώρων
3158 2232 3230 2288 V.
3245 2272 3312 2286 ....
3330 2230 3510 2297 α4-36

1980 2313 2279 2392 legebatur
2306 2309 2538 2392 ἀτρέμας
2580 2332 2674 2388 μοι
2702 2310 2897 2386 πέτου,
2923 2302 2968 2371 ὦ
2996 2313 3242 2394 κάνθαρε.
3269 2322 3423 2377 τοῦτο
3453 2316 3511 2377 δὲ

1979 2397 2121 2477 λέγει
2162 2395 2490 2468 ἐπὶόεὸηκὼς
2528 2396 2631 2470 ἤδη
2671 2402 2701 2456 δ
2736 2403 2996 2481 Τρυγαῖος
3029 2404 3107 2480 τῷ
3142 2402 3387 2484 κανθάρῳ
3422 2404 3511 2463 καὶ

1982 2484 2237 2568 μετέωρος
2262 2486 2434 2568 ἀρθεὶς
2454 2485 2545 2544 καὶ
2571 2483 2766 2552 δεδιώς.
2794 2485 2997 2545 κάνθων
3016 2487 3074 2547 δὲ
3106 2488 3295 2570 κυρίως
3317 2494 3347 2550 ὁ
3372 2489 3507 2557 ὄνος.

1979 2579 2069 2632 νῦν
2095 2574 2151 2631 δὲ
2171 2574 2584 2655 ὑποκοριστικῶς
2606 2562 2651 2631 ὦ
2679 2572 2923 2653 κάνθαρε.
2948 2573 3203 2658 κάνθαρος
3227 2573 3284 2635 δὲ
3307 2576 3512 2658 εἴρηται

1978 2660 2124 2741 παρὰ
2143 2660 2232 2721 τὸν
2256 2662 2500 2720 κάνθωνα
2523 2659 2612 2718 τὸν
2638 2658 2784 2732 ὄνον,
2822 2660 2914 2719 καὶ
2942 2661 3032 2719 τὸν
3068 2662 3248 2744 θορὸν,
3273 2661 3513 2723 τουτέστι

1979 2749 2040 2808 τὸ
2086 2747 2316 2828 σπέρμα.
2365 2747 2493 2829 φασὶ
2531 2747 2635 2829 γὰρ
2670 2746 2751 2807 ὅτι
2782 2752 3036 2830 κάνθαρος
3072 2748 3211 2809 οὕτω
3250 2751 3510 2810 τίκτεται·

1979 2833 2109 2896 ἱπὰν
2137 2833 2262 2918 εὕρῃ
2291 2835 2409 2895 ὄνου
2428 2833 2626 2917 κόπρον
2652 2833 2995 2917 στρογγύλην,
3019 2835 3165 2916 μένει
3190 2839 3383 2898 κυλίων
3404 2847 3514 2906 τοῖς

1978 2923 2132 2983 ποσὶν
2155 2920 2319 2995 αὐτὴν
2347 2922 2437 2981 καὶ
2463 2924 2542 3003 τῷ
2573 2921 2769 2982 κυλίειν
2792 2924 3228 3004 ἅποσπερμαίνει,
3251 2926 3342 2984 καὶ
3365 2928 3508 2986 ἐκεῖ·

1979 3018 2062 3071 θεν
2085 3013 2134 3069 οἱ
2162 3009 2427 3090 κάνθαροι.
2443 3052 2510 3068 ...
2535 3012 2603 3068 31
2642 3008 2822 3079 ἔπαιξε
2843 3010 2932 3070 τὸν
2955 3009 3140 3071 κάνθον
3161 3019 3229 3071 V.
3249 3050 3312 3063 -
3334 3016 3408 3072 32
3428 3015 3512 3073 sic

1979 3103 2049 3157 R.
2077 3112 2138 3156 et
2162 3097 2367 3169 suidas
2410 3118 2455 3156 s.
2493 3095 2782 3176 Κάνθαρος.
2820 3097 3059 3159 τουτέστι
3090 3099 3238 3181 παρὰ
3268 3098 3356 3159 τὸν
3394 3101 3511 3159 ὄνον

1979 3191 2133 3243 V...
2157 3187 2230 3243 33
2258 3182 2402 3266 ὅρον,
2428 3186 2501 3252 34
2523 3182 2692 3264 τούτῳ
2712 3184 2847 3244 τίκτ.
2875 3190 2947 3244 V.
2975 3231 3039 3244 -.
3067 3187 3141 3244 36
3167 3186 3267 3264 γίν.
3296 3189 3427 3256 ζῶον
3445 3192 3512 3248 V.

1978 3272 2038 3332 τὸ
2065 3275 2196 3341 ζῶον
2226 3293 2279 3349 γ.
2310 3272 2538 3331 suidas.
2564 3315 2630 3330 ...
2659 3273 2732 3331 38
2759 3271 2877 3353 ὀρὸν
2904 3273 3126 3333 suidas.
3152 3274 3270 3354 ὅρον
3290 3278 3361 3335 V.
3380 3277 3512 3335 κάν-

1979 3366 2124 3442 θορος
2166 3361 2389 3420 Suidas.
2436 3360 2567 3420 καθὸ
2608 3359 2723 3442 ὄρος
2762 3369 2831 3421 V.
2867 3409 2930 3421 ...
2968 3361 3107 3440 39ἣ
3141 3368 3171 3424 ὁ
3199 3363 3361 3446 θορὼν
3393 3366 3513 3447 περὶ

1980 3447 2128 3531 (πρὸς
2162 3448 2224 3506 in
2274 3450 2403 3507 cod.
2432 3449 2607 3506 Paris.
2639 3447 2715 3526 A)
2743 3448 2963 3508 suidas·
3001 3453 3031 3508 δ
3067 3453 3231 3532 θυρῶν
3255 3458 3327 3513 V.
3347 3491 3412 3504 -
3440 3463 3513 3523 4ο

1977 3535 2096 3618 περὶ
2118 3534 2217 3607 τὴν
2240 3536 2462 3597 suidas.

2062 3634 2158 3706 85,
2185 3635 2219 3691 3
2241 3630 2643 3713 περικαυστικόν
2671 3639 2742 3693 G.
2761 3633 3190 3714 παρακαυστικόν
3218 3641 3284 3695 V.
3305 3642 3513 3697 Emen-

1979 3720 2234 3779 dandum
2265 3734 2409 3799 puto
2432 3722 2647 3800 ἱδρῶτος
2664 3720 3078 3801 περιποιητικὸν,
3098 3724 3396 3785 καυστικόν.
3421 3729 3515 3786 Sic

1981 3806 2201 3886 αἵματος
2233 3808 2625 3890 περιποιητικὸν
2668 3810 2816 3868 dixit
2846 3811 3104 3872 Eustath.
3138 3812 3211 3870 ad
3246 3817 3413 3873 Hom.
3453 3835 3511 3892 p.

1988 3917 2167 3970 1170,
2205 3899 2294 3955 18.
2327 3898 2527 3973 Καῦμα
2562 3895 2804 3974 ῖδάλιμον
2835 3896 2933 3975 (ex
2962 3899 3200 3957 Hesiodi
3232 3900 3345 3979 Op.
3377 3901 3517 3980 1017)

1981 3985 2338 4062 grammatici
2387 4004 2490 4060 per
2534 3982 2875 4068 ἱδρωτοποιὸν
2910 3986 3275 4064 interpretari
3311 3990 3515 4046 solent.

1981 4076 2166 4130 Dum.

2063 4169 2163 4241 87,
2196 4187 2227 4237 7
2260 4163 2334 4242 μὴ
2362 4163 2550 4244 βδᾶσῃς
2575 4165 2785 4243 (codex
2811 4164 3023 4245 βλίσης)
3052 4167 3312 4226 additum
3341 4188 3409 4227 ex
3431 4176 3516 4240 R„

1985 4255 2084 4332 qui
2112 4258 2208 4323 τῆς
2233 4254 2520 4325 ἀναπνοῆς,
2553 4267 2619 4311 ut
2647 4254 2759 4313 Ald

2060 4367 2159 4425 90,
2195 4366 2263 4405 ιο
2287 4347 2376 4406 τὸν
2399 4348 2615 4429 οὐρανὸν
2636 4353 2707 4406 V.

2059 4465 2157 4521 92,
2192 4444 2263 4503 15
2287 4441 2422 4525 πέτῃ
2454 4448 2526 4503 R.
2548 4444 2681 4504 Ald.
2709 4445 2970 4503 Alterum
3002 4442 3093 4501 καὶ
3121 4462 3235 4504 om.
3264 4445 3434 4505 iidem
3456 4459 3516 4506 et

1978 4532 2167 4591 suidae
2191 4531 2373 4590 codex
2397 4533 2573 4590 Paris.
2604 4551 2650 4590 s.
2676 4533 3122 4610 Μετεωροκοπιῖς.
3146 4566 3204 4581 -
3234 4536 3303 4589 16
3323 4530 3383 4591 τὸ
3400 4553 3515 4593 om.

1980 4624 2046 4677 V.
2069 4618 2272 4699 πλάτη,
2300 4639 2365 4691 17
2391 4617 2509 4678 θάλ.
2531 4616 2844 4696 συγκόπτειν
2862 4619 2992 4676 Ald.
3013 4654 3076 4666 —
3101 4620 3170 4675 18
3191 4641 3516 4699 μετεωροσο-

1980 4709 2178 4788 φιστῶν
2216 4720 2303 4765 est
2335 4708 2394 4765 in
2423 4707 2553 4783 loco
2576 4705 2854 4764 Nubium.
2887 4710 3262 4787 περισκοποῦσι
3291 4709 3515 4783 Suidas,

1981 4815 2054 4853 ex
2082 4812 2200 4873 quo
2242 4816 2314 4872 19
2355 4792 2411 4852 δὲ
2439 4792 2717 4852 additum.
2751 4837 2814 4849 -.
2843 4812 2918 4851 20
2947 4791 3269 4872 πτερυγίζεις
3307 4795 3395 4853 καὶ
3424 4797 3517 4854 ἔν·-

356 4890 555 4977 Equit.
606 4895 756 4967 403,
800 4906 859 4952 et
888 4895 997 4952 601
1040 4916 1056 4952 ι
1107 4895 1311 4974 ἑναργεῖ
1345 4892 1400 4951 δὲ
1437 4890 1571 4960 λέξει
1611 4890 1886 4971 κέχρηται.
1978 4888 2156 4942 vetem
2183 4888 2248 4941 V.

359 4980 582 5085 Eodem
621 4998 794 5039 sensu
824 4978 1037 5039 dictum
1075 4980 1370 5063 ἓμφαντικῇ
1422 4977 1477 5038 δὲ
1514 4977 1651 5048 λέξει
1688 4976 1893 5060 κίχρη-

506 5103 764 5151 marom.
796 5103 962 5151 Senot..

2061 4978 2158 5056 95,
2191 4986 2263 5047 24
2292 4975 2350 5036 δὲ
2381 4994 2495 5036 om.
2527 4984 2593 5035 R.
2617 4976 2751 5057 πέτῃ
2774 4982 2843 5037 R.
2871 4978 3002 5037 Ald.

2737 5106 2752 5121 “
3334 5102 3394 5147 30
