3859 5725
1505 233 1876 295 scfloLlA
1930 231 2020 290 ΙΝ
2070 231 2447 294 PLUTUM.

3466 251 3575 303 308

378 380 521 459 ἔσχε.
562 376 835 448 Ἰωνικῶς,
879 377 949 441 ὣς
990 372 1081 433 καὶ
1131 371 1256 452 παρ’
1304 367 1529 453 Ὁμήρῳ
1565 377 1731 444 [nom.
1768 378 1828 431 ΙΙ.
1871 381 1929 441 Γ,
2015 371 2208 430 ἐκεῖνον
2229 370 2557 443 ἀναίσθητον.
2580 369 2909 455 σκατοφάγον
2935 392 2951 434 :
2974 372 3327 446 Ἀναίσθητον.
3352 387 3412 437 Θ.
3433 390 3496 438 Ρ.
3519 377 3577 437 αἲ

378 473 476 538 ³88]
509 494 533 517 ι
560 464 740 536 ἤσκειν
769 464 903 546 εἴρια
931 460 1090 520 καλά.
1122 489 1146 512 ¹·
1175 458 1289 518 ἀντὶ
1311 463 1400 517 τοῦ
1423 458 1603 529 ἤσκεε·
1628 457 1801 539 τρίτου
1829 453 1933 535 γάρ

377 559 487 615 ἐστι
515 550 841 632 προσώπου.)
875 583 955 594 -
979 550 1039 608 οὗ
1082 546 1328 629 προσῄειν
1367 566 1382 607 :
1414 548 1532 606 Οὐκ
1567 543 1718 622 ἔγνω.
1747 556 1841 605 Dv.
1871 544 1930 602 οὗ

376 643 687 723 προσῆλθεν.
711 639 785 700 Θ.
813 635 961 702 Ρ.,τὸ
987 635 1237 716 προσῄειν
1268 637 1489 694 ἐνταῦθα
1519 631 1695 714 τρίτου
1717 629 1933 711 προσώ-

323 738 350 776 5
378 751 478 787 που
519 725 606 788 διὰ
631 725 727 800 τὴν
758 721 1072 805 χασμωδίαν
1108 721 1411 803 προσλαὸὸν
1434 719 1494 780 τὸ
1524 743 1572 792 ν,
1609 724 1679 787 ὣς
1705 722 1804 778 κάν
1826 721 1935 786 τοῖς

375 814 551 882 ἀλλοις
583 813 696 880 ἔθος
731 813 910 893 ἔχουσι
953 810 1118 870 ποιεῖν
1155 813 1203 869 οἱ
1248 807 1484 870 Ἀττικοί.
1523 818 1646 866 Vicc.
1673 805 1881 867 οὗδέπω
1913 827 1928 866 :

375 902 544 964 Οὔπω
567 894 630 975 ἦν
653 900 833 962 ἐλθών.
861 911 925 959 Ρ.

450 1009 547 1050 007.
590 994 743 1047 τοῦτο
767 1007 782 1048 2
811 986 892 1048 Τὸ
920 989 1124 1067 φαγεῖν.
1152 997 1215 1044 Ρ.
1239 988 1440 1064 γελοῖον
1465 1003 1480 1044 :
1502 982 1748 1045 Ἀστεῖον.
1772 997 1870 1044 Dv.

448 1097 545 1137 008.
587 1073 885 1152 προσιόντος
912 1094 929 1134 2
961 1069 1409 1154 Προσερχομένου.
1437 1085 1533 1130 Βυ.

299 1181 348 1221 10
452 1183 546 1225 000.
589 1163 893 1244 ἀπέπαρδον
932 1159 1074 1222 :Aah
1111 1160 1206 1233 τὴν
1250 1158 1438 1242 ἀθρόαν
1477 1162 1581 1218 τῶν
1617 1157 1933 1236 πνευμάτων

374 1252 680 1322 ἐκπήδησιν.
706 1246 820 1307 ὅθεν
842 1247 934 1307 καὶ
956 1246 1176 1327 πάρδος·
1208 1244 1491 1326 ὁρμητικὸν
1513 1244 1615 1327 γὰρ
1641 1245 1701 1305 τὸ
1730 1249 1880 1326 ζῷον.

450 1334 752 1420 ἐπεφύσητό
780 1355 924 1413 μους
965 1334 1105 1395 Ὑπὸ
1133 1339 1228 1405 τῆς
1264 1332 1459 1416 ἀθάρης
1500 1334 1754 1405 δηλονότι.
1793 1334 1935 1392 ποιεῖ

378 1422 475 1507 γὰρ
502 1423 636 1496 αὕτη
659 1422 934 1501 πνεύματα
960 1425 1027 1503 τῇ
1051 1421 1262 1502 γαστρί.
1304 1466 1378 1477 .-
1408 1420 1677 1500 ἐξώγκωτο
1706 1423 1933 1498 ἔμπνευ-

376 1513 697 1589 ματωθεῖσα.
734 1509 948 1591 φυσώδη
988 1508 1089 1589 γὰρ
1116 1507 1185 1566 τὰ
1227 1508 1440 1588 ὄσπρια.
1474 1512 1545 1570 Θ.
1572 1509 1731 1587 ἤγουν
1764 1506 1925 1586 ἐξώγ-

299 1613 348 1654 15
375 1621 512 1658 κωτο
561 1595 955 1678 (ἕπνευματώθη
1004 1604 1117 1654 add.
1141 1598 1292 1674 Vict.)
1340 1608 1402 1655 D.
1447 1595 1652 1667 δυσώδη
1714 1594 1817 1676 γὰρ
1862 1594 1930 1653 τὰ

372 1686 564 1767 ὄσπρια
581 1730 600 1760 ,
622 1683 722 1744 ὑπὸ
752 1687 846 1755 τῆς
870 1682 1082 1765 ἀθάρας.
1111 1694 1174 1742 Ρ.
1735 1741 1738 1744 ,

452 1795 550 1836 700.
593 1771 930 1832 ἑὸδελύττετο
957 1793 972 1832 :
1011 1771 1244 1850 (Ἔμίσει
1259 1772 1357 1850 σε.)
1385 1769 1669 1852 χαριέντως
1694 1769 1753 1829 τὸ
1781 1767 1929 1828 ἔδδε-

372 1861 587 1922 λύττετο
619 1860 747 1940 πρὸς
785 1858 848 1919 τὸ
873 1858 1194 1942 ἀπέπαρδον,
1241 1863 1311 1926 ὡς
1333 1858 1482 1942 παρὰ
1517 1859 1579 1918 τὸ
1623 1858 1809 1939 βδέειν.

376 1948 559 2009 ἕπεται
585 1945 777 2029 γὰρτῷ
806 1946 974 2025 βδίειν
996 1945 1057 2006 τὸ
1083 1944 1470 2026 βδελύττεσθαι.
1495 1959 1552 2006 Ρ.
1579 1938 1719 2020 ἦπου
1751 1971 1764 2009 :
1790 1948 1929 2012 ''Ov-

296 2049 352 2090 2⁰
377 2062 494 2104 τως.
523 2048 587 2098 Ρ.
613 2034 948 2096 ἕὸδελύττετο
971 2054 986 2094 t
1013 2033 1201 2112 ἐμίσει.
1229 2047 1323 2094 Dv·
1353 2046 1415 2094 Ρ.

452 2145 549 2186 701.
592 2120 687 2182 οὒκ
727 2143 744 2184 :
779 2119 1178 2184 ’Restm-mo.
1214 2133 1277 2181 Ρ.
1314 2121 1454 2199 (ἀλλ’
1486 2120 1649 2182 Ἰασὼ
1679 2122 1777 2201 μέν
1800 2149 1877 2193 τις
1909 2147 1923 2187 :

374 2214 491 2274 Οὔκ
515 2209 681 2293 lesum.
713 2210 844 2269 διότι
870 2212 1103 2289 προσῆκε
1128 2211 1205 2290 τῷ
1225 2209 1571 2290 Ἀσκληπιῷὴ
1598 2209 1755 2272 Ἰασὼ
1782 2214 1929 2295 παρὰ

374 2297 468 2371 τὴν
485 2297 626 2357 ἴασιν
652 2298 755 2356 &vo
836 2294 1023 2373 σμίνη.
1050 2294 1188 2354 ἀλλὰ
1204 2294 1296 2355 καὶ
1310 2293 1570 2377 θυγατέρα
1590 2303 1681 2357 τοῦ
1706 2299 1927 2382 Ἀμφια-

374 2385 501 2468 ράου
534 2384 697 2456 αὐτὴν
725 2320 871 2443 είιπαεν
885 2385 938 2443 ἐν
959 2382 1171 2450 ἐκείνοις

293 2527 350 2568 αε
497 2520 596 2571 ἀλλ’
620 2521 661 2569 ὥ
679 2518 873 2582 θύγατερ
885 2517 1015 2578 ἔλεξ’,
1033 2517 1200 2578 W,
1218 2518 1486 2582 πρευμῑνής·

375 2633 422 2694 εἴ
454 2634 508 2693 δὲ
538 2632 629 2692 καὶ
656 2631 750 2704 τὴν
779 2628 943 2693 Ἰασὼ
975 2630 1292 2704 Ἀσκληπιοῦ
1318 2629 1605 2712 θυγατέρα,
1630 2632 1808 2716 ὥσπερ
1836 2636 1928 2695 καὶ

373 2726 463 2782 τοῦ
490 2718 843 2801 Ἀμφιαράου,
864 2717 1004 2786 ἄξιον
1032 2720 1244 2799 ἀπορεῖν
1261 2737 1275 2751 ·
1305 2715 1421 2777 ἐπεὶ
1443 2717 1535 2778 καὶ
1548 2718 1857 2800 Ἕρμιππος
1875 2727 1928 2784 ἐν

373 2809 450 2889 τῷ
465 2806 705 2889 ἷπρώτῳ]
718 2804 898 2887 ἷάμὸῳ
911 2808 1014 2864 τῶν
1030 2803 1319 2887 τριμέτρων
1337 2804 1649 2878 Ἀσκληπιοῦ
1665 2807 1755 2867 καὶ
1770 2813 1927 2888 Λαμ-

373 2895 556 2963 πετίας
582 2899 675 2967 τῆς
697 2893 882 2954 Ἡλίου
899 2893 1041 2971 λέγει
1070 2893 1335 2973 Μαχάονα
1363 2894 1454 2953 καὶ
1475 2895 1817 2976 Ποδαλείριον
1836 2898 1927 2956 καὶ

294 2994 350 3036 ³⁰
377 2982 539 3045 Ἰασὼ
577 2980 669 3041 καὶ
706 2979 1010 3041 Πανάκειαν
1036 2979 1128 3039 καὶ
1162 2980 1365 3057 Αἴγλην
1403 2982 1683 3053 νεωτάτην.
1714 2982 1840 3044 ἔνιοι
1872 2986 1926 3044 δὲ

371 3068 738 3154 προστιθέασιν
779 3066 1037 3129 Ἰανίσκον
1076 3065 1169 3126 καὶ
1209 3066 1536 3149 Ἀλεξήνορα.
1574 3068 1687 3129 ἔστι
1735 3069 1790 3130 δὲ
1838 3073 1929 3130 καὶ

372 3156 696 3241 Ἀμφιαράου
729 3154 964 3234 θυγάτηρ
995 3152 1173 3214 Ἰασώ.
1195 3188 1275 3199 -
1304 3154 1580 3214 Πανάκεια
1605 3156 1658 3215 δὲ
1685 3157 1833 3240 παρὰ
1867 3160 1929 3218 τὸ

373 3245 527 3323 ἄκος,
551 3243 646 3316 τὴν
674 3241 970 3325 θεραπείαν.
1090 3238 1328 3317 Ἄλλως.)
1354 3241 1500 3323 παρὰ
1522 3242 1582 3301 τὸ
1619 3246 1795 3303 ἰᾶσθαι
1831 3245 1927 3318 τὴν

373 3333 533 3393 Ἰασὼ
568 3330 825 3402 πεποίηκε
865 3326 1122 3408 θυγατέρα
1170 3327 1514 3403 Ἀσκληπιοῦ,
1559 3330 1796 3413 καθάπερ
1836 3334 1930 3394 καὶ

291 3433 347 3472 35
373 3420 469 3494 τὴν
484 3420 790 3481 Πανάκειαν
814 3416 907 3477 καὶ
929 3415 1025 3488 τὴν
1044 3415 1297 3495 Ὑγίειαν.
1327 3427 1452 3476 R-V.
1476 3420 1879 3481 ἐπακολουθοῦσ’
1909 3445 1923 3484 t

372 3511 467 3591 Τῷ
495 3508 798 3588 Ἀσκληπιῷ
825 3503 1080 3577 δηλονότι.
1109 3507 1184 3565 Θ.

453 3614 550 3655 701.
593 3592 946 3676 ὑπηρυθρίασε
967 3612 981 3653 :
1003 3591 1244 3674 Μετρίως
1258 3594 1370 3658 πῶς
1392 3592 1595 3673 ἐτράπη
1610 3593 1701 3653 καὶ
1712 3595 1925 3676 ᾐδέσθη.

370 3685 440 3743 Θ.
472 3694 536 3742 Ρ.
564 3681 874 3764 ἀπεστράφη
900 3700 916 3741 t
941 3682 1035 3748 Εἷς
1059 3679 1312 3741 τούπίσω.
1345 3691 1444 3741 Dv.

450 3789 546 3830 70³.
588 3771 647 3827 οὗ
688 3766 978 3827 λιὸανωτδν
1012 3765 1113 3847 γὰρ
1153 3765 1290 3847 βδέω
1333 3788 1348 3828 t
1390 3765 1554 3829 ’Άλλο
1589 3768 1802 3838 λίὸανος
1836 3775 1928 3831 καὶ

291 3877 348 3917 ⁴0
376 3854 504 3916 ἄλλο
531 3854 829 3920 λιὸανιογτός·
864 3854 1072 3922 λίὸανος
1117 3853 1210 3932 μὲν
1247 3854 1397 3938 [γὰρ]
1433 3856 1560 3916 αὐτὸ
1594 3855 1655 3916 τὸ
1694 3857 1927 3940 δένδρον,

370 3943 657 4010 λιὸανωτδς
679 3943 734 4002 δὲ
755 3947 784 4001 6
810 3942 1009 4023 καρπὸς
1027 3944 1204 4002 αὐτοῦ.
1227 3942 1368 4022 [ἔστι
1391 3942 1447 4003 δὲ
1461 3944 1550 4004 καὶ
1568 3945 1686 4026 ὄρος
1702 3945 1929 4015 Λίὸανος

368 4028 744 4110 καλούμενον]
771 4028 1160 4089 -ἐπιλαὸοῦσ’
1186 4048 1201 4089 :
1231 4030 1580 4110 Κρατήσασα.
1611 4042 1669 4090 P.
1694 4030 1927 4092 λιὸανω-

368 4117 455 4177 τὸν
481 4138 496 4179 :
521 4118 729 4185 Εὗῶδες
754 4113 933 4198 ὥσπερ
959 4119 989 4174 6
1012 4113 1224 4183 λίὸανος
1252 4117 1440 4199 πέρδω.
1467 4119 1539 4178 Θ.
1567 4130 1666 4178 Dv.
1692 4117 1809 4190 ἤτοι
1833 4143 1929 4197 με·

370 4204 683 4289 μυρισμίνον
705 4203 897 4287 πέρδω.
930 4214 994 4262 Ρ.

289 4312 342 4351 45
447 4313 543 4355 704.
586 4291 739 4361 αὐτὸς
778 4292 823 4351 δ’
854 4295 1046 4357 ἐκεῖνος
1087 4309 1102 4351 t
1135 4293 1165 4350 6
1199 4289 1526 4361 Ἀσκληπιός.
1574 4301 1634 4352 R.
1658 4294 1753 4363 τῆς
1792 4292 1929 4374 ῥινὸς

367 4384 464 4440 οὐκ
498 4378 784 4439 ἐπελάὸετο
810 4380 928 4452 δηλ.
997 4377 1105 4436 οὐδ’
1121 4374 1415 4459 ἐφρόντισεν
1442 4399 1458 4438 t
1489 4380 1607 4440 Οὔκ
1625 4377 1832 4458 ᾔσθετο.
1861 4395 1927 4443 Ρ.

259 4529 264 4535 ,
367 4467 526 4546 ἤγουν
554 4467 614 4525 οὗ
642 4465 799 4544 μόνον
826 4463 973 4524 οὐδὲν
1000 4469 1231 4524 τοιοῦτον
1251 4464 1513 4536 ἐποίησεν.
1543 4466 1615 4525 Θ.

443 4575 541 4615 705.
582 4552 823 4634 ἄγροικον
853 4573 870 4612 :
899 4551 1247 4623 Ἀναίσθητον.
1274 4553 1345 4613 Θ.
1374 4563 1469 4611 Dv.
1500 4552 1829 4618 ἀπαίδευτον.
1859 4570 1924 4621 Ρ.

366 4640 454 4701 τὸν
477 4638 592 4699 θεὸν
622 4660 638 4701 :
660 4639 769 4701 Τὸν
794 4641 1129 4712 Ἀσκληπιόν.
1157 4653 1254 4700 Dv.

291 4750 345 4790 w
446 4748 543 4790 700.
588 4726 726 4786 ἀλλὰ
754 4725 1085 4808 σκατοφάγον
1111 4747 1126 4787 z
1149 4725 1498 4798 Ἀναίσθητον.
1523 4726 1726 4808 εἴρηται
1746 4729 1801 4788 δὲ
1821 4731 1925 4793 ἀπὸ

366 4820 470 4876 τῶν
492 4814 637 4898 παρὰ
667 4814 912 4882 Βοιωτοῖς
942 4817 1096 4894 βοῶν,
1123 4813 1175 4875 οἳ
1205 4813 1291 4874 διὰ
1315 4810 1409 4885 τὴν
1441 4813 1643 4886 πολλὴν
1670 4819 1922 4891 ἀναισθη-

369 4903 487 4963 σίαν
515 4900 686 4962 σκατὰ
712 4903 909 4975 ἤσθιον.
941 4900 1256 4982 ἑτερόκλιτος
1292 4899 1349 4960 δέ
1375 4903 1514 4960 ἐστιν
1539 4906 1575 4974 ἡ
1608 4903 1797 4971 σκατὸς
1831 4929 1924 4985 γε-

368 4989 483 5064 νικὴ
499 5036 516 5069 ,
537 4988 644 5049 ἀπὸ
663 4988 862 5058 εὔθείας
876 4993 969 5061 τῆς
995 4989 1157 5072 σκώρ.
1184 5027 1241 5038 -
1273 4990 1369 5049 οὐκ
1396 4988 1562 5069 ἔγωγε
1603 5010 1620 5050 z
1670 4992 1753 5050 Οὐ
1779 4990 1918 5073 λέγω

315 2181 362 2199 ‘—

2014 460 2180 518 τάλαν
2205 477 2219 519 2
2241 458 2387 520 Διότι
2401 464 2618 518 τοιαῦτα
2632 457 2820 538 λέγεις.
2843 471 2939 520 Dv.
2962 459 3229 544 ἐπίρρημα
3252 466 3578 544 σχετλιαστι·

2012 545 2120 605 κόν.
2141 559 2202 605 R.
2241 558 2292 606 V.
2317 559 2378 606 P.
2399 546 2460 606 τὸ
2479 547 2809 630 σκατοφάγον
2836 546 3001 626 λέγει,
3028 547 3064 621 ἢ
3099 549 3229 609 διότι
3247 554 3296 611 οἱ
3318 553 3487 633 ἰατροὶ
3515 556 3574 615 ἐκ

2012 638 2102 693 τοῦ
2141 632 2208 692 τὰ
2256 633 2519 712 σωμάτων
2561 633 2842 711 κενώματα
2885 635 3100 715 βλέπειν
3141 637 3232 697 καὶ
3282 630 3411 721 οῧρα
3455 640 3575 711 τοὺς

2015 719 2226 799 μισθοὺς
2241 719 2615 798 λαμὸάνουσιν.
2648 720 2683 793 ἢ
2703 720 2782 781 ὅτι
2806 725 2834 781 6
2852 727 2945 794 τῆς
2969 725 3203 803 ἰατρικῆς
3219 726 3433 803 ἡγεμὼν
3453 728 3571 788 Ἱπ-
3601 749 3626 788 5

2013 807 2278 889 ποκράτης
2318 808 2649 890 ἀνθρωπίνων
2691 809 2921 889 κόπρων,
2957 809 3027 878 ὥς
3068 833 3251 892 φασιν,
3290 813 3571 892 ἐγεύσατο.

2017 896 2323 974 βουλόμενος
2352 895 2475 977 περί
2496 920 2630 963 τινος
2646 902 2916 965 νοσοῦντος
2944 901 3147 975 μαθεῖν,
3167 896 3202 968 ἢ
3228 890 3330 980 ἆρα
3360 900 3570 971 ζήσεται

2014 981 2048 1054 ἢ
2069 983 2382 1055 τεθνήξεται.
2404 996 2460 1044 P.
2481 982 2542 1043 τὸ
2562 983 2894 1064 σκατοφάγον
2907 982 3093 1062 λέγειῆ
3109 983 3240 1044 διότι
3258 989 3306 1044 οἱ
3322 989 3493 1067 ἰατροὶ
3513 991 3573 1047 ἐκ
3640 1008 3651 1018 ·

2013 1076 2105 1130 τοῦ
2125 1076 2336 1131 σκοπεῖν
2353 1071 2423 1132 τὰ
2441 1075 2545 1131 τῶν
2564 1071 2916 1132 ἀσθενούντων
2935 1064 3063 1154 οῧρα
3086 1074 3179 1133 καὶ
3196 1073 3438 1133 σκύὸαλα
3457 1074 3575 1144 τοὺς

2015 1157 2226 1236 μισθοὺς
2238 1159 2619 1238 λαμὸάνουσιν,
2636 1159 2672 1233 ἢ
2696 1160 2776 1219 ὅτι
2798 1166 2827 1221 6
2846 1165 2939 1234 τῆς
2959 1164 3197 1242 ἰατρικῆς
3222 1162 3436 1242 ἡγεμὼν
3455 1164 3572 1226 Ἱπ-
3604 1182 3653 1221 1ο

2011 1245 2276 1326 ποκράτης
2289 1246 2623 1328 ἀνθρωπίνων
2641 1246 2851 1330 κόπρων
2871 1247 3077 1327 ἐγεύετο
3091 1293 3108 1323 ,
3126 1247 3199 1316 ὥς
3212 1273 3341 1333 φασι
3354 1297 3369 1323 ,
3388 1250 3573 1332 βουλό-

2017 1356 2166 1410 μενος
2187 1334 2466 1411 μανθάνειν
2492 1336 2616 1418 περὶ
2646 1339 2752 1397 τῶν
2788 1335 3075 1398 νοσούντων
3090 1383 3107 1413 ,
3130 1341 3177 1398 εἷ
3198 1339 3300 1423 ἄρα
3329 1340 3575 1413 ζήσονται

2014 1419 2050 1492 ἢ
2074 1421 2421 1493 τεθνήξονται.
2443 1433 2573 1484 Vict.

2091 1536 2187 1577 707.
2230 1518 2673 1602 συνεκαλυψάμην
2704 1539 2719 1581 2
2753 1519 3021 1604 Ἐκρύὸην
3044 1522 3171 1583 εἴσω
3199 1526 3303 1583 τῶν
3330 1524 3573 1604 ἱματίων.

2012 1613 2072 1663 θ.
2109 1613 2282 1661 Paris.
3604 1629 3652 1668 ιε

2089 1717 2186 1759 708.
2229 1699 2404 1766 δείσας
2424 1719 2439 1760 :
2461 1701 2747 1775 Φοὸηθείς.
2767 1715 2867 1764 Dv.
2890 1717 2953 1765 Ρ.

2090 1805 2186 1845 700.
2231 1788 2441 1845 σκοπῶν
2480 1788 2852 1872 εἘπιτηρῶν.
2881 1802 2946 1854 Ρ.
2982 1792 3217 1874 περιῄειν
3256 1794 3352 1873 (-—
3371 1817 3418 1854 ει
3449 1798 3517 1874 R)
3552 1818 3567 1857 ε

2008 1872 2341 1953 περιήρχετο.
2368 1885 2462 1934 Dv.
2502 1886 2567 1936 Ρ.
2593 1876 2782 1944 Ἰακῶς
2825 1879 2885 1938 τὸ
2917 1878 3170 1960 περιῄειν.
3192 1891 3255 1942 V.
3288 1879 3467 1960 ὅμοιον
3498 1886 3575 1965 τῷ

2009 1957 2279 2040 προσῄειν.
2303 1960 2533 2038 κοσμίως
2554 1983 2569 2023 :
2593 1962 2898 2033 Εὐτάκτως.
2918 1967 2994 2028 Θ.

2088 2075 2187 2115 710.
2229 2056 2356 2122 παῖς
2379 2075 2396 2116 :
2425 2057 2621 2126 Δοῦλός
2643 2082 2739 2126 τις.
2757 2071 2819 2120 Ρ.
2844 2073 2942 2123 Dv.
2968 2059 3157 2122 θυίδιον
3181 2059 3412 2142 εἼγδιον
3436 2064 3569 2124 λίθι-
3597 2084 3652 2125 20

2009 2164 2112 2201 νον.
2130 2142 2205 2202 Θ.
2248 2139 2428 2220 ῖγδίον.
2448 2155 2547 2205 Dv.
2582 2146 2798 2206 θυείδιον
2830 2167 2845 2208 :
2882 2146 3040 2210 Ἤτοι
3072 2149 3263 2229 ἷγδύον.
3285 2164 3350 2213 Ρ.
3390 2152 3570 2231 ἶγδίον.

2008 2232 2134 2296 παῖς
2153 2233 2183 2287 6
2202 2229 2309 2295 υἱὸς
2331 2229 2437 2289 ἀπὸ
2462 2237 2557 2292 τοῦ
2575 2230 2700 2301 παῖς
2713 2232 2774 2293 τὸ
2795 2236 2989 2296 αἰδοῖον
3005 2237 3097 2297 καὶ
3117 2237 3259 2298 κατὰ
3278 2240 3573 2321 συναίρεσιν

2008 2324 2153 2384 παῖς.
2187 2320 2312 2384 παῖς
2340 2314 2397 2376 δὲ
2418 2322 2447 2377 6
2475 2320 2655 2389 δοῦλος
2671 2320 2781 2380 ἀπὸ
2799 2328 2892 2382 τοῦ
2911 2323 3054 2383 παίω
3073 2325 3134 2385 τὸ
3154 2326 3355 2388 τύπτω.
3376 2338 3520 2399 Bou-g.

2088 2439 2185 2480 711.
2228 2417 2493 2501 παρέθηκε
2523 2443 2539 2484 :
2572 2423 2810 2498 Πλησίον
2846 2427 3003 2486 αὐτοῦ
3028 2426 3200 2501 ἔθηκε.
3227 2441 3290 2489 Ρ.
3313 2431 3524 2490 δοίδυκα
3556 2453 3570 2493 :

2012 2506 2350 2589 Κοχλιάριον.
2371 2524 2469 2572 Dv.
2499 2512 2831 2595 κοχλυάριον.
2855 2525 2913 2572 Ρ.
2935 2513 3179 2573 κιὸώτιον
3219 2535 3235 2576 :
3272 2515 3376 2577 *ov
3406 2519 3572 2600 ἰατροὶ
3599 2540 3651 2579 25

2008 2596 2227 2654 καλοῦσι
2258 2598 2572 2671 παντέκτην.
2597 2601 2669 2661 Θ.
2701 2600 2965 2675 σενδούκι,
2998 2601 3028 2662 8
3052 2602 3292 2682 λέγουσιν
3323 2608 3371 2663 οἱ
3402 2607 3571 2688 ἰατροὶ

2008 2680 2321 2754 παντέκτην.
2352 2698 2450 2746 Dv.
2475 2686 2775 2759 σενδούκην.
2804 2699 2868 2747 Ρ.

2091 2787 2224 2865 (712).
2266 2789 2325 2846 οὗ
2350 2790 2463 2863 δῆτ’
2495 2789 2613 2871 οὐχὶ
2643 2790 2705 2851 τό
2722 2815 2781 2871 γε
2805 2791 3049 2852 κιὸώτιον
3071 2813 3086 2854 :
3111 2795 3348 2868 [Παίζων
3366 2796 3495 2879 πρὸς
3512 2793 3572 2854 τὸ

2007 2877 2213 2955 πρῶτον
2240 2876 2562 2951 ἀπήντησεν,
2587 2878 2706 2959 οὐχὶ
2728 2879 2787 2938 τὸ
2811 2880 3102 2955 κιδώτιον.]
3124 2883 3287 2943 εἰπὼν
3306 2883 3386 2943 ὅτι
3403 2884 3463 2943 τὸ
3483 2907 3571 2943 κι-

2010 2960 2199 3020 6ώτιον
2224 2962 2413 3023 λίθινον
2432 2956 2518 3038 ἦν,
2537 2964 2715 3048 ὥσπερ
2734 2971 2923 3027 ἑαυτοῦ
2949 2966 3045 3040 τὴν
3068 2969 3233 3043 λήθην
3257 2970 3568 3053 ἐπανορθού-
3595 2989 3649 3032 ³0

2010 3048 2161 3125 μενός
2178 3071 2339 3131 φησι,
2360 3048 2437 3127 μὰ
2470 3051 2554 3112 Δί’
2583 3055 2677 3112 οὐκ
2699 3045 2763 3125 ἦν
2797 3054 2986 3114 λίθινον
3022 3054 3084 3115 τὸ
3107 3056 3371 3120 κιὸώτιον.
3395 3096 3466 3107 --
3488 3057 3568 3138 μὰ

2008 3136 2091 3194 Δί’
2114 3140 2173 3195 οὗ
2199 3137 2311 3209 δῆτ’
2339 3155 2355 3197 :
2383 3138 2591 3200 Λίθινον
2611 3133 2695 3214 ἦν,
2716 3143 2833 3200 ἀλλ’
2860 3146 2895 3214 ἡ
2923 3142 3084 3202 θυεία.
3106 3155 3169 3203 Ρ.

2088 3242 2183 3284 m.
2224 3224 2391 3307 ἐώρας
2414 3248 2428 3287 :
2448 3225 2728 3296 Ἔὸλεπες.
2758 3239 2822 3290 Ρ.

2088 3341 2189 3382 714.
2234 3320 2319 3380 διὰ
2337 3330 2432 3386 τοῦ
2445 3324 2719 3404 ’τριὸωνίου
2741 3345 2756 3385 2
2778 3327 2891 3387 Νῦν
2911 3329 3003 3385 τοῦ
3017 3329 3243 3386 παλαιοῦ
3258 3328 3350 3387 καὶ
3361 3352 3569 3410 τετριμ-

2010 3406 2167 3484 μένου
2191 3412 2423 3487 ἱματίου·
2443 3412 2532 3495 [τὸ
2563 3410 2665 3493 γὰρ
2693 3411 2941 3494 τρίὸακον
2964 3415 3172 3490 ἱμάτιον
3197 3415 3335 3475 οὕτω
3370 3418 3568 3477 καλοῦ-
3593 3435 3646 3474 35

2010 3518 2091 3554 σιν
2118 3495 2392 3583 Ἀττικοί]
2412 3499 2543 3568 ὀπὰς
2584 3499 2638 3559 δὲ
2667 3498 2761 3567 τὰς
2783 3498 3037 3581 τρώγλας·
3061 3500 3199 3561 ἔνθεν
3230 3504 3320 3562 καὶ
3356 3493 3496 3572 ῶπες
3521 3507 3568 3564 οἱ

2008 3584 2282 3663 ὀφθαλμοί·
2304 3589 2599 3669 ἀνοίγματα
2616 3587 2720 3667 γάρ
2739 3590 2871 3649 ἐστι.
2890 3588 3244 3668 -τριὸώνιον
3269 3593 3490 3651 ἐνταῦθα
3507 3591 3569 3652 τὸ

2007 3671 2232 3731 παλαιὸν
2259 3674 2351 3734 καὶ
2379 3676 2677 3758 διερρυηκὸς
2699 3674 2928 3753 ἱμάτιον.
2955 3676 3230 3757 τριὸώνιον
3259 3679 3350 3738 καὶ
3383 3679 3443 3739 τὸ
3466 3683 3568 3738 τῶν

2009 3758 2301 3840 φιλοσόφων
2323 3762 2552 3842 ἱμάτιον,
2586 3767 2655 3830 ὡς
2689 3762 2948 3831 εὐτελείας
2970 3764 3428 3843 ἀντιποιουμένων.
3455 3765 3567 3826 ὅθεν

2007 3844 2172 3905 καὶτὸ
2190 3849 2496 3930 περίὸλημα
2519 3853 2690 3909 αὐτῶν
2722 3848 2940 3918 εὐτελές.
2983 3841 3047 3922 ἦν
3067 3850 3199 3910 δὲτὸ
3217 3859 3446 3913 τοιοῦτον
3458 3877 3569 3936 τρι·
3593 3869 3646 3911 40

2010 3931 2196 3992 ὅώνιον
2217 3934 2376 4018 μέχρι
2398 3942 2501 3997 τῶν
2522 3939 2694 3997 ποδῶν
2715 3938 2911 4010 διῆκον,
2934 3938 3025 3997 κα),
3040 3939 3274 4021 χειρίδας
3291 3940 3411 4020 ἔχον
3431 3944 3567 3999 πλα-

2007 4019 2174 4094 τείας,
2207 4023 2298 4082 καὶ
2329 4026 2749 4102 κεκολπωμένον.
2783 4036 2843 4085 Ρ.
2885 4023 2977 4084 καὶ
3011 4027 3401 4105 κεκαλυμμένος
3434 4019 3567 4088 εἶναι

2008 4105 2191 4184 λέγεις.
2222 4122 2320 4171 Dv.
2340 4113 2725 4194 ἐγκεκαλύφθαι
2764 4133 2780 4173 :
2812 4112 3219 4195 Ἐγκεκρύφθαι.
3251 4114 3564 4196 τριὸωνίουε

2008 4187 2278 4250 Ἔὸλεπον
2302 4193 2418 4266 δηλ.
2446 4205 2512 4253 Ρ.

2086 4309 2186 4350 715.
2219 4290 2351 4359 ὀπὰς
2367 4310 2383 4353 :
2402 4291 2639 4374 Τρύπας.
2662 4305 2754 4353 Dv.
2780 4303 2839 4350 Ρ.
2857 4294 2950 4351 οὐκ
2969 4291 3177 4372 ὀλίγας;
3196 4290 3354 4353 Ἀλλὰ
3368 4290 3565 4361 πολλὰς
3590 4317 3647 4359 41.

2007 4376 2199 4525 δηἶλαι.)
2200 4421 2214 4434 .
2228 4464 2515 4547 Νεοκλείδῃ
2553 4487 2569 4528 t
2609 4472 2810 4539 τοῦτον,
2843 4471 2913 4536 ὥς
2941 4464 3159 4547 ἔφαμεν,
3188 4464 3460 4525 διαὸάλλει
3494 4469 3564 4534 ὣς

2008 4549 2228 4632 ἅρπαγα
2249 4555 2355 4611 τῶν
2372 4552 2659 4631 δημοσίων.
2680 4557 2741 4605 V·
2761 4544 2907 4622 οὗτος
2942 4552 3115 4634 ἅρπαξ
3150 4556 3254 4612 τῶν
3277 4551 3561 4630 δημοσίων.

2008 4649 2186 4794 ¹²⁰3:-
2228 4735 2599 4795 καταπλαστὸν
2632 4754 2648 4795 2
2689 4738 2814 4796 Τῶν
2846 4733 3138 4816 φαρμάκων
3163 4733 3232 4793 τὰ
3265 4734 3362 4814 μὲν
3393 4758 3562 4795 κατα-
3588 4764 3642 4804 ω

2005 4820 2239 4895 πλαστὰ,
2264 4821 2332 4881 τὰ
2353 4822 2407 4880 δὲ
2435 4822 2647 4904 χριστὰ,
2662 4821 2727 4881 τὰ
2754 4820 2809 4881 δὲ
2826 4820 2983 4882 ποτά.
3018 4822 3222 4904 (κυρίως
3241 4823 3298 4882 δὲ
3318 4821 3564 4892 ὀξυτόνως

2007 4912 2158 4967 τοῦτο
2180 4907 2489 4990 γράφουσι,)
2529 4908 2664 4977 τινὲς
2692 4908 2748 4969 δὲ
2777 4908 3250 4991 προπαροξύνουσι,
3278 4910 3562 4971 κατάπλα-

2007 5018 2146 5064 στος.
2173 4994 2344 5077 [ἔστιν
2381 4989 2468 5056 οὖν
2497 4996 2698 5057 παστὸν
2729 4997 2791 5057 τὸ
2835 4995 3169 5076 πασσόμενον
3182 5043 3201 5077 ,
3230 4997 3466 5059 πλαστὸν
3502 5000 3562 5058 τὸ
