3859 5725
443 236 557 299 ⁸94

440 369 542 427 sed
564 367 633 428 τὰ
656 367 857 449 λιπαρὰ
896 366 1111 429 κόπτων
1146 370 1370 429 dixerat
1411 371 1861 452 Aristophanes,
1904 385 1970 431 ut

439 469 531 517 est
553 458 710 536 apud
732 458 1075 517 Athenaeum
1104 461 1161 531 3,
1188 479 1245 537 p.
1270 461 1369 536 96,
1400 463 1467 520 C.

517 547 654 622 642,
682 551 757 623 39
776 546 1001 619 ἰποίησα
1025 550 1096 605 R.

518 685 655 762 649,
683 685 779 759 51,
807 687 879 744 52
901 685 981 745 ὅτι
1003 685 1088 755 οὒς
1115 641 1182 746 αιῑ
1206 683 1393 769 σκῶψῃ
1422 684 1633 753 τούτους
1657 689 1728 746 R.

517 775 655 847 652,
691 783 723 843 4
755 779 893 854 ἡμᾶς
921 780 996 837 R.

515 870 656 943 665,
690 873 761 941 34
786 869 1049 953 φέγγουσα
1068 872 1191 931 Ald.

518 965 658 1040 671,
686 974 755 1040 47
783 966 1006 1046 λάγυνον
1039 968 1168 1029 Α111.
1204 968 1427 1027 Deinde
1459 968 1630 1049 στόμα
1668 969 1874 1031 suidas
1917 991 1965 1030 s.

437 1051 668 1113 Θασίαν.
694 1056 851 1131 σῶμα
879 1055 1000 1113 Α111.
1024 1097 1101 1108 .-.
1133 1056 1206 1121 48
1230 1054 1436 1115 οὐδέπω
1471 1055 1573 1139 γὰρ
1596 1056 1714 1116 τότε
1736 1058 1962 1119 81111138.

437 1139 762 1217 Legebatur
777 1141 1020 1201 οὗδέποτε
1037 1141 1158 1225 γάρ.
1179 1175 1250 1187 --
1276 1143 1451 1203 51-53
1474 1145 1533 1204 ἐκ
1568 1145 1964 1205 τῶν-Θασίαν

436 1224 613 1305 ἅλμην
642 1248 757 1286 0111.
783 1230 1007 1290 Suidas.
1027 1262 1104 1276 -
1127 1230 1199 1288 52
1224 1231 1482 1311 Κρατῖνος
1508 1220 1635 1298 εἶδες
1659 1233 1962 1292 DobraeuS.

436 1315 762 1393 Legebatur
796 1317 1048 1397 κρατήσει
1074 1315 1131 1377 δὲ
1171 1321 1261 1388 εἰς.
1285 1320 1506 1378 Cratini
1540 1341 1735 1379 versus
1769 1323 1965 1381 attulit

435 1403 739 1463 Athenaeus
770 1415 825 1479 4,
848 1426 905 1484 p.
935 1409 1065 1475 164,
1085 1413 1157 1467 D.
1190 1440 1260 1452 —
1289 1407 1361 1464 53
1391 1404 1425 1479 ἢ
1455 1428 1525 1467 ex
1561 1409 1740 1468 Suida
1765 1430 1963 1470 acces-

437 1490 528 1548 sit.
564 1521 641 1537 —
680 1510 704 1548 1
757 1493 840 1550 sic
890 1493 1114 1552 Suidas.
1162 1494 1491 1571 Legebatur
1535 1494 1743 1563 Θασίας
1788 1497 1961 1574 ζωμὸν

434 1576 641 1655 ἅλμης,
687 1579 758 1643 εἰς
803 1577 860 1638 ὃν
904 1578 1059 1639 ἀπέὸ.
1106 1583 1320 1640 Totum
1374 1582 1654 1641 scholium
1697 1587 1963 1645 omittere

433 1666 669 1724 videtur
697 1669 766 1724 R.

514 1754 650 1825 681,
678 1773 771 1824 20,
811 1773 881 1812 21
913 1754 1347 1836 παρεξηυλεῖσθαι
1379 1756 1599 1837 λέγομεν
1637 1757 1819 1828 αὐλοὺς
1843 1759 1962 1829 τοὺς

431 1835 524 1905 τὰς
557 1839 850 1917 γλωσσίδας
883 1842 1280 1923 διερρηγμένους
1307 1844 1442 1915 ΑΙ11.

509 1934 646 2005 682,
680 1935 754 1993 25
778 1945 961 1995 πατεῖν
988 1939 1345 1998 DindoffiuS.
1368 1942 1693 2021 Legebatm·
1717 1944 1893 2004 παντί.

511 2022 649 2094 683,
687 2024 760 2081 28
783 2027 859 2104 τῷ
881 2024 1011 2106 λίθῳ
1033 2028 1109 2106 τῷ
1147 2030 1195 2105 β.
1221 2032 1293 2086 R.

510 2106 646 2180 686,
683 2110 756 2184 39
782 2108 1037 2179 συντόνως
1064 2115 1366 2174 Kusterus.
1396 2114 1666 2195 συντόμως
1690 2119 1826 2181 Ald.

508 2196 647 2268 687,
680 2198 755 2263 46
799 2196 1038 2280 πέταυρα
1083 2201 1290 2261 Suidas
1341 2223 1386 2261 s·
1435 2203 1840 2288 Σκανδάληθρα.
1879 2249 1959 2262 ..-

428 2288 508 2356 49
538 2281 889 2366 σκανδάλιθρα
914 2290 986 2344 R.
1006 2319 1086 2332 —-
1117 2286 1191 2344 50
1220 2287 1551 2370 Ἀρχίλοχος]
1589 2290 1798 2375 ρόπτρῳ
1826 2296 1959 2376 ἐρει-

428 2366 644 2447 δόμενον
679 2372 834 2449 apud
872 2377 1060 2448 Etym.
1100 2377 1178 2434 M.
1222 2396 1277 2453 p.
1303 2379 1415 2448 715
1438 2421 1453 2449 ,
1496 2389 1605 2449 44,
1642 2382 1743 2440 ubi
1784 2386 1958 2462 vulgo

427 2456 765 2541 Ἀρίσταρχος
783 2486 794 2519 :
816 2463 918 2521 sed
943 2462 1245 2543 Ἀρχίλοχος
1266 2467 1695 2529 codd.Dorvill.
1717 2485 1776 2531 et
1793 2475 1956 2533 Leid.

506 2547 643 2619 688,
676 2569 697 2604 1
734 2547 866 2628 ὑπὲρ
899 2549 1031 2627 ἄγαν
1062 2557 1123 2609 R.
1148 2593 1227 2605 -
1249 2572 1281 2610 2
1310 2552 1445 2612 πάνυ
1478 2554 1798 2638 γηράσαντος
1819 2565 1956 2621 Sui-

426 2631 529 2691 1138
553 2654 599 2692 s.
630 2632 822 2714 Ἄνδρα
841 2635 1093 2697 Τιθωνόν.
1125 2639 1453 2716 Legebatur
1474 2644 1953 2726 πανουργήσαντος.

505 2720 639 2797 690.
667 2721 814 2796 νῌο
848 2723 919 2783 de
947 2726 1060 2783 hoc
1085 2726 1307 2785 scholio
1334 2732 1654 2793 Hemsterh.
1700 2735 1773 2793 ad
1836 2742 1954 2797 Lu-

424 2807 571 2867 cian.
606 2809 718 2868 vol.
755 2831 809 2888 1,
834 2831 892 2890 p.
920 2831 976 2885 7.

503 2897 621 2973 699
649 2896 945 2977 διωκόμεθα
977 2898 1033 2959 δί
1057 2920 1171 2960 0111.
1201 2906 1271 2961 R.

504 2985 619 3055 708
647 2985 824 3045 habet
851 2988 1055 3047 Suidas
1091 3009 1138 3050 s.
1182 2987 1481 3069 Ἀχαιά-
1513 2994 1611 3072 52,
1648 2996 1720 3054 53
1757 2995 1815 3057 ὃν
1845 3023 1950 3060 πα-

422 3078 596 3153 ρεῖχον
623 3074 677 3132 ἔν
698 3084 804 3142 τοῖς
842 3076 966 3158 περὶ
991 3076 1087 3150 τὴν
1119 3076 1347 3160 γέφυραν
1367 3082 1499 3140 Ald.
1538 3085 1917 3148 Scribendum
1934 3137 1951 3165 ,

419 3156 477 3217 ὃν
503 3169 752 3242 παρεῖχεν
774 3170 883 3232 τοῖς
906 3163 1026 3246 περὶ
1050 3163 1146 3237 τὴν
1169 3164 1409 3248 Γίφυραν
1434 3171 1504 3234 εἰς
1530 3168 1746 3243 Ἀθήνας
1766 3178 1950 3238 ἀπιοῦ-

418 3266 520 3306 σιν.
549 3252 808 3322 Quorum
833 3271 1029 3312 sensus
1051 3265 1171 3312 est:
1195 3259 1401 3317 Achaea
1428 3261 1598 3318 Ceres
1631 3260 1844 3324 dicitur
1872 3266 1949 3325 ab

418 3335 548 3392 oeris
573 3354 745 3409 sono,
786 3359 960 3415 quem
993 3341 1154 3400 dedit
1174 3344 1500 3423 Tanagraeis
1547 3348 1804 3409 Athenas
1832 3355 1942 3412 mi-

419 3422 739 3498 grantibus.
794 3426 1068 3503 Gephyra
1124 3429 1325 3490 eadem
1368 3445 1455 3490 est
1495 3453 1625 3510 quae
1662 3438 1946 3517 Tanagra.

416 3514 726 3568 Ruunt«.
769 3512 838 3571 ad
864 3515 1147 3574 Velleium
1182 3537 1241 3594 p.
1277 3518 1365 3579 15.
1389 3520 1722 3581 Ruhnkenii
1751 3545 1948 3587 emen-

416 3596 711 3656 dationem
728 3600 1026 3660 confirmat
1039 3603 1274 3664 Orionis
1284 3608 1533 3684 Etymol.
1553 3629 1613 3687 p.
1639 3613 1734 3670 18:
1760 3614 1946 3693 Ἄχαιὰ

417 3686 452 3754 ἡ
485 3682 763 3764 Δημήτηρ.
807 3685 1074 3765 μέμνηται
1116 3695 1208 3751 τοῦ
1249 3691 1507 3771 ὀνόματος
1555 3695 1942 3781 Ἀριστοφάνης.

415 3769 621 3850 εἴρηται
643 3771 701 3831 δὲ
729 3771 833 3833 ἀπὸ
854 3779 948 3833 τοῦ
971 3775 1131 3854 ἄχους
1156 3783 1247 3837 τοῦ
1270 3781 1358 3839 ἐπὶ
1380 3784 1447 3860 τῇ
1469 3785 1793 3867 Περσεφόνῃ.
1809 3791 1945 3860 τινὲς

416 3858 472 3919 δὲ
495 3859 600 3920 ἀπὸ
625 3860 858 3942 ἱστορίας
876 3863 1135 3936 τοιαύτης.
1163 3875 1272 3935 τοῖς
1298 3870 1649 3950 Ταναγραίοις
1679 3889 1943 3953 μεταστᾶ-

415 3969 497 4005 σιν
522 3949 582 4006 ἔκ
600 3951 692 4019 τῆς
714 3947 992 4031 Τανάγρας
1020 3954 1260 4014 ἐκέλευσε
1282 3960 1401 4015 κατ’
1417 3956 1546 4041 ὄναρ
1580 3966 1615 4034 ἡ
1643 3965 1904 4050 Δημήτηρ
1922 4013 1941 4046 ‚

415 4046 635 4116 φανεῖσα
662 4039 836 4105 αὐτοῖς
855 4083 873 4114 ,
893 4042 1244 4115 ἀκολουθῆσαι
1264 4048 1342 4126 τῷ
1381 4048 1640 4133 γινομένῳ
1674 4052 1823 4134 ἤχῳ,
1851 4056 1942 4117 καὶ

414 4121 545 4183 ὅπου
583 4123 644 4185 ἂν
681 4127 986 4204 παύσηται,
1014 4133 1121 4191 ἐκεῖ
1149 4134 1304 4194 πόλιν
1333 4138 1531 4198 κτίσαι·
1571 4142 1663 4202 καὶ
1696 4143 1939 4208 διώδευον

415 4211 686 4283 ἀκούοντες
713 4214 879 4298 ψόφον
896 4218 1184 4298 κυμὸάλων
1212 4221 1303 4282 καὶ
1338 4226 1646 4305 τυμπάνων.
1674 4229 1766 4290 καὶ
1792 4257 1935 4293 παυ-

414 4298 656 4380 σαμένων
683 4302 804 4383 περὶ
828 4303 924 4377 τὴν
960 4306 1202 4380 Ἀττικὴν
1242 4309 1450 4374 ἔκτισαν
1476 4316 1633 4377 πόλιν
1671 4317 1763 4378 καὶ
1791 4320 1940 4402 ἱδρύ-

414 4410 575 4450 σαντο
590 4390 724 4471 ἱερὸν
743 4392 955 4473 Ἀχαιᾶς
965 4396 1260 4479 Δήμητρος.
1283 4399 1444 4471 οὕτως
1462 4395 1609 4486 εὗρον
1629 4408 1684 4465 ἰν
1702 4409 1940 4489 ὑπομνή-

415 4500 544 4553 ματι
566 4480 637 4547 εἰς
666 4478 1058 4563 Ἀριστοφάνην.
1091 4492 1270 4549 Dum.

497 4586 626 4639 710,
662 4576 693 4635 4
740 4570 770 4625 ὁ
796 4567 851 4628 δὲ
872 4569 1106 4642 Εὔαθλος
1147 4581 1316 4636 R.-
1360 4580 1438 4638 60
1479 4593 1613 4658 post
1654 4583 1937 4665 συνήγορος

411 4653 715 4712 Elmsleius
755 4664 864 4724 τοῖς
903 4660 1148 4729 παλαιοῖς
1195 4664 1374 4725 addit.
1434 4668 1659 4727 Deinde
1702 4669 1937 4739 Εὔαθλος

412 4739 623 4817 adjecit
643 4741 977 4805 Dindorfius
1010 4767 1079 4808 ex
1107 4750 1288 4811 schol.
1328 4757 1500 4831 Vesp.
1527 4755 1639 4831 592
1669 4771 1728 4815 et
1758 4759 1935 4819 Suida

411 4849 454 4887 s.
482 4826 716 4895 Εὔαθλος
752 4843 809 4888 et
836 4851 883 4891 s.
924 4834 1175 4911 Τοξότης.
1204 4871 1282 4887 --
1305 4844 1433 4922 παρ’
1460 4844 1582 4920 ὑμῖν
1609 4845 1929 4909 Elmsleius.

410 4915 734 4994 Legebatur
753 4922 903 4995 ἡμῖν.

490 5024 627 5081 717,
668 5022 744 5064 ao
765 5003 871 5088 χρὴ
902 5012 970 5068 R.
998 5007 1090 5081 δίη
1114 5011 1234 5072 Δ111.

1606 239 2055 301 ΑΒΝΟΤΑΤΙΟ
2094 243 2179 302 ΙΝ
2219 243 2484 307 SCHOL.

2139 395 2271 450 720,
2298 378 2393 449 25,
2419 380 2492 436 26
2514 377 2595 439 ἔτι
2616 378 2671 440 δὲ
2702 386 2732 442 ὀ
2759 382 3021 465 Πίνδαρος
3048 385 3298 455 ἀττικίζει
3322 389 3581 450 Pierson.

2054 461 2128 519 ad
2175 466 2384 523 Moerin
2435 487 2495 545 p.
2551 489 2642 542 70.
2682 472 3010 550 Legebantur
3042 475 3157 533 ἐστι
3196 480 3287 534 τοῦ
3315 474 3582 558 Πινδάρου

2056 550 2332 611 ἀττικιστί.

2137 648 2271 714 734,
2312 662 2388 718 29
2418 645 2511 702 τοῦ
2536 643 2734 704 λείπειν
2777 652 2847 706 R.
2883 679 2962 693 —-·
2999 650 3074 707 30
3109 649 3348 730 Λεπρέου
3389 653 3585 712 Suidae

2055 725 2187 786 libri
2229 730 2494 789 meliores
2534 752 2579 790 s.
2622 731 3009 814 Ἀγορανομίας.
3058 737 3430 798 scribebatur
3471 743 3589 799 Λε·

2053 812 2226 893 πρίου.
2253 850 2332 860 ——
2357 818 2430 876 33
2458 815 2716 899 Λέπρειον
2751 821 2974 881 suidas.
2993 821 3223 905 Λέπριον
3249 826 3379 883 Α111.
3400 860 3480 871 -
3502 827 3585 903 39

2052 900 2106 960 τί
2138 902 2185 961 δ’
2213 895 2302 962 οὗν
2329 903 2418 963 τὸν
2441 903 2588 978 ἥλιον
2608 912 2676 966 R.
2702 921 2760 967 et
2783 910 2974 968 Suidae
2995 911 3124 972 cod.
3144 914 3320 972 Paris.
3346 913 3584 995 Λέπρεον

2053 991 2244 1049 Suidae
2291 992 2425 1051 libri
2457 995 2674 1072 vulgati
2715 1017 2730 1053 z
2776 996 2877 1055 sed
2930 996 3123 1079 λεπρὸν
3173 1000 3356 1059 codex
3399 1005 3587 1061 Paris.

2052 1075 2300 1145 οἷκίζεται
2327 1084 2400 1138 R.
2427 1093 2487 1138 et
2527 1082 2720 1140 Suidae
2748 1084 2880 1146 cod.
2919 1087 3095 1145 Paris.
3119 1121 3192 1131 —
3225 1097 3319 1157 40,
3359 1095 3424 1155 41
3469 1110 3586 1167 pro

2053 1164 2367 1245 φραγγέλαις
2402 1167 2608 1228 suidas
2643 1173 2853 1231 rectius
2896 1172 3071 1231 habet
3111 1177 3481 1257 φραγγελίοιςε
3513 1191 3586 1235 ut

2053 1254 2359 1331 legendum
2387 1277 2512 1317 esse
2548 1274 2742 1318 censet
2769 1264 3066 1339 Menagius
3106 1266 3176 1323 ad
3212 1267 3381 1345 Diog.
3413 1272 3478 1325 L.
3516 1269 3582 1338 6,

2052 1361 2148 1419 90.
2177 1347 2358 1402 Kos-r.
2405 1350 2474 1404 V.
2510 1347 2756 1406 Casaub.
2789 1349 2863 1407 ad
2883 1350 3094 1411 Athen.
3125 1362 3215 1422 14,
3248 1374 3311 1432 p.
3344 1357 3481 1427 647,
3508 1360 3580 1414 F.

2050 1462 2130 1473 —
2154 1438 2186 1499 4
2202 1450 2222 1487 1
2251 1427 2370 1498 τοὺς
2393 1451 2508 1493 om.
2526 1433 2753 1492 Suidas.

2127 1537 2261 1594 729,
2288 1527 2363 1596 49
2391 1519 2725 1599 σχηματίσας
2752 1526 2823 1583 R.

2132 1608 2265 1680 733,
2294 1616 2324 1676 4
2360 1614 2490 1687 ἡμῖν
2517 1607 2579 1668 τὸ
2609 1615 2698 1669 νῦν
2723 1615 2794 1670 R.

2131 1697 2266 1768 737,
2309 1715 2378 1753 10
2406 1693 2587 1768 ἐπειδὴ
2613 1701 2685 1755 R.

2132 1789 2247 1853 740
2274 1786 2345 1840 R.
2368 1782 2544 1841 habet
2561 1783 2807 1861 glossam
2833 1782 2950 1852 τοὺς
2979 1783 3191 1868 μικροὺς
3213 1793 3318 1856 σῦς.

2131 1876 2265 1943 741,
2301 1869 2373 1927 33
2411 1868 2465 1930 δὲ
2493 1869 2584 1930 καὶ
2613 1871 2701 1931 ἐπὶ
2736 1872 2945 1955 ἄρρενος
2972 1876 3100 1933 Α111.

2132 1957 2243 2029 743
2272 1954 2337 2013 τὰ
2361 1959 2549 2035 πρῶτα
2575 1957 2632 2015 δὲ
2654 1957 2817 2035 ἤγουν
2834 1958 2925 2027 τὰς
2951 1958 3116 2043 ἄκρας
3137 1962 3269 2022 Ald.

2130 2051 2263 2117 744,
2297 2045 2369 2102 38
2398 2042 2486 2105 Τὰ
2507 2045 2700 2127 ῥυγχία
2726 2067 2841 2107 0111.
2871 2054 2941 2109 R.

2128 2150 2261 2215 747,
2286 2143 2361 2213 45
2385 2146 2489 2202 τῶν
2512 2141 2776 2222 θυομένων
2801 2146 2932 2209 Ald.
2951 2179 3031 2190 —
3062 2149 3137 2216 46
3163 2147 3425 2229 μυστήρια
3437 2150 3579 2210 Ald.

3239 2244 3267 2275 τ

2046 2285 2113 2340 In
2138 2284 2209 2341 R.
2233 2281 2304 2342 311
2332 2283 2488 2342 bunc
2512 2304 2741 2343 versum
2767 2285 3120 2365 adscriptum
3148 2309 3295 2361 ποιη.

2132 2370 2268 2442 751,
2297 2373 2365 2428 51
2401 2371 2706 2451 διαπίνομεν
2728 2373 2934 2433 Suidas
2961 2393 3006 2434 s.
3026 2376 3407 2454 Διαπεινῶμεν.
3430 2410 3497 2423 -
3540 2379 3575 2436 3

2045 2457 2390 2537 ἀποδυόμενοι
2412 2461 2638 2521 suidas».

2126 2548 2260 2621 752,
2297 2570 2329 2621 7
2366 2545 2453 2606 τὸν
2479 2548 2633 2608 αὐλὸν
2663 2549 2797 2609 Λ111.

2126 2637 2259 2712 759,
2286 2638 2358 2694 23
2385 2659 2452 2713 με
2474 2636 2648 2707 παίζει
2677 2642 2748 2697 R.

2124 2735 2256 2806 760,
2287 2743 2360 2803 24
2384 2732 2613 2815 Νισαίᾳ,
2639 2731 2805 2794 male.
2836 2737 2986 2793 Nam
3014 2755 3086 2794 eo
3129 2748 3396 2826 tempore
3417 2760 3576 2800 non-

2042 2822 2180 2881 dum
2228 2832 2354 2880 erat
2399 2822 2582 2880 Nisaea
2619 2822 2729 2881 sub
2765 2822 3204 2884 Atheniensium
3252 2839 3576 2907 potestate,

2042 2931 2171 2988 quae
2198 2924 2406 2969 octavo
2452 2923 2670 2968 tantum
2718 2930 2871 2969 anno
2919 2911 3058 2972 belli
3099 2915 3572 2993 Peloponnesiaci
3649 2941 3656 2945 ·

2041 2998 2149 3061 sub
2172 3020 2375 3059 eornm
2400 2998 2708 3078 imperium
2737 3000 2925 3071 venit,
2949 3016 3014 3060 ut
3049 3018 3246 3064 narrat
3268 3007 3575 3085 Thucydi-

2041 3089 2140 3147 des
2167 3096 2223 3158 4,
2263 3088 2357 3164 69.
2394 3088 2584 3144 Multo
2622 3088 2825 3146 melius
2869 3088 3014 3147 alius
3058 3090 3424 3163 scholiastes,
3467 3099 3572 3174 qui

2039 3176 2327 3234 veriorem
2362 3173 2554 3232 reddit
2592 3194 2818 3233 causam
2838 3217 2855 3246 ,
2897 3172 2982 3234 διὰ
3023 3175 3085 3236 τὸ
3128 3179 3571 3262 θαλαττοκρατεῖν

2037 3260 2151 3329 τοὺς
2188 3258 2482 3332 Ἀθηναίους
2506 3259 2638 3341 ἔφη,
2674 3263 2818 3339 ὑμεῖς
2846 3262 3016 3321 αὐτῶν
3051 3263 3257 3344 ἄρχετε.
3289 3268 3378 3327 Ad
3408 3274 3574 3348 quod

2038 3350 2222 3421 addo,
2249 3350 2406 3426 quod
2423 3393 2440 3422 ,
2464 3349 2728 3428 quamvis
2774 3351 3149 3411 Athenienses
3176 3354 3438 3416 nondum
3462 3362 3568 3419 Ni-

2033 3456 2202 3496 saeam
2232 3437 2511 3495 haberent
2529 3483 2546 3511 ,
2571 3450 2761 3495 tamen
2792 3458 2908 3495 non
2936 3452 3063 3497 erat
3088 3439 3332 3501 liberum
3357 3449 3568 3524 Mega-

2035 3526 2298 3587 rensibus
2352 3528 2553 3586 salium
2605 3528 2901 3606 negotium
2924 3574 2941 3602 ,
2983 3550 3056 3589 eo
3104 3533 3262 3610 quod
3308 3537 3567 3597 Minoam

2035 3614 2234 3672 insulae
2279 3615 2480 3673 Nisaeae
2517 3615 2766 3673 vicinam
2819 3629 2878 3675 et
2919 3618 3118 3694 portui
3166 3621 3564 3683 imminentem

2034 3701 2305 3760 tenebant
2339 3702 2635 3779 praesidio,
2675 3715 2739 3761 ut
2775 3704 2856 3761 ait
2897 3703 3053 3764 idem
3089 3707 3460 3786 Thucydides
3509 3716 3565 3787 3,

2036 3792 2125 3850 51.
2156 3796 2407 3848 Panna.
2649 3786 2660 3797 “

2115 3887 2245 3959 763,
2277 3886 2350 3944 35
2384 3887 2601 3963 ἀγλῑθας
2634 3886 2763 3945 Ald.
2792 3888 2888 3947 1110
2917 3903 2974 3948 et
3008 3890 3170 3950 infra.
3212 3890 3432 3970 ἄγλιδας
3467 3893 3560 3961 τὰς

2031 3979 2099 4034 R.
2122 4012 2202 4026 —-
2224 3976 2293 4048 37
2325 3975 2586 4055 πασσαλῷ
2618 3979 2691 4036 R.
2716 3977 2793 4057 τῷ
2812 3977 3075 4059 πασσάλῳ
3109 3979 3240 4038 Α111.

2112 4081 2247 4136 772,
2283 4063 2316 4121 5
2346 4062 2626 4139 θυμιτιδῶν
2646 4062 2780 4125 Ald.
2807 4098 2887 4111 --
2910 4086 2942 4137 7
2972 4066 3219 4144 θυμοίτας
3251 4070 3317 4127 R.

2110 4162 2246 4223 774,
2281 4151 2349 4209 13
2371 4145 2598 4209 Διοκλέα
2623 4154 2696 4208 R.

2110 4240 2245 4311 778,
2273 4257 2346 4295 22
2372 4245 2518 4315 σιγᾶς
2540 4236 2667 4295 Ald.

2110 4328 2244 4400 781,
2276 4329 2349 4385 28
2375 4324 2520 4404 λέγει
2550 4329 2620 4383 R.

2109 4415 2243 4486 785,
2277 4417 2348 4472 33
2373 4405 2420 4493 ᾖ
2455 4412 2531 4491 μὴ
2563 4409 2741 4472 τέλεον
2769 4413 2899 4473 Ald.
2931 4410 3130 4472 τέλειον
3159 4418 3231 4473 R.
3262 4428 3322 4474 et
3348 4419 3556 4479 Suidas

2025 4522 2069 4562 s.
2094 4500 2270 4562 Κόλου
2303 4525 2359 4560 α.

2106 4525 2500 4666 786,ε36-39,
2547 4609 2658 4668 pro
2700 4588 2790 4648 his
2825 4594 2894 4648 R.
2938 4587 3112 4648 habet
3154 4579 3261 4649 οἷον
3309 4589 3409 4664 τὴν
3459 4599 3554 4653 τοῦ

2024 4673 2225 4757 ᾀνδρός.
2254 4675 2550 4757 κήρυθρὰν,
2582 4675 2754 4758 πυράν
2785 4677 2919 4754 (scr.
2939 4676 3180 4760 πυρράν).
3208 4676 3354 4757 λέγει
3376 4678 3434 4741 δὲ
3458 4685 3553 4741 τοῦ

2022 4761 2205 4844 ἀνδρὸς
2236 4761 2297 4821 τὸ
2319 4764 2531 4824 αἰδοῖον.
2556 4766 2602 4822 εἰ
2620 4763 2824 4846 τρέφειν
2851 4762 3045 4832 ἐθέλεις
3067 4768 3292 4846 χοίρους.

2102 4851 2235 4925 803,
2267 4852 2335 4909 16
2373 4852 2486 4911 ἐπεὶ
2512 4850 2569 4911 δὲ
2606 4850 2713 4912 ἀπὸ
2740 4857 2830 4912 τοῦ
2873 4852 3229 4932 ἰσχναίνεσθαι
3261 4854 3474 4915 Suidas
3505 4875 3551 4915 ⁸.

2019 4936 2269 5006 Φίὸαλις.
2304 4940 2631 5019 Legebatur
2654 4940 2767 5000 ἐπεὶ
2795 4938 2900 5000 ἀπὸ
2926 4944 3018 5000 τοῦ
3038 4943 3337 5021 ἷσχνᾶσθαι.

2101 5025 2237 5100 807,
2268 5047 2343 5086 20
2370 5026 2554 5107 ἀθρόον
2584 5027 2712 5088 Ald.
