3859 5725
453 325 563 375 ⁴02

528 442 677 520 ‘⁴9⁸2
718 440 755 497 6
781 440 1080 498 πλεονεκτεῖ
1130 442 1432 497 Kusterus.
1464 438 1758 496 πλεονεκτῶ
1795 442 1864 495 V.
1905 436 1978 496 Θ.

449 531 571 588 ΑΜ.
602 526 812 588 ἐκείνων
839 528 911 588 Θ.

531 619 636 675 3οι
661 660 678 688 ,
715 618 784 675 ι6
813 615 1032 676 διδόναι.
1062 619 1090 674 ὁ
1120 613 1306 674 Κλέων
1333 610 1387 672 δὲ
1416 611 1497 693 (δὲ
1541 634 1654 672 οιιι.
1701 611 1796 690 Θ.)
1838 610 1981 691 λέγει

447 705 603 765 οἱονεὶ
628 702 966 765 ἀδεκάτευτον
988 702 1126 783 ἔχων
1159 700 1318 781 (ἔχειν
1349 701 1441 780 Θ.)
1466 701 1647 760 οὐσίαν
1669 704 1742 756 V.
1767 700 1837 760 Θ.

531 796 596 850 3ι
618 814 641 850 ι
674 789 997 872 ἀναταράξαι
1024 791 1093 849 Θ.

533 883 676 950 3ι3,
709 882 782 951 48
810 878 909 951 τὴν
946 877 1099 938 πόλιν
1135 875 1427 956 λαμὸάνειν
1471 872 1654 940 αὗτούς
1690 873 1894 933 Suidas
1937 891 1981 932 S.

450 968 836 1036 Θυννοσκόπος.
864 966 1086 1027 Deinde
1110 968 1185 1025 ὃν.
1212 963 1268 1024 δὲ
1296 965 1367 1025 Θ.

534 1060 669 1129 3ι4,
707 1058 779 1115 52
809 1053 1161 1136 συρράπτεται
1202 1052 1404 1113 Suidas
1430 1073 1475 1111 s.
1518 1047 1836 1112 Καττύεται.
1882 1047 1983 1129 ῥά-

451 1167 571 1203 πτει
602 1144 730 1203 Ald.

536 1234 649 1290 316
674 1232 856 1311 ἰσχνοῦ
883 1232 1077 1289 λεπτοῦ
1103 1229 1192 1288 καὶ
1218 1225 1431 1309 βύρσου.
1459 1226 1549 1285 καὶ
1574 1224 1639 1298 δὴ
1665 1227 1736 1291 ὣς
1762 1226 1833 1286 Θ.

534 1323 670 1393 317,
698 1341 728 1393 7
760 1326 867 1385 τοῖς
896 1320 1067 1377 αὐτῶν
1089 1321 1161 1385 ὥς
1182 1314 1274 1375 καὶ
1300 1314 1392 1382 τὰς
1415 1317 1487 1377 Θ.

534 1409 648 1467 325
673 1411 739 1466 V.
768 1407 840 1467 Θ.
871 1419 1005 1485 post
1030 1407 1415 1487 παρακολουθεῖ
1435 1404 1656 1463 addunt
1683 1402 1817 1480 μόνη
1859 1401 1986 1479 (μο-

452 1520 550 1564 νως
577 1494 670 1570 V.)
690 1496 793 1578 γάρ
820 1515 949 1576 φησι
966 1503 1275 1576 προηγεῖται
1293 1496 1398 1552 τῶν
1421 1492 1653 1575 ρητόρων
1671 1495 1706 1563 ἡ
1728 1488 1986 1559 ἀναίδεια,

448 1586 729 1644 omittunt
761 1595 950 1642 autem
976 1582 1273 1659 sequentia
1298 1580 1624 1639 καθάπτεται
1642 1581 1748 1637 τῶν
1771 1581 1888 1659 ῥητ.
1915 1579 1988 1642 ὥς

451 1675 515 1729 ἀν
519 1678 627 1731 ,Ιιι
652 1677 722 1731 G.
754 1682 939 1729 totum
958 1669 1220 1728 scholion
1253 1670 1364 1727 hoc
1392 1680 1478 1726 est
1489 1688 1718 1749 ,προηγ.
1744 1668 1925 1745 τῶνῤ.
1950 1668 1986 1735 ἡ

454 1758 710 1832 αναίδεια,
731 1755 1046 1838 προίστηκε,
1076 1777 1276 1838 παρακ.
1312 1755 1466 1833 μόνη.

536 1849 676 1915 326,
726 1856 800 1915 4²
830 1842 1157 1916 ἀπανθίζεις,
1200 1840 1513 1921 ἀποδρέπεις
1559 1842 1630 1902 Θ.
1677 1837 1987 1922 ἅποδρίπεις

446 1938 625 1996 etiam
653 1941 724 1994 V.
741 1973 803 1986 -
825 1942 896 2004 41.
928 1931 1197 2013 ἀώρωςΘ.
1228 1943 1286 1988 et
1307 1932 1356 1988 oi
1381 1929 1706 1994 κλέπτοντες.

538 2028 672 2096 327,
693 2025 767 2091 46
789 2011 922 2081 εἶναι
951 2039 1064 2079 om.
1090 2018 1290 2077 Suidas
1308 2039 1354 2076 s.
1380 2016 1643 2078 Λείὸεται.
1654 2047 1718 2059 --
1737 2017 1814 2081 48
1838 2014 1990 2088 Ἀθή-

453 2136 577 2186 νησι
598 2116 668 2174 Θ.
707 2125 765 2170 et
792 2134 851 2170 π.
882 2108 977 2188 μὲν
999 2098 1109 2168 οὗν.
1132 2144 1197 2157 -
1231 2108 1305 2165 50
1328 2114 1435 2173 τοῖς
1472 2127 1587 2164 om.
1635 2107 1703 2165 Θ.
1746 2103 1988 2187 δακρύοις

455 2200 679 2261 Suidas.
698 2236 763 2248 -
782 2199 857 2257 53
907 2194 1152 2279 Θούριον.
1197 2195 1488 2271 Hesych.:
1518 2191 1853 2271 Ἰπποδαμου
1898 2191 1987 2251 νέ-

456 2312 640 2368 μησις·
668 2287 755 2347 τὸν
791 2289 1011 2367 Πειραιᾶ
1037 2283 1363 2362 Ἱππόδαμος
1398 2284 1738 2363 Εὐρυφῶντος
1769 2289 1920 2352 παῖς,
1960 2285 1990 2340 ὁ

455 2379 543 2437 καὶ
583 2373 996 2456 μετεωρολόγοις,
1045 2373 1230 2431 διεῖλεν
1273 2368 1580 2442 Ἀθηναίοις.
1632 2360 1782 2481 οὗτρς
1822 2368 1877 2429 δὲ
1920 2360 1987 2441 ἦν

454 2467 545 2526 καὶ
575 2471 603 2524 ὁ
634 2464 951 2542 μετοικήσας
989 2463 1062 2527 εἰς
1101 2457 1388 2538 Θουρίους,
1427 2456 1751 2530 Μιλήσιος*
1715 2481 1806 2517 ων.
1838 2459 1989 2516 Hinc

454 2553 680 2633 Θούριος
707 2563 950 2610 vocatur
973 2548 1047 2606 ab
1073 2546 1394 2605 scholiasta.
1413 2552 1633 2605 Βιιιοι.
1664 2550 1986 2605 Comment.

458 2664 512 2718 p.
541 2638 795 2706 §.z-51.
827 2635 1000 2696 λείπει
1037 2633 1093 2693 δὲ
1125 2638 1155 2693 δ
1180 2632 1444 2715 ὀφθαλμός
1488 2632 1653 2692 addit
1682 2633 1812 2692 Ald.
1855 2645 1989 2712 post

452 2721 612 2801 ἦν.-
640 2750 688 2786 ι.
713 2725 901 2803 Hujus
923 2723 1126 2783 scholii
1155 2735 1362 2782 auctor
1381 2719 1717 2798 Ἱππόδαμος,
1732 2741 1850 2780 non
1877 2719 1991 2781 Ἱπ-

453 2816 730 2896 ποδοίμου,
758 2815 929 2895 legit,
956 2831 1154 2873 errore
1199 2812 1500 2875 manifesto
1516 2826 1728 2887 ,tquem
1766 2813 1991 2870 notavit

454 2907 835 2967 Schneiderus
854 2904 927 2962 ad
946 2901 1221 2980 Xenoph.
1243 2902 1388 2959 Hist.
1408 2905 1512 2959 Gr.
1536 2919 1595 2970 a,
1614 2907 1670 2974 4,
1695 2921 1718 2957 ι
1734 2921 1782 2957 ι.
1807 2904 1986 2959 Dum.

452 3036 515 3048 -
535 3018 569 3055 a
593 3000 665 3063 ὣς
685 2987 774 3055 οὗν
803 2993 893 3053 καὶ
926 2997 1020 3051 τοῦ
1047 2994 1119 3051 Θ.
1141 3028 1204 3042 -
1226 2993 1258 3050 3
1285 2988 1341 3049 δὲ
1368 3011 1483 3049 οιιι.
1521 2994 1587 3047 V.
1622 2990 1693 3050 Θ.
1721 2989 1990 3048 ιΒίιιάοτ·

455 3091 561 3145 lius
584 3108 597 3142 z
628 3087 732 3144 His
757 3082 961 3142 addam
985 3101 1116 3158 quae
1136 3080 1207 3138 de
1238 3079 1475 3139 scholiis
1503 3078 1576 3137 ad
1607 3079 1665 3137 h.
1696 3099 1754 3137 v.
1779 3077 1987 3157 dispu-

454 3177 598 3234 tavit
643 3174 896 3232 Meierus
923 3172 981 3229 in
1008 3167 1485 3249 ephemeridibus
1526 3187 1656 3245 quae
1697 3168 1990 3245 inscripta!

453 3276 587 3322 sunt
614 3261 1016 3337 Philologisclne
1042 3261 1267 3315 Bliitter
1291 3257 1612 3332 (Vratislav.
1652 3256 1823 3329 1817,
1849 3256 1986 3314 fasc.

454 3370 521 3422 a,
554 3371 613 3428 p.
647 3346 967 3424 178-185),
990 3345 1214 3404 omissis
1238 3345 1529 3403 nonnullis
1555 3364 1684 3422 quas
1713 3345 1786 3402 ad
1825 3345 1988 3404 sutile

451 3437 594 3496 illud
613 3437 1065 3495 additamentum
1087 3444 1369 3510 spectant,
1387 3430 1558 3490 λείπει
1579 3429 1634 3489 δὲ
1655 3434 1682 3488 ὁ
1701 3430 1987 3511 ὀφθαλμός,

453 3527 611 3606 quod
642 3538 972 3584 nostrorum
1000 3521 1268 3579 codicum
1308 3520 1653 3577 auctoritate
1696 3519 1987 3597 ejecimus.

453 3621 654 3673 «Duae
707 3615 767 3671 in
810 3611 1044 3669 scholiis
1093 3610 1458 3687 explicantur
1497 3606 1808 3679 lectiones,
1849 3626 1988 3666 vera

454 3703 616 3783 prior
644 3704 673 3758 ὁ
700 3700 746 3758 δ’
769 3697 1132 3774 Ἱπποδάμου,
1153 3697 1293 3753 falsa
1315 3695 1495 3753 altera
1518 3697 1548 3752 ὁ
1576 3693 1621 3751 δ’
1644 3690 1986 3772 Ἱππόδαμος.

452 3791 578 3849 Nisi
604 3789 755 3847 enim
787 3785 1221 3864 Hippodamum
1248 3781 1518 3859 intelligis
1540 3782 1835 3840 hominem
1876 3783 1987 3841 ali—

454 3896 626 3977 quem
673 3875 745 3934 de
788 3874 994 3950 vulgo,
1039 3873 1179 3930 alias
1216 3871 1509 3947 ignotum,
1551 3883 1615 3927 ut
1645 3891 1762 3928 non
1789 3871 1987 3949 inepte

454 3965 778 4042 suspicatur
805 3958 1110 4021 scholiasta
1146 3970 1505 4036 postremus,
1542 3959 1705 4016 illum
1732 3958 1984 4017 nobilem

453 4052 910 4131 Hippodamum,
920 4067 1091 4127 quem
1109 4048 1272 4127 prior
1287 4048 1592 4106 scholiasta
1607 4047 1986 4124 intellexerat,

452 4155 511 4201 et
541 4154 870 4217 temporum
909 4151 967 4196 et
1006 4155 1197 4195 rerum
1245 4137 1392 4195 ratio
1434 4136 1763 4195 excludunt.
1794 4142 1985 4197 Locus

453 4231 725 4289 classicus
750 4227 824 4285 de
867 4224 1236 4303 Hippodamo
1277 4225 1501 4284 Milesio
1544 4237 1631 4282 est
1664 4225 1820 4303 apud
1855 4227 1985 4285 Ari-

453 4331 586 4377 stot.
619 4324 698 4375 De
723 4335 846 4393 rep.
878 4335 934 4387 a,
959 4316 994 4371 6
1024 4314 1120 4391 (al.
1151 4313 1231 4391 8),
1263 4312 1367 4372 ubi
1397 4325 1461 4371 ut
1486 4315 1704 4391 primus
1747 4314 1983 4374 illorum

453 4405 803 4481 celebratur,
827 4404 927 4479 qui
953 4421 1131 4479 quum
1156 4421 1276 4460 rem
1308 4400 1597 4478 publicam
1622 4421 1737 4459 non
1768 4402 1984 4480 attigis—

452 4507 601 4567 sent,
622 4494 915 4551 civitatem
946 4503 1133 4550 tamen
1159 4490 1549 4550 condidissent
1576 4510 1692 4548 non
1721 4491 1983 4551 manibus

453 4574 555 4633 sed
595 4571 903 4632 mentibus.
948 4576 1163 4630 Praeter
1208 4570 1356 4629 hanc
1399 4569 1719 4628 liberalium
1771 4571 1981 4629 artium

451 4664 822 4764 honestaque
856 4660 987 4717 vitae
1024 4658 1248 4717 laudem
1280 4679 1395 4717 non
1436 4658 1625 4716 minus
1659 4656 1983 4717 celebratur

446 4750 576 4852 ‹J’us
602 4768 809 4808 nomen
838 4749 897 4806 in
924 4747 1343 4820 architectura,
1381 4744 1613 4803 urbium
1642 4745 1796 4803 enim
1824 4744 1978 4803 divi-

448 4839 629 4897 sionis
659 4850 864 4896 auctor
887 4849 1014 4895 est:
1037 4833 1134 4907 τὴν
1165 4837 1272 4894 τῶν
1300 4833 1505 4894 πόλεων
1552 4832 1801 4914 διαίρεσιν
1834 4825 1980 4916 εὗρε,

454 4925 898 4986 Atheniensibus
943 4926 1000 4983 in
1060 4927 1273 4984 Piraeeo
1328 4923 1678 4982 exstruendo
1743 4942 1979 5024 operam

451 5014 711 5087 navavit,
749 5013 839 5073 τὸν
882 5014 1112 5095 Πειραιᾶ
1155 5010 1448 5090 κατ-ἔτεμε,
1485 5012 1642 5090 quod
1690 5013 1860 5089 quale
1903 5012 1981 5070 sit

446 5109 796 5181 κατατεμεῖν,
845 5115 907 5160 ιιι
937 5102 1182 5159 divinari
1215 5100 1642 5178 quodammodo
1674 5113 1862 5178 potest
1903 5120 1976 5158 ex

1578 304 2026 367 ADNOTATlo
2070 304 2147 365 ΙΝ
2192 303 2456 367 SCHOL.

2064 433 2439 492 antecedente
2469 430 2747 515 διαίρεσιν,
2783 434 2860 492 ita
2906 454 3013 494 nos
3042 435 3100 493 in
3141 435 3436 496 diversum
3479 450 3604 499 tra-

2064 520 2209 579 hunt
2251 533 2373 581 tum
2422 521 2680 581 virorum
2722 522 3027 582 doctorum
3087 525 3444 584 Aristotelici
3485 527 3601 586 loci

2062 610 2569 688 interpretationes
2613 623 2736 668 tum
2796 611 3369 689 Lexicographorum
3413 628 3602 686 nota,

2062 717 2313 775 quorum
2349 699 2467 758 fere
2492 699 2640 757 alius
2662 700 2777 757 alio
2805 698 2985 757 verbo
3015 701 3227 775 utitur,
3258 700 3331 759 ad
3354 702 3505 762 hanc
3528 703 3604 763 ab

2062 786 2433 864 Hippodamo
2473 788 2693 845 Piraeeo
2738 788 3059 865 impensam
3096 809 3334 867 operam
3378 791 3603 867 signifi-

2062 874 2323 936 candam.
2351 875 2704 935 Lambinus.
2737 879 3014 932 Piroeeum
3048 876 3125 934 ab
3166 876 3304 936 urbe
3335 886 3600 952 sejunxit.

2062 961 2394 1021 Victorius:
2422 963 2704 1021 Piraeeum
2725 965 2956 1021 discidit.
2982 964 3313 1022 Meursius'
3297 984 3356 1023 ιιι
3381 966 3605 1025 Piraeeo

2063 1067 2189 1126 cap.
2223 1069 2279 1121 a,
2314 1065 2373 1108 et
2404 1052 2471 1108 P.
2498 1053 2785 1119 disset-uin
2832 1055 3118 1130 Harpocr.
3149 1071 3197 1112 s.
3241 1072 3297 1109 v.
3336 1049 3602 1113 Ἱπποδά-

2064 1157 2224 1213 μεια,
2267 1138 2457 1197 sorum
2494 1139 2555 1198 in
2583 1140 2799 1197 Piraeeo
2825 1152 3096 1197 vocatum
3133 1139 3608 1218 Hippodameam

2064 1223 2139 1283 ab
2166 1225 2536 1303 Hippodamo
2563 1227 2793 1286 Milesio
2823 1227 3144 1286 architecto
3178 1232 3272 1286 τοῦ
3308 1230 3606 1308 οἰκοδομη-

2066 1312 2296 1391 σαμένου
2321 1313 2609 1386 Ἀθηναίοις
2627 1313 2716 1373 τὸν
2747 1317 2993 1395 Πειραιᾶ,
3013 1334 3142 1392 quae
3160 1317 3362 1375 eadem
3393 1319 3610 1398 repetit

2065 1402 2224 1461 Suid.
2253 1422 2299 1460 s.
2332 1423 2382 1462 v.
2414 1401 2773 1477 Ἱπποδάμεια
2800 1404 2985 1484 ἀγορά.
3017 1405 3378 1480 Hesychius:
3412 1406 3606 1467 Ἱππο-

2067 1488 2238 1568 δάμου
2261 1488 2481 1568 νέμησις
2495 1515 2508 1528 ·
2536 1491 2629 1551 τὸν
2651 1494 2882 1571 Πειραιᾶ
2907 1489 3236 1570 Ἱππόδαμος
3259 1495 3609 1576 Εὗρυφὸντος

2064 1586 2191 1646 παῖς
2217 1579 2322 1657 (sic
2351 1599 2422 1638 ex
2450 1581 2691 1640 Aristot.
2723 1581 3024 1658 legendum
3062 1601 3188 1640 esse
3214 1602 3326 1660 pro
3359 1583 3609 1664 Εὐρυδά-

2066 1688 2212 1734 οντος
2236 1669 2462 1727 monuit
2476 1668 2520 1747 j·
2507 1689 2598 1727 am
2627 1669 2970 1728 Meursiusl.
2994 1670 3269 1746 1.)διεῖλεν
3298 1670 3607 1744 Ἀθηναίοις·

2066 1745 2215 1822 οὗτος
2238 1755 2295 1814 δὲ
2321 1748 2386 1829 ἦν
2412 1756 2502 1816 καὶ
2531 1763 2561 1817 ὁ
2583 1756 2902 1835 μετοικήσας
2925 1760 2994 1824 εἰς
3017 1757 3277 1860 Θουρίους
3305 1760 3410 1836 (sic
3429 1761 3604 1819 Vale-

2069 1843 2187 1901 sius
2227 1844 2300 1902 ad
2344 1849 2630 1923 Harpocr.
2661 1847 2959 1925 rescripsit
2996 1867 3106 1925 pro
3140 1848 3339 1927 inepto
3368 1849 3609 1930 Σατυρι-

2067 1931 2245 2009 κοὺς),
2289 1932 2614 2004 Μιλήσιος’
2578 1959 2672 1994 ων.
2714 1935 2985 2008 photius,
3021 1934 3275 2013 διένειμεν
3320 1936 3611 2009 Ἀθηναίοις

2066 2016 2155 2077 τὸν
2191 2021 2439 2100 Πειραιᾶ.
2482 2027 2621 2081 Lex.
2655 2021 2874 2081 rhetor.
2919 2024 2981 2080 in
3013 2024 3289 2082 Anecdot.
3339 2027 3518 2085 Bekk.
3549 2047 3607 2105 p.

2071 2108 2206 2177 266,
2238 2129 2310 2181 27
2338 2133 2351 2167 :
2391 2109 2597 2169 Ἱπποδ.
2625 2109 2820 2192 ἀγορά·
2844 2115 3003 2177 τόπος
3038 2112 3093 2169 ἐν
3120 2115 3199 2192 τῷ
3228 2115 3474 2193 Πειραιεῖ
3502 2115 3610 2174 ἀπὸ

2072 2193 2398 2272 Ἱπποδάμου
2429 2197 2695 2270 Μιλησίου
2729 2198 3096 2280 ἀρχιτέκτονος
3120 2201 3439 2271 ποιήσαντος
3458 2201 3610 2274 Ἀθη·

2068 2281 2229 2349 ναίοις
2249 2281 2337 2341 τὸν
2369 2287 2599 2366 Πειραιᾶ
2626 2285 2716 2344 καὶ
2745 2286 3134 2364 κατατεμόντος
3165 2290 3254 2358 τῆς
3281 2287 3487 2356 πόλεως
3513 2291 3608 2356 τὰς

2068 2368 2233 2436 ὁδούς·
2261 2372 2472 2450 quibus
2500 2374 2735 2432 accedat
2760 2375 3010 2452 denique
3045 2374 3223 2433 schol.
3252 2389 3458 2435 noster
3485 2399 3607 2436 συν-

2066 2458 2262 2536 ἤγαγεν
2290 2458 2378 2520 τὸν
2404 2463 2554 2543 Πειρ.
2580 2459 2718 2521 κατὰ
2749 2460 2817 2520 τὰ
2841 2461 3094 2536 Μηδικὰ,
3119 2464 3304 2542 quod,
3323 2465 3373 2522 si
3407 2471 3605 2526 Meur-

2068 2547 2155 2605 sio
2177 2549 2345 2620 fides,
2365 2558 2657 2624 conjunxit
2677 2551 3176 2629 interpretandum
3203 2564 3309 2610 est.
3336 2554 3453 2612 Sed
3475 2567 3610 2613 utut

2068 2633 2178 2692 snit
2210 2655 2390 2714 opera
2432 2638 2578 2716 ipsa,
2609 2650 2798 2697 tamen
2845 2651 3172 2717 temporum
3207 2653 3346 2699 nota
3371 2641 3515 2700 κατὰ
3539 2641 3606 2701 τὰ

2069 2723 2287 2794 Μηδικὰ
2316 2726 2482 2798 facit,
2527 2739 2596 2784 ut
2636 2726 2709 2784 ad
2751 2726 2812 2785 id
2843 2739 3075 2805 tempus
3117 2727 3607 2808 reseramus,quo

2068 2810 2458 2873 Themistocle
2511 2827 2762 2893 praetore
2812 2816 3063 2879 Piraeeus
3115 2817 3330 2876 muniri
3382 2832 3608 2898 coeptus

2068 2911 2184 2971 est,
2215 2902 2378 2977 cujus
2408 2920 2591 2959 annus
2615 2922 2805 2979 neque
2840 2915 2927 2961 est
2953 2904 3046 2963 Ol.
3083 2904 3228 2977 71⁴},
3257 2925 3441 2981 quum
3459 2950 3479 2976 ,
3506 2909 3608 2984 qui

2069 2985 2150 3043 ibi
2177 2988 2235 3045 in
2260 2989 2419 3047 fastis
2453 2990 2659 3066 legitur
2704 2990 3148 3065 Themistocles,
3179 2991 3442 3052 diversus
3483 3012 3605 3054 esse

2070 3074 2276 3133 debeat
2303 3076 2377 3136 ab
2407 3078 2504 3135 illo
2526 3097 2734 3156 magno
2762 3094 2820 3137 et
2875 3093 3004 3151 aut,
3036 3093 3099 3139 ut
3126 3080 3404 3157 Lydiatus
3429 3097 3603 3161 puta-

2069 3165 2167 3236 vit,
2194 3163 2367 3243 huJ'us
2388 3179 2630 3243 patruus
2648 3180 2749 3225 aut
2776 3187 2849 3226 ne
2870 3169 2988 3226 ulla
3011 3168 3242 3245 quidem
3261 3173 3606 3250 cognatione

2069 3272 2199 3310 cum
2226 3272 2297 3311 eo
2319 3253 2661 3331 conjunctus
2701 3256 2946 3332 (Coi-sin.
2979 3261 3120 3315 Ra.
3143 3258 3257 3316 vol.
3308 3280 3334 3316 1
3354 3301 3371 3330 ,
3405 3280 3460 3338 p.
3494 3262 3601 3320 336

2066 3360 2226 3418 sqq.;
2273 3343 2387 3400 vol.
2431 3348 2485 3412 3,
2526 3363 2584 3420 p.
2635 3344 2799 3420 243);
2824 3364 3033 3422 neque,
3074 3347 3234 3421 quod
3272 3347 3604 3407 Dodwellns

2066 3431 2366 3506 opinatur,
2407 3430 2497 3489 Ol.
2538 3429 2610 3503 74
2635 3430 2666 3497 ἓ
2690 3451 2820 3489 cum
2865 3431 3004 3513 ἀρχή
3052 3432 3150 3492 illa
3198 3434 3603 3496 Themistoclis

2067 3514 2273 3574 debeat
2299 3531 2432 3595 post
2455 3518 2711 3577 relictam
2741 3538 2775 3577 a
2797 3521 2984 3578 Persis
3002 3521 3284 3580 Graeciam
3309 3541 3599 3601 pugnam-

2066 3622 2180 3681 que
2208 3605 2570 3665 Plataeensem
2598 3607 2873 3681 incidere,
2902 3610 3125 3669 Corsin.
3156 3610 3270 3668 vol.
3306 3612 3370 3684 3,
3394 3631 3452 3689 p.
3494 3615 3601 3673 160

2067 3712 2216 3768 sqq.;
2248 3692 2493 3752 libenter
2528 3695 2730 3773 itaque
2757 3715 2890 3754 cum
2917 3698 3184 3756 Corsinio
3214 3718 3435 3757 annum
3473 3719 3600 3758 ma-

2065 3780 2335 3856 gistratus
2371 3782 2775 3840 Themistoclis
2809 3784 2900 3842 Ol.
2957 3785 3032 3856 75
3062 3789 3098 3858 {-
3137 3784 3387 3844 dixerim
3409 3832 3428 3865 ,
3483 3809 3601 3866 quo

2063 3867 2192 3944 ipso
2221 3889 2374 3928 anno
2401 3870 2813 3929 Themistocles
2846 3891 2964 3930 non
2986 3872 3222 3950 quidem
3249 3872 3424 3955 ἀρχὴν
3452 3876 3600 3935 ἑπώ-

2064 3975 2245 4030 νυμον,
2272 3955 2371 4014 sed
2395 3958 2566 4015 aliam
2591 3958 3026 4031 administravit,
3053 3960 3249 4018 nescio
3277 3980 3469 4038 quam.
3493 3963 3602 4022 Sed

2066 4042 2238 4100 redeo
2277 4042 2348 4101 ad
2389 4045 2817 4123 Hippodamum
2861 4059 3156 4120 nostrum,
3184 4049 3287 4125 qui
3326 4052 3600 4126 quoniam

2064 4129 2155 4187 ol.
2215 4130 2288 4201 75
2312 4139 2348 4208 {-
2377 4146 2535 4191 certe
2573 4133 2930 4192 tricesimum
2965 4136 3149 4195 aetatis
3192 4155 3408 4194 annum
3453 4138 3599 4216 egit,

2064 4218 2283 4297 quippe
2301 4221 2399 4277 vix
2431 4221 2593 4298 prius
2619 4220 2693 4279 ad
2720 4234 2937 4279 tantam
2965 4222 3106 4281 artis
3138 4223 3363 4281 laudem
3391 4245 3600 4303 perve-

2063 4307 2187 4365 nire
2216 4309 2437 4385 potuit,
2468 4321 2533 4366 ut
2560 4309 2819 4368 Milesius
2850 4322 3007 4368 tanto
3046 4312 3210 4389 operi
3246 4313 3598 4390 perficiendo

2062 4406 2122 4453 et
2148 4395 2380 4473 quidem
2431 4397 2666 4456 Athenis
2704 4397 3104 4469 adhiberetur,
3147 4417 3220 4457 eo
3264 4419 3449 4472 anno,
3479 4422 3597 4480 quo

2060 4482 2181 4540 haec
2210 4484 2483 4561 Equitum
2516 4484 2709 4544 sabula
2731 4498 2858 4544 acta
2881 4498 2997 4557 est,
3028 4485 3117 4545 01.
3146 4487 3244 4558 88,
3271 4495 3327 4558 4,
3360 4502 3597 4568 octoge-

2061 4572 2255 4630 narius
2280 4573 2480 4631 saltem
2503 4573 2630 4645 fuit,
2648 4594 2763 4652 qua
2778 4572 3009 4651 quidem
3039 4586 3203 4633 aetate
3224 4594 3359 4633 cum
3383 4576 3597 4636 Cleone

2060 4659 2244 4718 nullas
2262 4659 2555 4738 suscipere
2569 4663 2762 4738 potuit
2784 4661 3111 4720 inimicitias
3115 4680 3336 4740 ,neque
3356 4667 3594 4723 omnino

2060 4768 2315 4827 unquam
2342 4751 2612 4828 suscepit,
2640 4751 2688 4808 si
2717 4751 3008 4808 Milesium
3040 4751 3217 4809 fuisse
3243 4753 3592 4824 memineris,

2060 4836 2344 4909 Thurios,
2370 4858 2547 4941 quOum
2578 4837 2698 4896 haec
2727 4839 2956 4898 colonia
2992 4838 3372 4911 conderetur,
3403 4842 3593 4919 profe-

2059 4936 2234 4983 ctum.
2260 4924 2371 4984 Sed
2400 4927 2570 4985 nimis
2592 4927 2711 5005 jam
2756 4927 2938 4985 multa
2981 4926 3056 4986 de
3081 4883 3454 5006 Hippodaino
3484 4930 3594 4988 Mi-

2058 5010 2230 5083 lesio,
2253 5012 2333 5070 ita
2361 5024 2552 5072 tamen
2580 5014 2735 5072 claro
2762 5015 3107 5085 architecto,
3139 5027 3205 5072 ut
3232 5014 3307 5073 ab
3351 5034 3426 5073 eo
3465 5014 3590 5073 sin-

2060 5099 2269 5177 gularis
2319 5100 2604 5159 condendi
2642 5102 2791 5160 ratio
2831 5103 3165 5161 nominetur
3208 5100 3457 5183 νεώτερος
3498 5101 3590 5161 καὶ
