3859 5725
1436 246 1834 322 scflotlA
1882 264 1979 325 IN
2028 266 2414 335 PLUTUM.

314 368 529 452 εὕρηται
546 417 563 446 ,
590 372 708 454 οὐχὶ
739 373 1023 455 βούλευμα.
1057 379 1110 436 ἐν
1135 377 1190 438 δὲ
1216 383 1292 461 τῷ
1324 380 1461 442 ὥστε
1488 386 1726 464 γενέσθαι
1763 414 1873 450 πα-

312 461 791 540 ραπληρωματικὸν
818 469 987 522 κεῖται
1010 463 1070 524 τὸ
1088 488 1173 539 τε,
1197 470 1269 535 ὡς
1290 469 1382 528 καὶ
1406 473 1457 529 ἐν
1487 477 1563 554 τῷ
1585 467 1689 535 οἷόν
1708 501 1785 539 τε.
1815 479 1875 539 τὸ

310 544 365 604 δὲ
392 545 561 627 βλέψῃ
577 593 594 624 ,
623 547 715 606 καὶ
743 547 819 625 μὴ
842 550 1034 631 τυφλὸς
1056 549 1128 610 ὢν
1153 562 1437 639 περινοστῇ
1453 604 1470 632 ,
1501 562 1652 632 δηλοῖ
1678 566 1739 623 ἐκ
1765 589 1873 624 πα·

310 633 572 712 ραλλήλου
600 634 790 695 ταύτὸν
815 638 1105 715 σημαίνειν.
1134 640 1194 700 τὸ
1218 644 1272 701 δὲ
1300 647 1590 724 βαδιεῖται,
1611 651 1704 709 καὶ
1744 676 1874 734 φευ-

253 737 278 775 5
307 719 469 789 ξειται
486 766 502 794 ,
528 724 585 784 οὗ
622 723 779 800 μόνον
803 726 1058 799 Αἷολικὰ,
1084 727 1185 788 εἴτε
1223 733 1469 814 Δωρικὰ,
1499 738 1615 796 ἀλλ’
1642 738 1744 813 ἤδη
1782 741 1873 801 καὶ

306 808 534 868 Ἀττικά.
571 809 632 869 τὸ
667 810 723 869 δὲ
756 811 923 884 δήπου
956 814 1318 893 βεὸαιωτικόν.
1344 821 1406 879 τὸ
1452 821 1505 882 δὲ
1535 824 1652 894 τοὺς
1693 827 1746 887 δὲ
1776 852 1874 888 πο-

304 896 490 977 νηροὺς
513 897 604 955 καὶ
628 897 745 966 τοὺς
772 899 973 973 ἀθέους,
1003 903 1079 971 δὶς
1091 906 1312 965 ἐνταῦθα
1329 908 1533 990 εἴρηται
1556 913 1644 972 διὰ
1667 914 1727 974 τὸ
1754 916 1875 975 καί·

305 1008 430 1067 ριονξ
473 994 645 1045 κεῖται
675 988 730 1045 δὲ
758 988 849 1047 καὶ
890 988 1006 1067 μετ’
1038 992 1209 1072 ὀλίγα.
1247 995 1309 1054 τὸ
1347 998 1402 1057 δὲ
1442 999 1661 1076 τούτων,
1696 1006 1741 1062 εἰ
1776 1003 1871 1083 μὲν

303 1073 595 1154 ἀρσενικὸν,
633 1077 736 1134 τῶν
781 1081 1026 1156 χρηστῶν
1066 1081 1368 1163 ἀνθρώπων·
1415 1088 1544 1147 εἰδὲ
1587 1090 1872 1172 οὐδέτερον,

225 1179 274 1217 10
301 1152 375 1220 ιῖιν
404 1152 462 1220 εῧ
482 1162 777 1242 πάσχουσιν
798 1167 846 1222 οἱ
874 1167 1113 1245 χρηστοί.
1143 1168 1262 1239 τοὺς
1281 1171 1336 1231 δὲ
1363 1172 1431 1232 τὰ
1459 1179 1572 1236 θεῖα
1594 1176 1871 1253 σέὸοντας,

299 1253 370 1317 ὥς
393 1249 653 1318 ἐναντίους
692 1252 798 1319 τοῖς
833 1252 1000 1322 ἀθέοις
1031 1255 1191 1316 ἔθετο·
1230 1261 1451 1322 ἐνταῦθα
1485 1264 1540 1323 δὲ
1572 1264 1668 1347 ὅρα
1698 1267 1759 1327 τὸ
1786 1269 1874 1327 σε’-

299 1337 513 1411 ὅοντας,
533 1344 621 1396 νῦν
648 1336 741 1416 μὲν
760 1339 943 1419 λεχθὲν
960 1344 1328 1426 ἔνεργητικῶς,
1354 1350 1502 1432 παρὰ
1526 1352 1582 1412 δὲ
1597 1355 1703 1422 τοῖς
1723 1353 1871 1416 ὅστε-

300 1449 388 1507 ρον
412 1425 478 1485 τὰ
511 1427 677 1486 πλείω
704 1433 1022 1502 παθητικῶς·
1050 1432 1111 1492 τὸ
1154 1434 1209 1493 δὲ
1231 1438 1435 1507 πάντας
1468 1442 1756 1522 χρηστοὺς,
1793 1444 1872 1502 ὅτι

297 1518 347 1573 οἱ
373 1515 591 1595 πονηροὶ
617 1513 736 1583 τοὺς
765 1517 987 1595 ἀγαθοὺς
1007 1520 1200 1592 ἰδόντες
1227 1525 1313 1585 διὰ
1335 1533 1490 1588 τοῦτο
1517 1521 1577 1589 εὗ
1607 1531 1871 1610 πράττον-

216 1622 267 1661 ι5
290 1627 418 1678 τας,
446 1603 748 1676 ἐθελήσουσι
772 1604 859 1664 τὸν
889 1606 1138 1691 πρότερον
1161 1612 1374 1694 ἀφέντες
1403 1616 1521 1696 βίον
1552 1629 1871 1697 μεταπεσεῖν

292 1691 385 1751 ἐπὶ
412 1691 479 1751 τὰ
501 1692 728 1771 ἀμείνω,
756 1690 843 1752 ἵνα
871 1696 937 1754 δι’
961 1698 1089 1757 αὐτὸ
1111 1705 1265 1762 τοῦτο
1289 1694 1349 1762 εῧ
1376 1704 1698 1786 πράττωσιν.
1724 1707 1786 1768 τὸ
1815 1708 1870 1767 δὲ

290 1779 386 1839 καί
411 1803 491 1839 τοι
520 1780 704 1840 τούτου
727 1781 805 1849 τίς
829 1780 892 1841 ἂν
924 1783 1118 1866 ἐξεύροι
1145 1793 1261 1849 ποτ’
1285 1790 1517 1868 ἄμεινον,
1550 1795 1870 1876 ἐπικριτικόν

291 1869 407 1928 ἐστι
436 1873 620 1948 σχῆμα
643 1868 708 1928 δι’
737 1870 1037 1951 ἐρωτήσεως
1068 1878 1455 1958 ἀναντιρρήτως
1478 1882 1869 1961 βεὸαιούμενον,

289 1948 411 2028 ἐνῆ
431 1956 491 2015 τὸ
533 1955 612 2023 τίς
638 1956 827 2016 ταύτόν
869 1960 981 2018 ἐστι
1010 1965 1086 2042 τῷ
1123 1965 1321 2038 οὐδεὶς,
1369 1970 1440 2035 ὡς
1477 1969 1569 2028 καὶ
1610 1972 1664 2029 ἐν
1694 1970 1870 2039 ἄλλοις

204 2069 261 2109 20
288 2020 555 2126 μυριαχοῦ
583 2043 838 2126 φαίνεται.
867 2047 927 2106 τὸ
956 2047 1011 2107 δὲ
1035 2050 1271 2132 ἀνερώτα
1299 2052 1335 2125 ἢ
1366 2057 1617 2137 περιττὴν
1641 2057 1753 2138 ἔχει
1772 2058 1868 2132 τὴν

285 2133 536 2214 πρόθεσιν
554 2177 571 2207 ,
598 2130 634 2203 ἢ
660 2133 946 2205 δηλωτικόν
986 2138 1098 2195 ἐστι
1121 2144 1213 2198 τοῦ
1246 2142 1504 2211 πολλάκις
1535 2148 1752 2227 ἐρωτᾶν.
1786 2150 1869 2210 ἐν-

286 2226 459 2281 ταῦθα
480 2218 534 2279 δὲ
556 2220 799 2298 σημαίνει
827 2222 907 2282 ὅτι
930 2222 1042 2291 ἔθος
1061 2227 1167 2294 τοῖς
1185 2239 1431 2301 ποιηταῖς
1454 2233 1508 2290 ἐν
1530 2234 1645 2301 ταῖς
1668 2233 1866 2313 ἐρωτή-

284 2332 441 2382 σεσι,
472 2310 587 2368 καθ’
614 2308 675 2376 ἃς
701 2308 867 2369 οἴεταί
892 2334 970 2380 τις
988 2313 1288 2394 ἀντιλογίαν
1311 2322 1477 2402 εὑρεῖν
1497 2325 1675 2398 ποθεν,
1691 2322 1867 2404 παρά-

281 2422 402 2477 γειν
429 2395 713 2477 πρόσωπον
755 2399 958 2477 φιλικὸν
986 2402 1397 2483 ἀποκρινόμενον
1432 2408 1494 2468 τὸ
1536 2408 1757 2491 ἀρέσκον
1789 2414 1864 2492 τῷ

197 2513 253 2554 25
282 2489 570 2568 ἐρωτῶντι·
590 2487 661 2552 ὡς
690 2485 780 2544 καὶ
806 2487 1029 2547 ἐνταῦθα
1060 2495 1088 2549 6
1123 2494 1458 2575 Βλεψίδημος
1479 2507 1636 2557 ποιεῖ·
1683 2498 1864 2567 δεδιὼς

278 2572 394 2656 γὰρ
419 2572 493 2651 μή
515 2595 641 2631 ποτε
662 2577 696 2644 ἡ
725 2574 894 2633 Πενία
907 2575 1035 2656 πρὸς
1048 2576 1145 2651 τὴν
1166 2586 1257 2640 τοῦ
1280 2584 1561 2663 Χρεμύλου
1577 2586 1860 2667 ἀπαντήσῃ

278 2660 565 2746 ἐρώτησιν,
600 2660 939 2742 ἀποκρίνεται
960 2663 1117 2724 αὐτὸν
1145 2667 1206 2726 τὸ
1236 2671 1421 2730 δοκοῦν
1454 2676 1533 2753 τῷ
1572 2673 1858 2757 Χρεμύλῳ.

284 2755 343 2812 ἐν
374 2749 431 2810 δὲ
451 2752 527 2830 τῷ
549 2749 959 2827 κακοδαιμονίαν
979 2751 1029 2811 τ’
1051 2752 1128 2813 ἔτι
1153 2759 1375 2833 μᾶλλον,
1398 2762 1541 2821 δοκεῖ
1552 2771 1728 2843 χεῖρον
1748 2787 1859 2840 μα-

289 2840 400 2907 νίας
422 2842 458 2909 ἡ
479 2835 858 2914 κακοδαιμονία
882 2827 1032 2898 εἶναι.
1064 2839 1192 2911 ἴσως
1219 2842 1276 2904 δὲ
1302 2845 1396 2906 καὶ
1422 2850 1859 2932 ἐπιδιορθοπικῶς

199 2952 256 2992 ³0
285 2927 421 2988 αὐτὸ
444 2925 650 3007 εἴρηται
666 2969 684 2998 ,
718 2928 790 2990 ὡς
818 2929 925 2983 τῶν
956 2927 1109 3012 κατὰ·
1135 2931 1247 3009 βίον
1293 2935 1516 3004 ἀταξιῶν
1560 2938 1724 3021 μανίᾳ
1762 2940 1859 3019 μὲν

282 3017 385 3076 οὔκ
411 3017 473 3073 ἂν
492 3014 743 3083 ἐοικυιῶν,
768 3014 1111 3096 δυσδαιμονία
1133 3017 1189 3077 δὲ
1214 3020 1502 3103 μάλιστα]

373 3101 641 3183 βούλευμα
667 3117 682 3158 :
708 3098 959 3178 Σκέμμα.
986 3102 1252 3183 χρήσιμον
1284 3127 1300 3168 :
1334 3107 1636 3190 Ἐπωφελὲς
1659 3115 1731 3181 εἰς
1758 3123 1859 3173 πᾶ·

283 3212 389 3249 σαν
409 3185 615 3269 πρᾶξιν.
641 3196 701 3243 Ρ.
1546 3222 1553 3231 ·

363 3296 463 3336 404.
504 3273 614 3334 νυνὶ
661 3271 829 3355 βλέψῃ
969 3284 1254 3362 περινοστῇ
1302 3303 1318 3343 t
1366 3282 1468 3344 Ἐκ
1508 3288 1856 3366 παραλλήλου

189 3388 246 3428 ³5
275 3361 628 3446 περιφέρηται
651 3365 759 3425 ἄνω
785 3367 876 3427 καὶ
897 3367 1060 3428 κάτω.
1089 3381 1186 3427 Dv.
1233 3380 1361 3431 νισι.
1386 3371 1669 3434 πλανᾶται.
1698 3386 1760 3433 Ρ.

360 3471 462 3512 495.
505 3454 576 3519 ὡς
613 3472 628 3513 :
674 3454 785 3522 Εἰς.
869 3458 1127 3534 βαδιεῖται
1157 3475 1172 3516 2
1219 3457 1454 3517 Βαδίσει.
1537 3460 1810 3545 ἀπολείψει
1837 3484 1852 3525 2

277 3538 492 3603 Ἐάσει.
518 3551 580 3599 P.

360 3646 463 3687 490.
509 3627 762 3710 πονηροὺς
789 3651 804 3690 2
833 3632 1206 3711 Κακοτρόπους
1247 3632 1337 3691 καὶ
1366 3634 1571 3704 ἀσεὸεῖς
1598 3646 1765 3718 φυγεῖ.
1787 3651 1851 3698 P.

359 3734 461 3776 4⁹7.
507 3714 754 3784 σέὸοντας
779 3737 795 3778 :
820 3720 1120 3794 Τιμῶντας.
1144 3723 1216 3782 Ρ.

180 3824 241 3865 ⁴0
358 3821 459 3863 408.
501 3801 684 3862 τούτου
732 3824 746 3864 :
795 3811 887 3865 τοῦ
924 3806 1127 3877 πάντας
1165 3807 1389 3886 ἀγαθοὺς
1431 3816 1668 3884 ποιῆσαι.
1702 3829 1761 3876 R.
1782 3829 1845 3877 V.

269 3888 477 3971 ἐξεύροι
506 3910 520 3948 :
555 3889 943 3964 Ἐπινοήσαιτο.
975 3906 1041 3955 P.

356 3998 454 4038 499.
498 3977 636 4045 οὔτις
663 4000 678 4040 :
723 3981 910 4048 Οὐδεὶς
948 3981 1215 4053 ἐπινοήσει
1267 3985 1388 4057 δηλ.
1434 3986 1632 4062 ταύτην
1674 4013 1689 4053 x
1731 3992 1848 4067 Τὴν

273 4065 481 4126 Πενίαν
507 4067 623 4138 δηλ.
650 4077 716 4126 Ρ.
1426 4077 1435 4085 ’

358 4173 463 4213 500.
509 4156 616 4218 nbc:
644 4153 820 4214 Καθά.
861 4156 992 4230 ἡμῖν
1016 4174 1030 4214 :
1058 4154 1152 4215 Ἔν
1183 4160 1330 4232 ἡμῖν.
1359 4169 1422 4217 Ρ.

172 4265 232 4303 45
358 4260 460 4301 501.
508 4239 699 4318 μανίαν
728 4262 743 4302 :
768 4241 870 4302 Διὰ
892 4242 953 4301 τὸ
976 4242 1215 4311 ἀτάκτως
1252 4244 1516 4327 φέρεσθαι.
1548 4250 1620 4311 Θ.
1650 4264 1747 4314 Dv.

320 4348 455 4388 ..502
499 4329 780 4387 πλουτοῦσι
809 4350 824 4390 z
850 4329 1121 4411 Χρήματα
1146 4330 1345 4411 ἔχουσι.
1372 4345 1433 4393 Ρ.

354 4434 454 4476 503.
497 4413 613 4473 ἀντὶ
635 4422 726 4474 τοῦ
751 4418 803 4475 ἐν
821 4417 1118 4486 πλεονεξίας
1143 4418 1279 4478 αὐτὰ
1307 4421 1574 4504 εἰληφότες
1595 4427 1687 4486 καὶ
1709 4453 1845 4503 κτη-

263 4504 513 4582 σάμενοι.
532 4513 594 4564 V.
626 4503 760 4563 αὐτὰ
779 4503 1141 4583 ξυλλεξάμενοι
1167 4526 1182 4568 ε
1205 4505 1279 4568 *Ἄ
1312 4507 1493 4590 ἔχουσι
1522 4517 1845 4597 συναγαγόν-

258 4616 378 4660 τες.
404 4593 477 4652 Θ.
506 4600 605 4651 Dv.
633 4590 769 4650 αὐτὰ
798 4613 813 4653 :
840 4591 900 4652 Ἃ
927 4592 1126 4673 ἔχουσι.
1152 4607 1215 4655 Ρ.

165 4710 229 4749 50
354 4699 453 4740 504.
496 4679 786 4762 πράττουσι
809 4684 983 4749 κακῶς
1008 4701 1022 4741 :
1054 4681 1361 4763 Πάσχουσι,
1384 4688 1718 4768 δυστυχοῦσι.
1749 4707 1843 4755 Dv.

258 4773 652 4847 δυστυχοῦσιν,
740 4767 809 4827 τὰ
861 4771 1088 4828 πλεῖστα
1134 4769 1361 4833 σύνεισιν
1420 4795 1435 4834 1
1484 4779 1845 4865 Περισσότερα

256 4853 619 4936 ὑπάρχουσιν.
649 4867 710 4915 Ρ.
740 4857 1096 4938 συνέρχονται.
1124 4871 1181 4918 R.
1204 4871 1266 4918 V·

367 4963 465 5004 505.
506 4946 689 5003 οὗκοῦν
718 4934 853 5003 εἶναί
879 4967 1015 5027 φημι
1041 4966 1055 5006 :
1083 4946 1179 5028 [Ὁ
1203 4954 1318 5017 νοῦς
1334 4995 1348 5023 ,
1378 4951 1562 5011 οὐκοῦν
1587 4956 1632 5013 εἰ
1659 4955 1846 5017 παύσει

269 5035 453 5093 ταῦτα
483 5034 513 5091 6
554 5034 818 5108 Πλοῦτος,
857 5032 922 5106 ἤν
950 5055 1079 5095 ποτε
1104 5034 1271 5117 βλέψῃ
1289 5081 1306 5111 ,
1351 5039 1492 5120 φημὶ
1534 5031 1669 5102 εἶναι
1705 5043 1845 5125 ὁδὸν,

3413 308 3520 361 351

1956 394 2118 468 ἥντιν’
2149 398 2240 457 ἰὼν
2280 411 2388 471 τοῖς
2413 409 2703 487 ἀνθρώποις
2730 413 2904 492 ἀγαθὰ
2942 415 3005 475 ἂν
3040 419 3202 497 μείζω
3348 426 3525 512 ίσειε.]

1960 483 2298 570 (κακόμετρος
2320 484 2467 561 οὗτος
2493 499 2522 553 6
2544 496 2736 577 στίχος·
2762 503 2817 560 ἐν
2844 502 2995 573 ἐνίοις
3023 507 3078 565 δὲ
3102 510 3194 569 καὶ
3222 511 3463 598 ἄμετρος.
3497 524 3526 579 6

1957 570 2013 630 δὲ
2039 578 2155 641 νοῦς
2177 578 2366 657 δῆλος)
2402 583 2589 641 οὐκοῦν
2623 577 2757 646 εἶναί
2782 613 2918 671 φημι
2957 593 3073 653 ὁδὸν
3098 597 3301 680 ἑτέραν,
3331 602 3397 673 ἣν
3424 609 3523 684 βα-

1957 657 2105 728 δίσας
2124 685 2200 729 τις
2228 661 2424 744 ἀγαθόν
2450 694 2501 729 τι
2532 677 2705 748 μεῖζον
2737 676 2856 745 τοὺς
2884 681 3187 761 ἀνθρώπους
3222 689 3522 769 ἐργάσεται.

1955 743 2095 824 λέγει
2119 748 2173 807 δὲ
2195 748 2273 809 ὅτι
2303 754 2384 812 δεῖ
2398 754 2486 814 τὸν
2512 760 2751 821 Πλοῦτον
2771 767 3067 851 ἀναὸλέψαι
3090 779 3325 846 ποιῆσαι.
3351 777 3441 837 ἐὰν
3466 781 3524 840 δέ
3552 797 3580 832 ⁵

1956 856 2032 900 τις
2055 842 2258 918 προσθῇ
2283 840 2373 899 τὸν
2394 843 2515 918 καί,
2536 844 2749 909 ἵσταται
2767 857 2801 923 ἡ
2827 855 3030 934 φράσις·
3055 862 3236 919 οὐκοῦν
3261 862 3324 935 ἢν
3352 867 3522 949 βλέψῃ

1955 921 2083 979 ποτὲ
2107 928 2135 982 6
2169 928 2435 1002 Πλοῦτος,
2471 935 2610 1013 φημὶ
2644 927 2779 997 εἶναι
2811 943 2947 1015 ὁδὸν,
2981 943 3164 1015 ἥντινα
3201 949 3292 1009 ἰὼν
3328 953 3526 1015 παύσει

1953 1015 2121 1069 ταῦτα
2145 1014 2237 1073 καὶ
2263 1018 2370 1086 τοῖς
2402 1021 2691 1103 ἀνθρώποις
2722 1028 2894 1106 ἀγαθὰ
2932 1030 2997 1090 ἂν
3043 1034 3205 1112 μείζω
3243 1040 3524 1120 πορίσειεν.

1953 1094 2173 1168 Ἄλλως.
2212 1101 2273 1162 τὸ
2301 1108 2484 1166 οὐκοῦν
2516 1114 2869 1194 ἀποφαντικόν
2893 1121 3033 1179 ἐστιν
3065 1121 3144 1182 ὅτι
3179 1123 3269 1184 ἐὰν
3296 1128 3464 1210 βλέψῃ
3493 1136 3520 1191 6

1957 1186 2194 1255 Πλοῦτος
2217 1190 2310 1249 καὶ
2333 1193 2512 1275 παύσῃ
2550 1197 2645 1272 τὴν
2685 1202 2902 1278 Πενίαν,
2940 1208 3115 1269 οὐκέτι
3138 1215 3517 1294 κακοδαιμονία
3553 1240 3602 1279 10

1955 1271 2054 1342 εἴη.
2080 1274 2141 1333 τὸ
2164 1275 2220 1334 δὲ
2253 1277 2395 1354 ἑξῆς,
2419 1285 2603 1344 οὐκοῦν
2638 1279 2773 1349 εἷναί
2802 1315 2940 1373 φημι
2968 1296 3105 1370 ὁδὸν,
3150 1300 3334 1372 ἥντινα
3373 1302 3462 1365 ἰὼν
3492 1311 3521 1366 6

1957 1362 2192 1432 Πλοῦτος
2219 1367 2412 1450 βλάψει
2433 1371 2651 1449 ταύτην,
2681 1378 2772 1437 καὶ
2794 1379 2862 1439 τὰ
2886 1383 3060 1462 ἀγαθὰ
3096 1388 3257 1463 μείζω
3288 1392 3520 1473 πορίσειε

1953 1448 2059 1516 τοῖς
2090 1452 2396 1533 ἀνθρώποις.
2522 1459 2765 1542 [Ἄλλως.
2809 1470 2857 1527 οἱ
2877 1471 3159 1553 γράφοντες
3185 1476 3350 1558 φημί,
3394 1481 3518 1562 δίχα

1953 1541 2044 1594 τοῦ
2091 1538 2283 1622 ἄρθρου
2307 1550 2401 1604 τοῦ
2427 1546 2463 1619 ἥ
2480 1593 2496 1621 ,
2526 1552 2873 1631 στοχάζεσθαι
2914 1564 3018 1618 τῶν
3048 1560 3252 1644 μέτρων
3281 1568 3517 1630 δοκοῦσιν

1954 1626 2012 1682 οὗ
2042 1626 2186 1704 μάλα
2213 1632 2459 1712 ἀκριὸῶς·
2484 1636 2547 1696 τὸ
2567 1638 2671 1721 γὰρ
2696 1640 2809 1714 ἑξῆς
2831 1644 2995 1714 οὕτως
3021 1646 3157 1728 ἔχει,
3183 1654 3367 1714 οὐκοῦν
3388 1649 3520 1718 εἶναί
3552 1675 3598 1714 15

1953 1733 2088 1792 φημι
2108 1715 2241 1790 ὁδὸν,
2278 1718 2392 1790 ἥτις
2414 1722 2605 1784 παύσει
2629 1734 2827 1803 ταῦτα,
2857 1731 2922 1802 ἣν
2955 1735 3175 1813 βαδίσας
3209 1763 3287 1808 τις
3323 1746 3513 1819 ἀγαθὸν

1952 1806 2059 1867 τοῖς
2080 1802 2367 1884 ἀνθρώποις
2389 1809 2665 1891 πορίσειεν.
2692 1820 2726 1887 ἡ
2757 1816 2815 1876 δέ
2852 1822 3010 1893 ἐστιν,
3033 1821 3098 1894 ἢν
3136 1826 3305 1908 βλέψῃ
3347 1831 3464 1890 πόθ’
3485 1837 3514 1891 6

1954 1888 2207 1957 Πλοῦτος.
2242 1897 2289 1951 οἱ
2310 1898 2495 1957 πολλοὶ
2528 1898 2581 1959 δὲ
2617 1903 2977 1981 λαμὸάνουσιν
3009 1907 3191 1979 ἔξωθεν
3226 1915 3347 1996 γάρ,
3380 1919 3510 2000 πρὸς

1949 1973 2010 2032 τὸ
2050 1976 2202 2057 φημί·
2240 1983 2422 2043 οὐκοῦν
2464 1987 2658 2047 παύσει
2697 1993 2867 2052 ταῦτά
2909 2018 3038 2054 ποτε
3080 2001 3108 2056 6
3144 2002 3408 2083 Πλοῦτος,
3449 2006 3515 2078 ἢν

1953 2060 2142 2142 βλέψῃ·
2164 2067 2302 2147 φημὶ
2337 2068 2439 2153 γὰρ
2462 2063 2594 2133 εἶναι
2637 2077 2772 2152 ὁδὸν,
2797 2080 2984 2152 ἥντινα
3017 2082 3110 2143 ἰὼν
3143 2089 3376 2169 πορίσειε
3407 2098 3516 2165 τοῖς
3541 2118 3595 2157 20

1950 2150 2236 2232 ἀνθρώποις
2264 2156 2425 2231 μείζω
2447 2161 2638 2238 ἀγαθά.
2663 2163 2692 2245 ]

2028 2258 2124 2299 500.
2170 2240 2286 2300 ὁδὸν
2334 2244 2497 2313 ἥντιν’
2544 2246 2635 2307 ἰὼν
2692 2271 2707 2311 :
2765 2253 3000 2317 Μέθοδον
3056 2260 3225 2333 ἥντιν’
3269 2265 3432 2327 ἐλθὼν

1950 2325 2203 2395 Πλοῦτος.
2233 2340 2287 2391 C.
2306 2331 2539 2410 μέθοδον.
2574 2334 2665 2396 ἰὼν
2700 2339 2807 2402 z‘O
2844 2345 3097 2417 Πλοῦτος.
3134 2361 3195 2410 Ρ.
3217 2353 3507 2435 πορίσειεντ

1947 2410 2139 2473 Δώσοι.
2167 2428 2323 2489 Borq.
2359 2421 2645 2503 παράσχοι.
2678 2438 2742 2488 Ρ.

2025 2521 2123 2562 507.
2170 2507 2319 2585 ῥᾷστ’
2358 2527 2373 2567 :
2412 2510 2678 2591 Εὐχερῶς.
2711 2516 3070 2584 ἀναπεισθέντ’
3103 2545 3119 2585 :
3154 2529 3225 2586 Οἱ
3253 2550 3509 2591 καταπει-
3537 2552 3590 2592 25

1945 2586 2148 2656 σθέντες
2168 2591 2261 2659 τὰς
2283 2593 2488 2674 φρένας.
2519 2610 2581 2658 Ρ.

2022 2695 2119 2736 503.
2163 2676 2485 2746 ξυνθιασώτα
2514 2706 2529 2746 :
2559 2692 2921 2772 συγχορευταί·
2947 2695 3123 2766 θίασος
3147 2698 3250 2783 γὰρ
3273 2705 3302 2761 6
3335 2705 3500 2786 χορός.

1941 2772 2002 2821 V.
2036 2769 2380 2848 συγχορευταὶ
2405 2771 2496 2830 καὶ
2521 2779 2775 2837 κοινωνοί.
2808 2781 2881 2841 Θ.
2914 2794 3012 2841 Dv.

2021 2873 2115 2913 509.
2156 2854 2320 2917 πάλιν
2344 2859 2498 2932 δῆλον
2521 2862 2600 2923 ὅτι
2622 2868 2717 2925 οὐκ
2744 2857 2879 2928 οἶδεν
2905 2875 2939 2942 ἡ
2970 2874 3138 2933 Πενία
3163 2876 3259 2947 τὴν
3289 2880 3504 2960 Χρεμύ-

1940 2937 2033 2997 λου
2072 2939 2288 3019 γνώμην
2329 2945 2420 3004 καὶ
2460 2946 2557 3019 τὴν
2600 2956 2694 3010 τοῦ
2737 2953 2978 3016 Πλούτου
3027 2957 3108 3018 ὅτι
3152 2963 3280 3042 πρὸς
3321 2968 3506 3043 μόνους
3532 2986 3586 3026 30

1938 3023 2058 3093 τοὺς
2103 3028 2331 3099 δικαίους
2385 3033 2517 3105 ἥξει.
2560 3067 2631 3077 --
2673 3040 2961 3103 λυσιτελεῖν
3001 3065 3017 3106 :
3064 3049 3328 3127 Οὐδαμῶς
3367 3054 3504 3134 λέγω

1938 3115 2279 3195 χρησιμεύειν
2307 3120 2399 3177 καὶ
2419 3123 2639 3203 ὠφελεῖν
2666 3128 2809 3204 ὑμῖν.
2843 3141 2907 3190 Ρ.

2018 3222 2115 3262 510.
2161 3204 2439 3283 διανείμειε
2465 3229 2480 3268 t
2507 3213 2840 3295 Διαμερίσειε
2858 3226 3018 3277 πᾶσιν
3041 3220 3244 3295 ἐπίσης.
3268 3238 3328 3287 Θ.
3361 3242 3421 3289 Ρ.

2018 3308 2112 3348 511.
2156 3291 2339 3374 σοφίαν
2380 3296 2617 3379 μελετῴη
2658 3319 2674 3360 z
2713 3303 2915 3385 Σοφίαν
2954 3308 3174 3369 ἐνταῦθα
3214 3317 3368 3377 καλεῖ
3407 3317 3502 3392 τὴν

1936 3375 2059 3451 περὶ
2085 3375 2178 3444 τὰς
2212 3379 2401 3460 τέχνας
2436 3388 2757 3468 πανουργίαν
2794 3391 2887 3450 καὶ
2929 3396 3195 3474 μηχανὴν,
3227 3402 3415 3484 τέχνην
3446 3408 3500 3467 δὲ
3529 3420 3581 3461 35

1936 3462 2032 3535 τὴν
2052 3467 2421 3548 μεταχείρησιν
2446 3471 2609 3546 αὐτὴν
2632 3475 2724 3535 καὶ
2741 3476 3020 3562 ἐνέργειαν.
3039 3495 3175 3545 sunt.
3191 3531 3207 3559 ,
3225 3501 3318 3549 DV.
3331 3537 3346 3561 ‚
3369 3505 3499 3555 Vict.

1937 3550 2122 3633 σοφίαν
2149 3573 2163 3613 :
2191 3555 2451 3636 Μάθημα.
2478 3571 2542 3621 Ρ.

2015 3660 2111 3700 512.
2159 3643 2351 3724 ἀμφοῖν
2396 3665 2412 3706 :
2453 3649 2564 3720 Τῆς
2603 3650 2788 3732 σοφίας
2826 3654 2919 3714 καὶ

1934 3724 2075 3801 ἑξῆς,
2103 3727 2181 3796 τίς
2204 3730 2454 3803 ἐθελήσει.
2488 3747 2617 3798 ΒΝ.

2013 3835 2108 3875 513.
2149 3819 2494 3897 χαλκεύειν...
2532 3829 2818 3907 ναυπηγεῖν
2862 3849 2877 3890 :
2921 3833 3192 3910 Χαλκεὺς,
3234 3845 3500 3924 ναυπηγὸς
3524 3862 3579 3903 40

1933 3893 2084 3963 εἶναι.
2115 3913 2441 3986 τροχοποιεῖν
2469 3930 2484 3970 :
2508 3914 2747 3995 Τροχοὺς
2764 3919 2929 3977 ποιεῖν
2950 3922 3172 3999 ἀμάξης.
3197 3938 3262 3987 Ρ.
3291 3930 3497 4009 ἀμάξας

1929 3999 2097 4049 ποιεῖν
2119 3992 2211 4052 καὶ
2232 3994 2468 4076 τροχούς.
2493 4011 2556 4058 V.

2010 4097 2107 4137 514.
2150 4092 2486 4161 σκυτοτομεῖν
2527 4086 2588 4145 τὸ
2626 4086 2826 4170 δέρμα,
2858 4091 3019 4171 ἤγουν
3048 4098 3362 4179 ὑποδήματα
3393 4129 3495 4165 κα-

1928 4166 2283 4237 τασκευάζειν.
2303 4180 2368 4231 V.
2389 4186 2791 4254 σκυτοτομεῖν...
2814 4181 3171 4265 πλινθουργεῖν
3198 4208 3212 4249 2
3239 4192 3496 4254 Σκυτοτό-

1929 4276 2024 4330 μος
2047 4244 2177 4313 εἶναι
2192 4300 2208 4328 ,
2232 4256 2474 4329 πλίνθους
2497 4265 2680 4324 ποιεῖν.
2712 4277 2776 4326 Ρ.
3518 4303 3572 4345 45

2008 4360 2104 4402 515.
2145 4346 2315 4414 Δηοῦς
2340 4346 2641 4428 θερίσασθαι
2671 4372 2685 4412 2
2723 4353 2885 4431 [Ἀντὶ
2910 4362 3002 4416 τοῦ
3028 4362 3283 4441 γεωργίας
3306 4368 3493 4446 ἐπιμε-

1925 4425 2174 4512 λεῖσθαι.]
2201 4432 2303 4506 ἤδη
2327 4434 2388 4493 τὸ
2420 4435 2541 4505 ἔπος
2569 4444 2720 4499 τοῦτο
2747 4445 2839 4512 τῆς
2865 4443 3030 4521 μέσης
3056 4451 3336 4531 κωμῳδίας
3365 4456 3487 4526 ὄζει.

1929 4517 2150 4599 (καρπὸν
2172 4511 2260 4579 οὗν
2283 4527 2451 4596 Δηοῦς
2472 4526 2561 4585 τὸν
2580 4529 2721 4586 σῖτον
2746 4529 2927 4610 λέγει.)
2951 4566 3021 4576 -—
3041 4535 3276 4620 ἀρότροις
3296 4543 3453 4620 ῥήξας
3472 4568 3488 4608 :

1926 4604 2009 4664 Δι’
2038 4603 2259 4687 ἀρότρου
2301 4609 2521 4690 σχίσας,
2562 4614 2737 4692 τεμὼν
2763 4616 2858 4689 τὴν
2897 4621 3200 4703 ἐπιφάνειαν
3242 4632 3335 4700 τῆς
3372 4638 3487 4712 γῆς.

1926 4695 1999 4754 Θ.
2029 4706 2126 4753 Dv.
2166 4706 2230 4754 P.
2271 4695 2496 4760 δάπεδον
2541 4722 2556 4762 :
2598 4702 2678 4763 Τὸ
2713 4703 2914 4787 ἔδαφος.
2960 4721 3054 4770 Dv.
3101 4716 3270 4786 Δηοῦς
3312 4737 3329 4777 :
3371 4722 3486 4793 Τῆς
3514 4739 3569 4780 5ο

1925 4782 2039 4856 γῆς.
2064 4792 2126 4840 Ρ.
2163 4794 2286 4845 Vict.

2007 4897 2103 4937 516.
2147 4879 2236 4960 ἐξῇ
2259 4885 2352 4959 ζῇν
2373 4885 2549 4964 ἀργοῖς
2573 4905 2587 4947 z
2611 4886 2754 4968 Πρὸς
2774 4887 2835 4947 τὸ
2859 4889 3133 4975 ἀνώτερον·
3157 4897 3233 4967 τίς
3255 4904 3486 4976 ἐθελήσει

1925 4962 2115 5043 τέχνην
2154 4970 2435 5044 μετελθεῖν,
2463 4971 2553 5031 ἐὰν
2586 4972 2781 5042 ἔξεστιν
2805 4978 2931 5054 ὃμῖν
2959 4982 3135 5062 ἀργοῖς
3166 4990 3259 5065 ζ’ᾗν
3289 4990 3484 5054 τούτων

1944 5052 2246 5129 ἀμελοῦσιν.
2368 5053 2612 5137 [Ἄλλως.
2654 5062 2715 5122 τὸ
2742 5062 2830 5145 ἐξῇ
2865 5068 2957 5146 ζῇν
2997 5070 3125 5151 πρὸς
3138 5077 3222 5160 τὸ,
3245 5074 3480 5148 ἐθελήσει

2961 3661 3056 3729 τῆς
3089 3660 3293 3742 τέχνης.
3343 3669 3403 3729 τὸ
3444 3671 3500 3731 δὲ
