3859 5725
458 230 569 283 406

1572 210 2022 273 ADNOTATIO
2064 210 2147 268 IN
2187 210 2445 272 scnoL.

451 369 573 428 quo
603 344 833 430 ἀσφαλὲς
865 346 1141 405 additum.
1165 383 1228 396 -
1259 355 1328 413 44
1372 346 1467 414 τῆς
1496 343 1704 410 ἀντλίας
1737 344 1829 417 8.,
1870 342 1974 419 qui
2064 340 2379 423 Ἀλιτήριοι,
2436 343 2538 420 qui
2577 363 2613 402 a
2657 346 3031 421 grammatico
3082 347 3326 409 Bekkeri
3380 349 3581 411 sumsit

456 438 644 508 45-47
675 435 907 494 omittit.

534 525 647 593 435
688 547 790 601 μου
831 525 1029 602 ἐγχανῇ
1074 522 1249 580 habet
1294 520 1497 580 Suidas
1537 540 1582 578 s.
1616 516 1973 599 Καταπροΐξῃ.

453 613 629 673 Addit
655 611 776 671 Ald.
817 610 1190 687 καταγελάσεις
1215 632 1315 687 μου
1354 605 1517 687 χωρὶς
1543 606 1732 684 ζημίας
1748 627 1760 640 ·
1783 614 1976 685 προῖκα

450 699 551 782 γὰρ
576 699 752 778 ἔλεγον
773 696 868 770 τὴν
904 695 1112 777 ζημίαν.
1152 697 1243 756 καὶ
1272 698 1505 776 ἀλλαχοῦ
1549 696 1801 774 (Thesm.
1836 696 1976 772 566)

453 814 478 839 ι
508 785 650 847 οὔτοι
674 785 748 863 μὰ
787 783 864 842 τὼ
896 782 995 843 θεὼ
1027 781 1090 843 σὺ
1124 781 1460 864 καταπροίξει
1496 781 1721 860 λέγουσα
1765 781 1934 840 ταυτί.
1953 809 1977 834 a

455 881 489 947 ἡ
524 873 629 955 πρό
656 872 711 931 δὲ
740 872 854 931 ἀντὶ
882 877 974 942 τ’ἧς
1009 870 1173 953 παρά.
1213 874 1590 951 προῖκνεῖσθαι.
1618 866 1755 935 τινὲς
1782 868 1836 926 δὲ
1873 866 1980 927 ἀπὸ

452 965 545 1021 τοῦ
588 957 821 1034 ἵξεσθαι,
855 957 888 1018 ὅ
927 960 1042 1016 ἐστι
1071 956 1268 1039 δωρεάν
1305 979 1422 1016 τινα
1466 956 1665 1015 λαὸεῖν.
1706 955 1980 1035 Ἡρόδοτος

454 1075 479 1102 e
513 1051 572 1108 οὒ
599 1045 699 1130 γὰρ
724 1046 787 1120 δὴ
807 1046 905 1125 ἐμέ
921 1070 979 1124 γε
998 1037 1101 1105 ὦδε
1121 1044 1485 1122 λωὸησόμενος
1515 1041 1933 1124 καταπροΐξεται.
1953 1069 1980 1095 1·

326 1203 331 1208 ,
456 1135 761 1215 Ἀρχίλοχος
793 1162 816 1186 α
839 1124 896 1192 εῧ
924 1134 969 1190 δ’
998 1136 1188 1198 ἐκεῖνος
1225 1134 1283 1191 οὗ
1310 1125 1769 1213 καταπροΐξεται.»
1797 1128 1979 1210 Ἡρω-

2059 430 2278 488 Auecd.
2312 450 2369 507 p.
2402 433 2532 504 377.
2573 437 2753 489 Dum.

2144 521 2280 589 448,
2315 521 2389 593 39
2419 525 2697 600 φρουροῦσι
2720 524 2792 581 V.

2144 611 2286 677 449,
2317 613 2388 671 44
2417 603 2560 686 εἴπερ
2586 607 2666 684 τῷ
2691 604 2822 663 ΔΙά.
2845 642 2911 655 -
2940 608 3014 672 46
3041 610 3071 665 ὁ
3095 628 3209 666 0111.
3230 614 3300 667 V.
3325 609 3396 669 Θ.
3415 649 3479 660 -
3508 611 3582 667 52

2065 690 2292 750 videtur
2317 692 2534 769 aliquid
2561 691 2756 752 deesse
2779 713 2792 748 ε
2833 712 2964 750 nam
2993 699 3272 768 sententia
3299 711 3456 755 certe
3475 699 3585 756 im-

2065 778 2322 853 perfecta
2360 791 2475 850 est3
2509 797 2575 836 ea
2607 780 2688 837 ita
2721 780 2982 856 suppleri
3023 794 3251 859 potest:
3288 782 3585 860 γεγονέναι,

2065 861 2152 922 τὸν
2187 864 2596 936 ἀλλαντοπώλην
2633 864 3052 927 ἄντιδιαὸάλλειν
3090 870 3178 928 τὸν
3221 868 3444 931 Κλέωνα
3459 917 3473 940 ,
3517 872 3589 936 ὣς

2067 953 2127 1010 ἐκ
2153 955 2255 1009 τῶν
2285 952 2762 1014 ἐπιδουλευσάντων
2791 969 2897 1013 cet.
2937 963 3165 1016 Duum.
3183 996 3246 1008 -
3280 958 3352 1027 54
3379 959 3590 1039 Μυρίνῃ

2066 1050 2125 1096 et
2147 1059 2283 1097 mox
2306 1039 2543 1119 Μυρίνην
2574 1048 2644 1101 V.

2151 1127 2289 1200 452,
2327 1148 2395 1185 10
2418 1130 2780 1191 scribebatur
2809 1129 3135 1211 ἀνταράται,
3161 1131 3316 1207 quod
3339 1131 3596 1190 correxit

458 1222 630 1290 διανὸς
668 1220 724 1281 δὲ
768 1224 821 1280 ἐν
866 1223 1229 1301 ἐπιμερισμοῖς
1256 1218 1404 1299 παρὰ
1443 1219 1504 1278 τὸ
1540 1217 1675 1277 ἴσσω
1716 1218 1862 1300 φησί.
1889 1216 1981 1276 καὶ
2069 1219 2377 1273 Kusterus.

458 1309 762 1392 Ἀρχίλοχος
788 1335 813 1364 α
835 1306 1089 1389 προτείνω
1120 1316 1273 1387 χεῖρα
1308 1306 1398 1365 καὶ
1428 1303 1761 1387 προΐσσομαι.
1784 1333 1807 1359 ν
1839 1310 1984 1376 Quae

457 1397 806 1473 interpolata
835 1407 968 1454 sunt
992 1415 1061 1453 ex
1085 1394 1266 1454 Suida
1292 1414 1337 1452 s.
1368 1388 1804 1473 Καταπροΐξεται.

541 1485 678 1558 436,
717 1504 740 1539 1
774 1480 810 1553 ἢ
835 1481 924 1540 καὶ
948 1500 1063 1539 om.
1091 1481 1160 1541 Θ.
1194 1480 1285 1540 καὶ
1312 1500 1428 1538 om.
1456 1485 1527 1538 V.
1554 1518 1615 1530 -
1639 1481 1669 1537 3
1700 1479 1889 1545 κάλους
1909 1480 1980 1538 Θ.

543 1573 679 1643 437,
713 1571 748 1627 8
786 1567 980 1650 πρίσας
1002 1566 1154 1626 αὐτὸν
1181 1572 1335 1625 V.-—
1365 1589 1385 1624 1
1405 1588 1426 1624 1
1457 1575 1603 1624 πνεῖν
1632 1566 1888 1625 additum
1913 1586 1984 1623 ex

460 1659 623 1719 6.-
661 1666 727 1726 14
764 1654 928 1717 νότον.
965 1658 1147 1715 Stulte
1183 1678 1197 1712 ε
1238 1675 1371 1713 nam
1404 1654 1616 1713 Caecias
1660 1674 1694 1712 a
1739 1654 1986 1712 solstitio

461 1745 663 1804 aestivo
691 1745 805 1805 flat.
845 1749 1057 1803 Banu..
1098 1779 1162 1792 —
1199 1745 1267 1800 16
1301 1742 1489 1800 κακίαν
1518 1743 1608 1800 καὶ
1638 1739 1986 1822 συκοφαντίαν

459 1832 614 1893 Θὲ-
641 1853 706 1906 17
746 1830 897 1890 αὐτὸν
931 1832 1081 1892 Θ.-
1106 1831 1173 1888 18
1204 1828 1322 1887 κάκ’
1352 1830 1430 1909 ἐφ’
1461 1827 1615 1887 αὑτὸν
1649 1827 1817 1887 ἕλκων
1857 1831 1929 1893 ὡς
1959 1831 1989 1886 ὁ

461 1919 668 1985 καικίας
688 1917 817 1999 νέφη
836 1918 1141 1977 Bentleius.
1171 1917 1436 1976 Aliorum
1459 1918 1809 1994 scriptorum
1829 1916 1991 1974 locos

463 2006 566 2085 qui
594 2005 706 2063 hoc
736 2005 1049 2084 proverbio
1076 2004 1165 2062 usi
1205 2016 1340 2062 sunt
1368 2003 1702 2060 indicarunt
1730 2007 1992 2078 wytten-

465 2091 707 2152 bachius
750 2091 821 2150 ad
859 2091 1150 2150 Plutarchi
1194 2091 1401 2150 Mon-al.
1433 2110 1490 2168 p.
1524 2092 1622 2168 88,
1652 2096 1742 2163 D,
1784 2092 1901 2149 vol.
1933 2091 1990 2162 6,

464 2201 523 2259 p.
547 2182 685 2250 621,
713 2190 771 2237 et
804 2178 1185 2237 Schneiderus
1210 2177 1283 2236 ad
1300 2177 1683 2256 Theophrast.
1706 2178 1821 2235 vol.
1845 2187 1898 2248 4,
1929 2197 1989 2254 p.

466 2288 599 2344 701.
626 2273 804 2325 Dum.

548 2355 682 2425 438,
714 2356 787 2412 23
813 2350 1097 2422 Ἀθηναίοις
1126 2352 1195 2412 Θ.
1221 2388 1284 2400 -
1313 2360 1385 2419 24
1421 2353 1469 2409 οἱ
1494 2371 1605 2409 om.
1639 2355 1710 2409 V.
1738 2350 1811 2410 Θ.
1831 2387 1895 2400 -—
1917 2351 1993 2410 25

468 2443 614 2523 σφῶν
646 2437 944 2498 Dobraeus.
978 2438 1301 2515 Legebattu·
1331 2438 1408 2520 ἐφ’
1436 2429 1528 2497 ὧν.
1550 2476 1612 2488 -
1640 2439 1713 2495 26
1745 2436 1995 2520 ἐξανδρο-

470 2525 795 2597 ποδήσαντες
835 2533 904 2586 V.
945 2564 1007 2575 —
1049 2527 1121 2582 32
1169 2529 1327 2584 αὐτοῦ
1370 2526 1442 2586 Θ.
1488 2562 1552 2575 -
1582 2527 1653 2585 33
1707 2523 1781 2600 μὴ
1823 2523 1994 2594 ἄλλως

466 2616 800 2674 Valckenar.
832 2613 901 2671 ad
946 2613 1226 2673 Herodot.
1274 2621 1306 2681 4
1328 2656 1345 2684 ,
1399 2633 1491 2684 77.
1549 2612 1869 2689 Legebatur
1915 2609 1992 2689 μὴ

471 2702 645 2782 μάτην
660 2747 675 2776 ,
694 2701 810 2759 ἀλλ’
831 2707 899 2768 ὡς
918 2700 1053 2782 περὶ.
1067 2701 1240 2760 Diod.
1262 2699 1497 2778 conjicit
1519 2699 1593 2779 μὴ
1616 2698 1902 2771 τηνάλλως.
1930 2736 1997 2750 —-

471 2793 545 2856 34
572 2785 659 2848 τὸν
701 2810 815 2847 om.
834 2793 905 2848 V.
929 2790 999 2848 Θ.
1021 2827 1083 2839 -
1110 2790 1181 2847 35
1205 2787 1502 2866 legebatur
1528 2786 1933 2870 προὸσίλλεσθαι.

553 2880 688 2956 439,
722 2879 794 2950 37
817 2876 904 2935 τὸν
937 2876 1173 2935 Κλέωνα.
1194 2881 1319 2934 lmo
1349 2874 1436 2934 τὸν
1467 2872 1897 2950 ἀλλαντοπώλην,
1929 2889 1996 2933 ut

469 2978 610 3024 nota
655 2965 774 3022 haec
816 2984 946 3022 cum
976 2963 1432 3043 praecedentibus
1464 2964 1782 3021 conveniat.
1823 2965 1993 3022 Kusr.

469 3071 532 3084 “·“
562 3054 637 3111 38
661 3054 765 3110 τῶν
789 3048 1057 3111 ταλάντων
1086 3056 1155 3108 V.
1183 3051 1253 3111 Θ.
1273 3089 1339 3102 -
1358 3055 1431 3128 39
1455 3051 1686 3117 ἐνδοῦναι
1720 3070 1835 3109 om.
1865 3054 1935 3111 Θ.

553 3148 699 3210 440,
742 3140 815 3207 43
849 3160 939 3219 πρ.
971 3139 1190 3197 καλοῦσι
1225 3136 1315 3198 καὶ
1348 3137 1507 3204 οὕτως
1525 3139 1595 3198 Θ.
1637 3175 1700 3189 -
1728 3139 1803 3206 45
1830 3140 1995 3218 ὑπερ-

473 3226 557 3298 ίδη
585 3230 656 3284 V.

555 3322 661 3382 441
687 3355 706 3386 ,
736 3323 769 3383 4
800 3311 989 3372 κακίαν
1016 3312 1106 3370 καὶ
1135 3313 1483 3393 συκοφαντίαν
1513 3314 1581 3372 Θ.
1623 3350 1686 3362 --
1714 3312 1749 3369 5
1787 3310 1885 3391 ἔφη
1923 3314 1994 3372 Θ.

474 3403 657 3458 ὶαυτοῢ
688 3399 918 3477 γίνεσθαι
942 3403 1007 3458 V.
1830 3448 1841 3457 .

558 3494 700 3557 442,
728 3507 765 3562 9
798 3483 897 3566 γὰρ
927 3506 1042 3544 om.
1070 3487 1223 3547 6.-
1257 3507 1326 3545 10
1359 3484 1488 3568 φησὶ
1511 3484 1609 3566 γὰρ
1642 3484 1724 3544 ὅτι
1763 3487 1833 3547 Θ.
1874 3490 1997 3545 ἑκα-

474 3569 843 3637 τονταλάντους
871 3571 1166 3631 Dobraeus.
1189 3572 1374 3631 ἑκατόν
1406 3574 1477 3631 Θ.
1507 3572 1635 3631 δέκα
1663 3579 1731 3630 V.
1756 3573 1888 3634 Ald.

557 3656 690 3728 445,
734 3659 802 3715 13
840 3657 1134 3732 Κυλωνίου,
1175 3668 1240 3728 14
1267 3656 1708 3735 συγκλεισθέντες,
1745 3680 1810 3732 17
1844 3659 1998 3719 αὐτὸν

474 3745 542 3803 Θ.
563 3779 626 3791 -
651 3762 725 3801 20
749 3743 1048 3825 Μεγαρίδου
1079 3750 1148 3803 V.
1171 3782 1234 3794 -
1264 3766 1330 3802 21
1378 3743 1633 3827 θυγατέρα
1666 3747 1736 3805 Θ.
1773 3756 1998 3824 γυναῖκα

475 3828 599 3887 Ald.
642 3865 704 3879 -
748 3838 819 3898 24
859 3830 1259 3909 προσλαμὸάνει
1301 3833 1371 3891 Θ.
1395 3868 1461 3881 —
1499 3834 1572 3889 26
1611 3833 1858 3911 ἐλῄστευε
1905 3832 1998 3893 καὶ

474 3917 729 3975 additum
754 3935 827 3974 ex
852 3917 922 3977 Θ.
947 3918 1106 3976 Idem
1135 3917 1332 3999 ἐλήφθη
1368 3915 1424 3976 δὲ
1447 3918 1554 3977 καὶ.
1578 3928 1650 3980 V.
1681 3921 1758 3977 ἕλ.
1782 3918 1840 3977 δέ
1867 3944 1997 4001 φησι

474 4002 582 4063 καὶ.
627 4041 690 4054 -
734 4024 810 4079 29
859 4002 1263 4074 ἀποσπάσαντες
1318 4011 1540 4064 Portus.
1604 4005 1997 4078 ἀπαντήσαντες

474 4097 543 4150 V.
588 4092 657 4152 Θ.
703 4090 1069 4163 ἀπατήσαντες
1104 4092 1222 4151 Ald.
1265 4089 1380 4158 τοὺς
1413 4092 1467 4152 δὲ
1505 4100 1570 4153 V.
1606 4095 1676 4155 Θ.
1704 4132 1768 4144 ——
1809 4097 1995 4154 33-38

473 4197 588 4235 om.
612 4180 683 4237 Θ.
715 4182 784 4235 In
818 4177 931 4235 fine
955 4179 1117 4236 addit
1145 4178 1265 4239 ΑΜ.
1301 4179 1594 4251 ἐκλήθησαν
1625 4181 1670 4239 δ’
1698 4183 1924 4240 ἐντεῦθεν
1949 4186 1996 4242 οἳ

473 4263 748 4344 ἀλιτήριοι.
785 4264 938 4341 λιμὸς
967 4262 1227 4324 κατέλαὸέ
1252 4289 1380 4326 ποτε
1407 4267 1521 4333 τοὺς
1552 4266 1878 4344 Ἀθηναίους,
1905 4269 1995 4329 καὶ

471 4355 520 4411 ot
551 4350 773 4422 πένητες
805 4349 873 4410 τὰ
900 4355 1005 4410 τῶν
1032 4351 1292 4413 ἀλούντων
1336 4353 1530 4438 ἄλευρα
1555 4356 1836 4436 διήρπαζον
1855 4380 1868 4393 ·
1892 4357 1998 4416 ἀπὸ

469 4443 595 4517 γοῦν
638 4437 849 4497 ἐκείνων
894 4444 1332 4520 καταχρηστικῶς
1364 4439 1479 4508 τοὺς
1520 4441 1774 4523 πονηροὺς
1813 4445 1998 4515 ἀλιτη-

474 4524 610 4606 ρίους
655 4525 893 4585 ἐκάλουν.
925 4526 1197 4606 παρέτεινε
1244 4527 1296 4587 δὲ
1341 4529 1403 4588 τὸ
1430 4530 1595 4608 ὄνομα
1628 4530 1717 4588 καὶ
1761 4529 1850 4589 ἐπὶ
1890 4534 1995 4589 τῶν

472 4608 609 4689 μετὰ
632 4610 746 4689 βίας
772 4635 825 4670 τι
856 4610 1174 4689 ποιούντων,
1208 4613 1312 4673 ἀπὸ
1343 4620 1438 4687 τῆς
1467 4617 1720 4683 σιτοδείας
1739 4622 1833 4689 τῆς
1860 4617 1996 4678 κατὰ

469 4698 558 4758 τὸν
590 4698 878 4759 Αἰτωλικὸν
909 4699 1139 4779 πόλεμον
1166 4703 1462 4781 γενομένης.
1497 4700 1658 4763 Ἔστι
1692 4706 1748 4762 δὲ
1774 4704 1864 4764 καὶ
1891 4728 1996 4764 πα-

475 4784 725 4868 ραγώγως
757 4786 860 4846 ἀπὸ
898 4793 989 4847 τοῦ
1033 4790 1368 4871 ἀλιτραίνειν,
1411 4789 1445 4849 ὅ
1473 4793 1614 4850 ἐστιν
1659 4791 1993 4872 ἁμαρτάνειν.

2152 1302 2286 1375 453,
2316 1305 2383 1362 13
2409 1303 2795 1378 διακελεύεται,
2830 1315 2896 1375 14
2930 1307 3098 1364 κῶλον
3128 1306 3285 1364 αὐτοῦ
3311 1307 3384 1365 Θ.

2153 1391 2287 1460 456,
2329 1412 2396 1464 17
2431 1391 2679 1458 κωλύσεις
2705 1399 2860 1452 V.—
2884 1397 2953 1452 18
2981 1398 3073 1451 τοῦ
3107 1391 3279 1453 κώλου
3304 1395 3411 1454 τῶν
3447 1390 3600 1454 ἐντί-

2072 1498 2195 1556 ρων,
2233 1498 2302 1553 19
2321 1485 2430 1543 τοῖς
2456 1478 2610 1537 αὐτὸν
2630 1481 2703 1539 Θ.

2153 1565 2288 1635 462,
2314 1566 2387 1622 26
2407 1566 2618 1632 πολλοῖς
2647 1567 2852 1648 τρόποις
2871 1568 2960 1626 καὶ
2977 1566 3151 1646 λόγοις
3176 1566 3432 1649 ἐκέχρητο
3457 1569 3532 1628 Θ.

2155 1653 2291 1718 463,
2333 1654 2406 1710 28
2435 1653 2667 1711 videtur
2696 1653 3102 1735 συναρμόζοντες
3131 1655 3226 1713 vel
3248 1656 3448 1714 saltem
3467 1677 3601 1714 συν·-

2075 1737 2428 1817 αρμονίζοντες
2457 1740 2771 1818 scripsisse.
2794 1747 2978 1800 Dum.

2157 1826 2302 1896 464,
2331 1827 2406 1883 30
2448 1825 2674 1887 Ἀττικοὶ
2719 1848 2838 1889 om.
2882 1827 3088 1887 Suidas
3128 1847 3174 1886 s.
3215 1825 3601 1910 Ἁμαξουργοί,

2076 1909 2236 1968 addit
2257 1908 2485 1987 λέγουσι.
2504 1914 2776 1972 Scholion
2805 1934 2919 1972 om.
2942 1915 3014 1975 Θ.

2160 1996 2295 2070 465,
2327 1997 2400 2066 45
2420 2002 2486 2078 τῇ
2510 1998 2978 2078 πόλει-γενέσθαι
3000 2002 3070 2060 Θ.
3098 2001 3286 2077 Vulgo
3307 2000 3600 2083 παρρησίᾳ.

2160 2085 2294 2156 468,
2327 2085 2400 2143 50
2427 2086 2606 2158 ἐπειδὴ
2639 2092 2668 2146 ὁ
2710 2090 2812 2148 Κλ.
2836 2095 3148 2156 τεκτονικοῖς
3175 2087 3440 2170 ἐχρήσατο
3479 2088 3603 2150 ὀνό-

2081 2194 2238 2250 μασιν
2272 2174 2342 2232 Θ.
2366 2209 2432 2222 -
2458 2175 2530 2233 52
2555 2173 2610 2233 δὲ
2637 2174 2915 2252 ἐπήνεγκεν
2943 2177 3015 2235 Θ.

2161 2260 2296 2335 469,
2331 2261 2362 2317 3
2389 2267 2495 2327 τοῖς
2528 2265 2632 2319 τῶν
2651 2260 2700 2320 λ’
2725 2266 2862 2322 Λακ.
2883 2269 2953 2322 V.
2979 2270 3089 2330 τοῖς
3107 2262 3214 2322 ἀπὸ
3233 2267 3337 2323 τῶν
3363 2264 3502 2324 Δακ-
3526 2264 3597 2326 Θ-

2081 2380 2158 2393 -
2191 2347 2224 2404 5
2249 2344 2474 2405 ὤλεσθαι
2503 2354 2571 2406 V.

2163 2443 2296 2506 471,
2339 2454 2401 2491 11
2438 2435 2671 2495 δουλείαν
2704 2438 2769 2496 Θ.
2805 2456 2913 2514 pro
2938 2438 3133 2495 δοῦναι.

2164 2523 2297 2597 478,
2319 2542 2390 2580 22
2412 2542 2495 2601 sq.
2512 2523 2767 2606 Ἀργείους
2794 2524 2884 2583 καὶ
2912 2523 3358 2600 Λακεδαιμονίους
3375 2524 3602 2583 συνιέναι

2082 2615 2150 2668 V.
2172 2646 2234 2657 —
2256 2631 2325 2684 27
2360 2610 2602 2670 sortasse
2631 2611 2879 2682 διαὸολῆς
2905 2613 3005 2689 οὐχ
3029 2609 3250 2670 ἅπτεται
3271 2612 3390 2682 τῆς.
3423 2616 3604 2672 Dm».

2083 2698 2318 2756 ἀπατᾶτε
2351 2697 2421 2757 Θ.

2164 2785 2299 2858 481,
2328 2785 2403 2859 39
2426 2781 2555 2865 ἴδρις
2581 2786 2608 2841 ὁ
2634 2782 2743 2853 θεὸς
2768 2782 2980 2864 λέγεται
3009 2775 3143 2843 εἶναι
3174 2785 3270 2845 Θ..

2165 2874 2297 2945 482,
2321 2873 2396 2941 45
2427 2871 2594 2953 ἔργοις
2621 2872 2667 2930 δ.
2689 2868 2778 2931 ἵνα
2803 2895 2853 2950 γ.
2874 2873 2965 2933 καὶ
2989 2896 3046 2931 π.
3080 2874 3134 2931 ἐν
3160 2871 3358 2954 πριίπῳ
3389 2875 3462 2934 Θ.

2168 2962 2304 3033 485,
2334 2960 2407 3017 50
2450 2960 2638 3040 δραμεῖ
2671 2958 2771 3041 γὰρ
2811 2960 3163 3038 scripsimus.
3202 2965 3270 3018 V.
3307 2961 3604 3040 δραμεῖται.

2082 3047 2379 3106 Edebatur
2406 3048 2604 3129 δραμῇ.
2639 3084 2702 3096 —-
2742 3046 2960 3126 ἔμελλον
2988 3045 3128 3106 Θεῦσ.
3169 3049 3239 3109 Θ.
3264 3045 3454 3126 ἔμελλε
3490 3045 3608 3106 θεύ-

2083 3138 2266 3193 σεσθαι
2301 3134 2430 3193 Ald.

2165 3230 2300 3297 490,
2327 3222 2361 3276 8
2389 3221 2660 3299 βοτούλους
2686 3221 2985 3280 Dobraeus.
3021 3222 3346 3300 Legebatur
3377 3219 3607 3300 βοόλους.

2165 3319 2299 3384 491,
2334 3330 2400 3368 10
2429 3308 2488 3376 ἃς
2519 3307 2707 3385 ἔμελλε
2728 3314 2794 3367 V.

2167 3405 2298 3472 492,
2340 3406 2405 3463 14
2439 3394 2492 3455 δὲ
2521 3399 2640 3455 καλ.
2676 3410 2733 3454 et
2761 3395 3145 3479 κηρωματηταί
3178 3398 3251 3458 Θ.

2167 3486 2298 3561 493,
2335 3486 2403 3541 16
2426 3483 2539 3542 τοδί
2563 3485 2637 3545 Θ.

2169 3582 2300 3647 497,
2331 3574 2404 3629 30
2432 3570 2658 3631 κάκιστα
2682 3570 2744 3644 δὴ
2775 3576 2929 3633 τοῦτο
2958 3575 2988 3630 ὁ
3009 3575 3215 3652 πρῶτος
3240 3570 3507 3630 &medan
3534 3575 3607 3633 Θ.

2082 3695 2148 3708 -
2173 3660 2243 3730 37
2291 3657 2613 3737 ἐπτᾶμετρον
2656 3659 2714 3719 δέ
2741 3662 2855 3719 ἐστι
2889 3662 2959 3720 Θ.
2984 3700 3048 3711 -
3091 3670 3162 3733 47
3203 3659 3502 3737 legebatur
3554 3658 3610 3728 ἐξ

2088 3744 2307 3806 Ἰολάου.
2354 3747 2467 3806 Sed
2517 3753 2586 3806 V.
2615 3745 2668 3815 ἐξ
2704 3746 2974 3816 Ἰοκλέους.
3014 3756 3084 3808 V.
3127 3749 3498 3807 Dindorfium
3535 3747 3611 3806 ad

2087 3833 2400 3911 fragmenta
2418 3835 2739 3912 Sophoclis,
2764 3835 2818 3895 δὲ
2851 3838 2980 3894 add.
3008 3842 3075 3895 V.
3100 3838 3171 3896 Θ.

2167 3921 2300 3992 503,
2328 3941 2361 3978 2
2399 3918 2565 3993 ἑξῆςὴ
2594 3921 2890 4004 ἀναστροφὴ
2912 3921 3000 3981 καὶ
3031 3921 3163 4000 μετὰ
3193 3926 3361 3981 ταῦτα
3385 3920 3448 3979 τὸ
3465 3920 3609 4002 ἐπίρ-

2088 4030 2230 4088 ρημα
2258 4007 2351 4080 Θ.,
2378 4023 2730 4085 postremum
2757 4011 2930 4067 etiam
2953 4015 3025 4067 V.
3054 4042 3134 4054 —
3159 4011 3196 4066 6
3237 4011 3287 4067 δ’
3317 4029 3432 4069 om.
3459 4014 3529 4066 V.
3552 4041 3610 4051 -

2087 4115 2117 4167 7
2151 4092 2336 4176 ἑτέρων
2363 4093 2542 4154 ἅπτων
2571 4096 2700 4173 [sic]
2725 4102 2790 4154 V.

2167 4185 2301 4255 507,
2330 4181 2480 4240 8-16
2514 4203 2628 4241 om.
2676 4184 2745 4242 Θ.
2772 4215 2851 4228 —-
2883 4204 2920 4259 9
2966 4182 3282 4241 ἀνάπαιστοι
3310 4186 3381 4240 V.
3417 4214 3499 4229 —
3543 4203 3610 4239 ιο

2086 4269 2190 4346 μ6’.
2220 4275 2289 4328 G.
2329 4303 2396 4313 —
2436 4273 2504 4328 16
2528 4266 2660 4335 ὅλως
2688 4271 2747 4329 ἐκ
2774 4271 2846 4331 Θ.

2167 4356 2301 4430 508,
2338 4378 2410 4415 22
2441 4359 2707 4439 ἀπῆρκται
2737 4360 2807 4418 Θ.
2842 4355 3142 4438 ἀπήρτηται
3171 4356 3378 4415 suidas
3410 4376 3458 4414 s.
3485 4357 3610 4415 Πα-

2088 4444 2320 4526 ράὸασις.
2355 4446 2578 4504 Deinde
2619 4449 2797 4504 ἑστᾶσι
2834 4442 2928 4522 μὲν
2964 4444 3189 4503 Suidas.
3229 4443 3256 4500 ἐ
3377 4439 3475 4519 μὲν
3514 4442 3611 4519 [sic

2086 4554 2213 4591 cum
2243 4533 2468 4610 lacuna)
2496 4538 2567 4594 V.
2598 4533 2729 4593 Ald.
2755 4531 2907 4611 ἔμενε
2948 4537 3018 4590 G.
3048 4535 3096 4589 οἳ
3127 4529 3221 4606 μὲν
3250 4532 3324 4589 Θ.
3353 4561 3430 4575 ·-
3461 4537 3534 4597 24
3565 4529 3611 4585 εἰ

2083 4620 2212 4702 πρὸς
2237 4621 2332 4692 τὴν
2359 4626 2425 4679 V.
2468 4622 2539 4687 εἷς
2580 4620 2676 4693 τὴν
2709 4623 2779 4681 Θ.
2809 4659 2887 4672 —-
2920 4622 2992 4678 26
3037 4618 3098 4678 τὸ
3134 4616 3347 4698 θέατρον
3391 4615 3609 4675 Suidas.

2085 4709 2199 4779 Qui
2228 4708 2415 4781 addit,
2444 4698 2558 4767 εἶτα
2586 4707 2865 4774 διελθόντες
2881 4707 2977 4778 τὴν
3008 4704 3339 4782 καλουμένην
3356 4700 3608 4763 παοάὸα-

2085 4819 2165 4854 σιν
2180 4839 2197 4872 ,
2231 4794 2537 4877 ἐστρέφοντο
2558 4797 2717 4854 πάλιν
2739 4798 2809 4862 εἷς
2828 4793 2925 4867 τὴν
2945 4792 3202 4877 προτέραν
3228 4789 3432 4850 στάσιν.
3457 4790 3607 4861 δῆλον

469 4871 795 4950 λαμόάνεται
835 4874 890 4934 δὲ
926 4876 987 4935 τὸ
1018 4878 1298 4960 ἀλιτηρίων
1331 4878 1420 4938 καὶ
1478 4878 1591 4938 ἀντὶ
1632 4884 1721 4938 τοῦ
1758 4883 1993 4960 ἀστοχη-
2085 4881 2136 4941 δὲ
2155 4889 2387 4942 ποιοῦσιν
2413 4882 2560 4942 αὐτοὶ
2580 4886 2627 4942 οί
2646 4882 2890 4957 ποιηταὶ,
2914 4880 2976 4941 τὸ
2997 4878 3311 4961 στρέφεσθαι
3334 4874 3606 4951 σηιιαίνπν-

474 4956 670 5020 σάντων
706 4960 794 5022 καὶ
831 4964 1214 5043 ἀποτυχόντων.
1242 4971 1464 5028 Inserta
1492 4981 1623 5026 sunt
1650 4987 1721 5025 ex
1749 4969 1923 5029 Suida
1951 4990 1994 5029 s.
2081 4992 2165 5034 τες
2191 4968 2279 5027 καὶ
2306 4969 2368 5029 τὸ
2393 4969 2752 5051 παραὸαίνειν.
