3859 5725
357 309 464 359 152

348 439 489 507 λίους
508 436 796 504 διακοσίους
815 436 893 512 μ’.
974 434 1195 504 Ἄλλως.
1214 435 1469 505 σιτοδείας
1485 435 1612 497 ποτὲ
1629 435 1909 518 γενομένης

349 532 402 587 ἐν
425 529 492 607 τῇ
529 525 765 606 Ἀττικῇ,
810 523 1184 605 Ψαμμήτιχος
1210 529 1238 583 6
1279 522 1373 597 τῆς
1418 523 1621 599 Λιὸύης
1668 523 1909 604 βασιλεὺς

349 614 626 675 ἀπέστειλε
668 623 810 674 σῖτον
841 615 948 681 τοῖς
972 613 1258 685 Ἀθηναίοις
1287 612 1566 686 αἰτήσασιν
1597 612 1774 674 αὐτόν.
1815 617 1909 684 τῆς

350 708 407 766 δὲ
439 707 690 781 διανομῆς
719 701 999 781 γενομένης
1023 707 1118 760 τοῦ
1143 701 1287 760 σίτου
1316 699 1625 774 ξενηλασίαν
1654 700 1906 771 ἐποίηὲαν

298 808 324 847 5
352 795 636 866 Ἀθηναῖοι,
676 792 767 851 καὶ
797 792 849 849 ἐν
877 793 953 870 τῷ
991 788 1268 871 διακρίνειν
1296 789 1413 857 τοὺς
1437 790 1719 866 αὐθιγενεῖς
1759 780 1905 870 εὗρον

349 881 441 943 καὶ
465 881 665 964 ἑτέρους
688 877 1136 959 τετρακισχιλίους
1178 877 1518 944 ἑπτακοσίους
1546 876 1797 949 ἑξήκοντα
1826 874 1907 946 ξέ-

348 996 463 1039 νους
502 966 1087 1050 παρεγγεγραμμένους.
1113 971 1266 1025 τοῦτο
1292 957 1382 1025 οῧν
1422 989 1580 1042 φησι,
1616 964 1709 1025 καὶ
1749 967 1802 1025 ἐν
1830 969 1907 1047 τῷ

349 1063 654 1142 ἐρευνᾶσθαι
683 1055 832 1135 μόγις
854 1053 1042 1122 έλαὸες
1067 1053 1225 1113 πέντε
1256 1053 1559 1132 μεδίμνους,
1585 1052 1910 1131 ἐγκαλούμε-

348 1172 431 1218 νος
457 1152 527 1215 ὣς
547 1145 711 1218 ξένος,
729 1142 819 1204 καὶ
838 1143 1049 1210 τούτους
1067 1141 1181 1201 οὐδὲ
1204 1145 1288 1224 ὑφ’
1310 1141 1363 1200 ἓν
1389 1145 1443 1201 ἐν
1467 1142 1723 1223 συντομία
1737 1186 1753 1213 ,
1770 1140 1909 1200 ἀλλὰ

272 1253 322 1291 10
347 1233 486 1295 κατὰ
515 1232 696 1316 μέρος,
722 1229 861 1291 κατὰ
878 1229 1087 1309 χοίνικα
1115 1227 1207 1287 ἕνα
1229 1272 1246 1301 ,
1276 1225 1423 1286 οὐδὲν
1465 1226 1792 1309 διαφέροντος
1815 1232 1907 1285 τοῦ

349 1323 493 1382 σίτου
534 1325 745 1402 κριθῶν,
785 1322 858 1397 ᾡς
884 1323 1049 1377 κακοῦ
1081 1316 1226 1375 σίτου
1263 1315 1674 1394 διανεμηθέντος.
1714 1317 1809 1381 Εἷς
1848 1315 1908 1373 τὸ

349 1408 493 1471 αὐτό.
524 1414 595 1478 ὥς
612 1410 771 1486 λιμοῦ
798 1404 1075 1485 γενομένου
1103 1408 1197 1463 καὶ
1217 1408 1320 1463 τῶν
1346 1403 1501 1472 ξένων
1522 1401 1909 1485 διακριθέντων,

347 1496 583 1557 τουτέστι
610 1492 1058 1574 δοκιμαζομένων,
1089 1495 1134 1550 εἰ
1161 1490 1377 1564 πολίτης
1404 1490 1485 1564 εἴη
1505 1490 1542 1563 ἢ
1572 1491 1685 1570 μή.)

426 1605 527 1646 ⁷21.
572 1582 966 1663 στομφάζοντας
996 1602 1010 1638 :
1050 1577 1539 1657 Ἀλαζονευομένους
1578 1582 1649 1649 εἰς
1686 1576 1746 1637 τὸ
1790 1601 1911 1639 στο-

273 1689 322 1729 15
350 1698 446 1755 μα.
476 1680 538 1734 R.
584 1669 1050 1748 ἀλαζονευομένους
1077 1667 1112 1740 ἢ
1142 1669 1550 1748 ἐπεγγελῶντας.
1586 1690 1654 1737 v.

428 1782 531 1823 7⁴22.
580 1762 642 1819 ἐκ
670 1758 864 1826 παντὸς
892 1759 1102 1840 τρόπου.
1132 1772 1197 1819 V.

427 1870 527 1912 724.
573 1845 926 1927 (κωλακρέτου
971 1867 987 1906 z
1040 1848 1476 1926 Περιφραστικῶς
1496 1844 1584 1903 τὸν
1612 1845 1910 1906 δικαστικὸν

351 1936 552 2022 μισθόν.
578 1935 705 2017 παρ’
732 1932 978 1994 ὑπόνοιαν
1008 1932 1063 1993 δὲ
1080 1978 1096 2007 ,
1125 1934 1237 1992 δέον
1265 1933 1429 1992 εἰπεῖν
1467 1932 1597 2014 ζῴου
1626 1934 1801 2011 τινός.)
1832 1970 1913 1981 -

350 2030 524 2090 πάντα
556 2047 669 2099 σοι,
698 2022 866 2106 φησὶ,
895 2023 1086 2101 δίδωμι
1107 2019 1247 2093 πλὴν
1273 2020 1381 2080 ἀπὸ
1409 2019 1674 2099 δημοσίων
1699 2025 1909 2104 τροφῆς.

271 2133 326 2172 20
349 2127 474 2175 ven.

428 2222 524 2265 πε.
569 2199 721 2283 (πρὶν
746 2197 809 2258 ἂν
835 2200 1026 2280 ἀμφοῖν
1057 2216 1073 2258 z
1107 2195 1266 2259 Κατὰ
1287 2195 1349 2255 τὸ

474 2334 590 2399 μηδὲ
612 2333 744 2391 δίκην
764 2330 989 2394 δικάσῃς,
1006 2330 1113 2395 πρὶν
1135 2331 1194 2379 ἂν
1218 2331 1387 2393 ἀμφοῖν
1415 2329 1556 2393 μῦθον
1580 2328 1802 2393 ἀκούσῃς.

349 2453 504 2528 ὑγιῶς
526 2447 582 2507 δὲ
606 2453 693 2506 νῦν
727 2445 789 2505 τὸ
817 2451 1010 2526 ἀμφοῖν
1042 2447 1233 2504 κεῖται.
1262 2441 1382 2511 τοὺς
1405 2441 1712 2521 σκίμπωνας
1735 2441 1791 2502 δὲ
1823 2442 1916 2511 τὰς

354 2535 663 2618 βακτηρίας.
692 2533 877 2605 ἀτενὴς
901 2531 955 2592 δὲ
985 2531 1228 2610 μανικὸς,
1261 2528 1347 2590 διὰ
1370 2530 1432 2590 τὸ
1459 2530 1541 2589 ἀεὶ
1577 2529 1753 2599 ἀτενὲς
1788 2531 1915 2612 βλέ-

272 2654 326 2693 25
350 2649 466 2685 πειν
492 2623 609 2692 τοὺς
641 2621 805 2703 μανία
828 2618 1227 2700 κατεχομένους.
1379 2621 1536 2691 ἀτενῆ
1563 2618 1651 2677 τὸν
1695 2618 1915 2696 μανικὸν

351 2722 440 2775 νῦν
484 2712 705 2795 εἴρηκεν.
751 2709 1070 2792 ἠγριωμένοι
1122 2708 1226 2789 γάρ
1275 2710 1377 2768 εἰσι
1411 2707 1503 2767 καὶ
1545 2708 1765 2789 ὕφαιμοι
1811 2711 1916 2768 τῶν

351 2801 598 2865 τοιούτων
624 2805 672 2862 οἱ
694 2799 989 2883 ὀφθαλμοί.)

431 2913 530 2953 728.
574 2888 930 2971 συγχορευτὰ,
951 2888 984 2946 ὅ
1009 2890 1120 2946 ἐστι
1145 2885 1374 2967 συνεργέ.
1398 2884 1464 2943 νζ

433 3001 531 3042 730.
574 2978 851 3060 ἀτεράμων
887 2996 902 3037 :
942 2974 1138 3052 (Οἱονεὶ
1171 2971 1246 3053 μὴ
1273 2971 1537 3054 τεράμων,
1559 2971 1716 3050 ἀλλὰ)
1748 2975 1919 3045 σκλη-

275 3097 327 3138 ³0
356 3070 455 3152 ρός.
487 3068 645 3146 (ἔνθεν
686 3066 758 3144 δὲ)
803 3063 893 3123 καὶ
931 3062 1198 3143 ἀτέραμνα
1229 3062 1249 3140 (
1259 3060 1452 3142 ὄσπρια
1494 3058 1707 3141 φαμὲν),
1745 3058 1813 3119 τὰ
1842 3061 1917 3139 μὴ

353 3147 582 3239 ἑψόμενα
610 3152 697 3214 διὰ
722 3149 1077 3233 σκληρότητα·
1108 3148 1255 3230 παρὰ
1290 3148 1350 3207 τὸ
1390 3156 1469 3220 [n.
1495 3159 1549 3238 IJ,
1591 3155 1685 3220 142]
1723 3176 1749 3201 «ι
1771 3147 1917 3230 τέρεν

353 3244 491 3304 κατὰ
515 3242 677 3324 δάκρυ
703 3241 900 3321 χέουσα
923 3266 947 3290 1·
979 3237 1088 3316 (καὶ
1109 3236 1340 3297 Πλάτων
1373 3244 1503 3310 [Lag.
1539 3255 1592 3308 9,
1611 3259 1660 3309 p.
1690 3257 1797 3308 853,
1827 3243 1915 3308 D‚]

353 3331 610 3413 κέχρηται
630 3334 697 3409 τῇ
721 3326 887 3405 λέξει,
916 3323 1266 3406 κερασὸόλους
1287 3324 1379 3382 καὶ
1402 3323 1725 3403 ἀτεράμνους
1750 3322 1917 3399 λέγων

353 3418 472 3486 τοὺς
502 3413 758 3497 σκληροὺς
788 3413 874 3472 διὰ
906 3411 1100 3472 τούτων
1125 3438 1150 3463 κ
1183 3408 1257 3488 μή
1286 3433 1363 3476 τις
1387 3408 1600 3487 γένηται
1631 3412 1735 3467 τῶν
1765 3412 1915 3469 πολι-

277 3535 329 3574 35
354 3510 461 3566 τῶν
496 3501 834 3585 κερασόόλος,
873 3498 909 3571 ἢ
948 3498 1256 3581 ἀτέραμνος.
1291 3524 1313 3550 υ
1356 3496 1487 3577 φασὶ
1539 3494 1641 3575 γὰρ
1678 3496 1744 3555 τὰ
1780 3496 1919 3558 κατὰ

355 3598 459 3655 τῶν
487 3589 722 3673 κεράτων
757 3586 1011 3670 βληθέντα
1037 3587 1316 3665 σπέρματα
1341 3584 1612 3664 ἀτέραμνα
1640 3581 1915 3661 γίνεσθαι.)

435 3700 535 3742 734.
579 3674 833 3758 (ἐμφανής
858 3694 874 3735 2
904 3671 1052 3734 Ἴσον
1076 3676 1155 3754 τῷ
1188 3669 1437 3753 ἐναργὴς,
1464 3670 1586 3751 οὐχὶ
1619 3672 1697 3752 τῷ
1734 3669 1919 3752 φαινό-

402 3792 527 3835 ενος.

359 3795 399 3848 μ
436 3769 549 3919 787.)
579 3853 634 3913 δν
663 3851 822 3910 ἅλικα
850 3850 1110 3928 Ῥωμαῖοι
1149 3850 1415 3908 καλοῦσιν.
1442 3858 1505 3906 V.

279 3972 334 4012 40
439 3966 537 4008 7³8.
585 3938 821 4021 (σισύραν
853 3958 868 3999 :
915 3937 1120 4019 Σισύρα
1155 3940 1394 3997 καλεῖται
1431 3932 1579 4016 παρὰ
1602 3932 1697 4012 μέν
1724 3959 1858 3995 τισιν
1885 3939 1919 4007 ἡ

363 4034 542 4116 βαίτη.
570 4028 682 4089 ἔστι
711 4026 765 4087 δὲ
789 4025 1123 4108 περιῦόλαιον
1157 4027 1218 4083 ἐκ
1251 4022 1523 4105 δερμάτων
1558 4022 1923 4103 συνερραμμέ-

359 4147 461 4184 νων
492 4113 819 4201 προὸατείων
856 4112 1082 4193 ἐχόντων
1121 4111 1190 4170 τὰ
1223 4110 1357 4190 ἔρια.
1398 4113 1447 4169 οἱ
1471 4107 1526 4167 δὲ
1566 4108 1922 4191 ἀκριὸέστεροί

361 4233 491 4294 φασι
526 4209 751 4288 χλαῖναν
787 4198 1021 4260 παλαιὰν
1064 4190 1196 4258 εἶναι
1239 4195 1485 4257 ἁπλοΐδα.
1518 4195 1616 4266 τὴν
1662 4196 1825 4269 αὐτὴν
1865 4195 1922 4257 δὲ

360 4300 452 4361 καὶ
481 4292 697 4375 σισύραν
720 4292 941 4349 καλοῦσι
967 4288 1058 4347 καὶ
1087 4285 1353 4368 σισύρναν.

280 4407 334 4447 ⁴⁶
440 4405 540 4449 740.
584 4376 745 4461 ὀσφύν
781 4399 799 4438 τ
848 4375 957 4439 Τὸν
1001 4373 1151 4457 παρὰ
1195 4374 1421 4456 πλευρὸν
1466 4374 1701 4435 διάκενον
1740 4373 1917 4435 τόπον.

371 4481 498 4529 Vict.
1765 4501 1779 4514 .

440 4571 539 4611 7⁴2.
586 4550 962 4631 (νενουθέτηκεν
1001 4550 1157 4609 αὑτόν
1188 4570 1203 4610 :
1235 4548 1299 4607 ‘O
1341 4550 1497 4630 χορὸς
1523 4550 1836 4631 ἀναδέχεται
1861 4549 1922 4608 τὸ

362 4639 645 4719 πρόσωπον
671 4646 763 4700 τοῦ
793 4637 1177 4705 Φιλοκλέωνος.
1215 4636 1474 4718 μετέγνω,
1503 4638 1679 4720 φησὶν,
1707 4637 1794 4698 ἐπὶ
1817 4639 1922 4706 τοῖς

361 4727 745 4807 πεπραγμένοις
768 4729 912 4808 αὐτῷ
935 4725 1141 4804 πάλαι.)

286 4830 338 4869 50
446 4833 544 4874 751.
588 4815 789 4893 (κείνων
825 4814 1020 4894 ἔραμαι
1065 4835 1080 4873 t
1129 4810 1222 4880 Ἐξ
1270 4809 1587 4872 Ἱππολύτου
1633 4811 1921 4893 Εὐριπίδου

367 4908 507 4974 [²³⁰]-

442 4989 574 5048 κεῖθι
604 5010 620 5049 :
654 4988 748 5050 'Ev
775 4989 881 5055 τοῖς
909 4987 1295 5068 δικαστηρίοις.)

447 5095 544 5138 752.
584 5075 663 5144 τίς
688 5075 979 5159 ἀψήφιστος
1007 5096 1022 5137 2
1047 5074 1218 5139 Ἔνθα
1238 5078 1293 5135 ἐν
1320 5083 1433 5144 ταῖς
1461 5074 1737 5153 δημοσίαις
1758 5074 1926 5143 δίκαις

1495 296 1873 359 scfloLlA
1921 297 2015 357 IN
2063 296 2413 361 VESPAS.

1997 438 2069 503 εἰς
2105 436 2268 497 ταυτὸ
2310 437 2651 517 συναγόμενοι
2676 441 2726 499 οῖ
2762 441 3040 517 δικασταὶ,
3066 448 3160 504 τοῦ
3200 442 3423 527 κήρυκος
3455 448 3552 521 τὴν

1995 524 2327 606 κληρωτρίδα
2360 520 2765 608 προσφέροντος,
2803 528 2992 590 ἔὸαλον
3036 530 3132 601 τὰς
3173 533 3391 616 ψήφους.
3429 535 3553 597 ἔνιοι

1997 609 2052 669 δὲ
2080 610 2185 672 ἔσθ’
2215 611 2302 672 ὅτε
2338 616 2440 672 ὑπὸ
2468 614 2710 695 φιληδίας
2745 620 2990 697 κατεῖχον
3029 618 3210 686 αὐτάς.
3331 620 3551 691 Ἄλλως.

1996 698 2158 758 ἐνίοτε
2186 698 2300 778 μὲν,
2328 701 2506 781 φησὶν,
2543 700 2725 783 ἔφερον
2752 702 2984 782 στάμνον
3020 706 3110 765 καὶ
3144 706 3418 768 ἐνέὸαλλον
3445 733 3552 769 κα·-

1996 786 2209 866 θήμενοι
2236 792 2283 848 οἱ
2314 790 2559 849 δικασταὶ
2584 791 2678 858 τὰς
2717 792 2946 874 ψήφους,
2979 795 3141 855 ἐνίοτε
3184 796 3240 856 δὲ
3284 798 3375 857 καὶ
3403 800 3551 860 αύτοὶ
3577 824 3605 864 5

1997 874 2311 957 ἐγειρόμενοι
2340 877 2581 937 ἔὸαλλον.
2621 884 2773 939 τοῦτο
2801 871 2889 940 οὖν
2923 881 3093 961 λέγει,
3129 887 3159 942 6
3184 884 3257 963 μὴ
3282 887 3555 969 ἐψηφοφο-

1998 962 2167 1044 ρηκὼς
2190 964 2410 1046 ἐγερθεὶς
2435 966 2691 1044 βαλλέτω.

2075 1072 2172 1113 757.
2214 1053 2376 1134 πάρες
2394 1044 2439 1112 ὦ
2465 1055 2650 1135 σκιερά
2678 1075 2693 1115 :
2718 1055 2855 1114 Ἀντὶ
2880 1061 2971 1116 τοῦ
2995 1045 3040 1116 ὦ
3061 1058 3294 1131 ἀσθενής.
3323 1071 3383 1120 Β.
3407 1062 3555 1140 παρὰ

1994 1139 2062 1199 τὰ
2086 1142 2145 1198 ἐκ
2167 1140 2582 1221 Βελλεροφόντου
2603 1143 2779 1213 παίζει
2797 1151 2963 1204 ταῦτα
2981 1168 2996 1183 ·
3022 1173 3046 1199 α
3072 1145 3262 1227 πάρες,
3291 1137 3353 1226 (ὦ
3372 1149 3557 1226 σκιερὰ

1997 1255 2020 1281 «ι
2053 1225 2281 1307 φυλλὰς,
2310 1227 2525 1309 ὓπερὸῶ
2557 1239 2785 1310 κρηναῖα
2823 1230 2987 1305 νάπη.
3026 1232 3115 1291 τὸν
3156 1234 3290 1316 ὑπὲρ
3325 1239 3555 1319 κεφαλῆς
3582 1266 3635 1307 10

1999 1342 2025 1367 α
2052 1313 2214 1395 αἰθέρ’
2250 1314 2448 1374 ἰδέσθαι
2479 1317 2717 1390 σπεύδω,
2745 1317 2843 1377 τίν’
2870 1318 2982 1399 ἔχει
3016 1321 3199 1381 στάσιν
3236 1323 3474 1386 Εἰνοδία.
3494 1329 3551 1405 ω)

2077 1422 2177 1462 759.
2227 1401 2541 1481 (κλέπτοντα
2575 1424 2591 1465 :
2632 1404 2862 1467 Ἀπειλεῖ
2885 1407 3256 1467 καταδικάσειν
3287 1409 3375 1470 τὸν
3405 1413 3553 1472 Κλέ-

1997 1512 2137 1562 ωνα,
2166 1491 2212 1547 εἰ
2234 1489 2391 1549 λάὸοι
2420 1490 2578 1550 αὐτὸν
2600 1493 2986 1572 ἐγκαλούμενον
3014 1496 3136 1577 περὶ
3164 1498 3383 1569 κλοπῆς.
3411 1499 3474 1559 τὸ
3497 1499 3553 1559 δὲ

1997 1575 2117 1636 ὅλον
2157 1574 2403 1656 βούλεται
2441 1579 2745 1647 διαθάλλειν
2785 1581 2872 1640 τὸν
2919 1583 3220 1642 δικαστικὸν
3247 1585 3438 1666 τρόπον
3484 1592 3556 1656 ὡς

1999 1665 2224 1744 σκληρὸν
2262 1665 2354 1724 καὶ
2396 1665 2637 1740 ἄπιστον,
2667 1666 2825 1727 ὁπότε
2856 1667 2973 1728 οὐδὲ
3005 1673 3081 1750 τῷ
3114 1670 3349 1748 Κλέωνι,
3374 1676 3462 1756 ἀφ’
3492 1667 3552 1735 οὗ
3583 1699 3633 1739 15

1997 1752 2059 1812 τὸ
2081 1751 2247 1830 ὄνομα
2272 1751 2384 1832 ἔχει
2408 1757 2436 1811 6
2459 1752 2788 1827 Φιλοκλέων,
2810 1754 2997 1816 πιστόν
3019 1780 3072 1815 τι
3096 1757 3390 1838 φυλάττει.)

2078 1860 2175 1900 7⁰³.
2222 1838 2401 1927 (ᾍδης
2433 1842 2686 1923 διακρινεῖ
2714 1864 2730 1903 :
2765 1842 2858 1904 Ἐν
2896 1843 3168 1925 Κρήσσαις
3206 1845 3493 1928 Εὐριπίδου
3525 1851 3555 1906 6

1992 1926 2204 2009 ”Arpebc
2228 1929 2357 2009 πρὸς
2381 1928 2476 2001 τὴν
2506 1930 2775 2011 Ἀερόπην.
2835 1941 2997 2012 κρινεῖ
3023 1933 3238 2011 ταῦτα.)

2078 2033 2175 2077 764.
2220 2016 2372 2096 (κεχά
2406 2040 2540 2090 ηκας
2558 2021 2702 2076 ποῶν
2720 2037 2735 2077 z
2754 2017 2882 2077 Ἀπὸ
2907 2018 3139 2099 ῥήματος
3158 2020 3556 2102 περισπωμένου

2000 2106 2092 2160 τοῦ
2118 2106 2317 2183 χαιρῶ,
2347 2127 2375 2162 ο
2430 2107 2458 2161 6
2484 2102 2692 2181 μέλλων
2719 2104 3001 2185 χαιρήσω.)
3583 2141 3642 2181 20

2079 2209 2175 2250 7⁶8.
2217 2193 2252 2261 ἡ
2290 2190 2480 2261 σηκὶςε
2521 2191 2753 2271 (Σηκίδα
2794 2189 2890 2263 τὴν
2927 2193 3041 2253 κατ’
3071 2186 3212 2254 οἷκον
3240 2194 3560 2277 θεράπαιναν

2001 2276 2229 2354 λέγουσι.
2259 2279 2350 2336 καὶ
2391 2282 2785 2356 σεσημειῶσθαι
2829 2277 2974 2348 τινὰς
3014 2284 3085 2348 ὡς
3127 2282 3562 2363 ἀπεκδεχομένων

2001 2367 2156 2423 τινῶν
2181 2363 2278 2437 τὴν
2301 2364 2493 2439 σηκίδα
2511 2365 2718 2446 ὄνομα.)
2749 2401 2827 2413 -
2844 2370 2879 2438 ἡ
2906 2368 3166 2444 διάκονος,
3184 2373 3218 2441 ἡ
3247 2371 3558 2451 θεράπαινα.

2003 2455 2053 2511 οἱ
2080 2449 2136 2510 δὲ
2170 2451 2357 2530 ὄνομα.
2389 2468 2446 2515 R.

2082 2558 2181 2601 759.
2227 2537 2442 2619 (ταύτης
2487 2539 2738 2613 ἐπιὸολήν
2771 2561 2786 2602 :
2827 2540 3015 2602 Λείπει
3061 2542 3323 2623 δραχμήν.
3369 2543 3563 2617 ταύτης
3588 2580 3643 2620 2⁶

2002 2630 2097 2699 τῆς
2120 2625 2267 2698 δίκης
2290 2626 2418 2704 μίαν
2455 2626 2620 2705 μόνην
2648 2627 2895 2708 δραχμὴν
2932 2628 3184 2701 ἐπιὸολὴν
3212 2633 3412 2713 ψηφιεῖ.
3440 2637 3560 2692 ἐπι-

2005 2714 2167 2786 ὅολὴν
2196 2716 2253 2774 δὲ
2275 2714 2534 2793 ἐπιτίμιον
2561 2715 2774 2793 ζημίαν,
2802 2713 2953 2797 παρὰ
2973 2716 3034 2775 τὸ
3056 2716 3402 2797 ἐπιὸάλλειν.)

2085 2805 2272 2885 ψηφιεῖ
2308 2824 2324 2864 t
2362 2802 2770 2872 Καταδικάσεις.
2810 2803 2936 2883 μίαν
2971 2805 3134 2884 μόνην
3170 2825 3186 2867 :
3225 2805 3413 2867 Λείπει
3438 2808 3565 2889 δρα-

2003 2892 2169 2972 χμήν.
2209 2903 2341 2951 νέοι.

2085 3000 2183 3040 771.
2224 2977 2377 3059 ἐξέχῃ
2409 3001 2425 3040 z
2459 2977 2700 3060 Ἇνίσχῃ,
2730 2978 3012 3061 ἀνατέλλῃ.
3053 2992 3178 3040 Vict.
3591 3013 3647 3056 80

2085 3087 2184 3128 772.
2231 3065 2367 3145 (εἵλη
2408 3069 2526 3125 κατ’
2560 3066 2743 3149 ὄρθρον
2783 3087 2798 3128 :
2833 3064 2977 3139 Ἕλη
3013 3073 3048 3140 ἡ
3089 3074 3182 3127 τοῦ
3208 3068 3358 3141 ἡλίου
3392 3070 3529 3149 αὔγὴ
3546 3116 3564 3149 ,

2007 3153 2233 3226 δασέως,
2261 3151 2544 3234 ληφθέντος
2567 3153 2622 3212 δὲ
2652 3152 2739 3211 διὰ
2761 3161 2851 3214 τοῦ
2874 3179 2920 3234 ι,
2942 3157 3124 3239 ψιλῶς.
3147 3190 3225 3202 —
3246 3156 3338 3215 καὶ
3366 3157 3565 3238 εἷρκτὸν

2006 3241 2096 3300 καὶ
2133 3240 2222 3299 ἐπὶ
2255 3246 2346 3299 τοῦ
2390 3239 2505 3300 ὁδὸν
2544 3240 2634 3300 καὶ
2677 3241 2846 3302 οὐδόν.
2875 3261 2935 3308 v,
2962 3277 3042 3288 —-
3078 3243 3334 3325 γράφεται
3379 3242 3434 3304 δὲ
3475 3246 3567 3304 καὶ

2006 3329 2123 3388 κατ’
2159 3327 2307 3409 ὀρθὸν
2351 3330 2404 3388 ἐν
2445 3330 2674 3395 πολλοῖς.
2720 3328 2812 3387 καὶ
2849 3327 3188 3408 ἐξηγούμενος
3221 3330 3565 3413 Καλλίστρα-

2006 3414 2092 3483 τός
2110 3438 2265 3497 φησι,
2290 3413 2430 3473 κατὰ
2455 3413 2516 3473 τὸ
2542 3416 2704 3496 ὀρθῶς
2726 3414 2847 3494 ἔχον
2862 3439 2875 3452 ·
2901 3415 3019 3494 οὐχὶ
3043 3419 3096 3476 ἐν
3120 3420 3195 3495 τῷ
3220 3417 3568 3499 δικαστηρίῳ.
3592 3445 3647 3486 ³5

2007 3503 2069 3562 τὸ
2093 3502 2142 3561 δ’
2162 3500 2361 3579 ἡλιάσῃ
2393 3501 2617 3579 (μήποτε
2645 3501 2699 3560 δὲ
2728 3504 2892 3583 ψιλῶς
2913 3502 3265 3583 προενεκτέον)
3294 3503 3443 3585 παρὰ
3468 3502 3565 3575 την

2008 3590 2275 3663 Ἡλιαίαν,
2315 3589 2446 3670 πρὸς
2478 3589 2625 3661 ἥλιον
2663 3588 2915 3648 δικάσειν.
2954 3589 3066 3667 ἅμα
3109 3588 3164 3649 δὲ
3207 3590 3383 3659 παίζει
3417 3592 3568 3672 παρὰ

2007 3677 2102 3749 τὴν
2125 3682 2219 3736 τοῦ
2244 3675 2394 3748 ἡλίου
2417 3675 2721 3754 ὀνομασίαν.
2749 3677 2964 3757 ψυχρῶς
2985 3675 3041 3735 δὲ
3064 3675 3294 3756 πέπαιχε
3312 3722 3328 3749 ,
3357 3677 3516 3759 φησὶν
3538 3681 3568 3738 6

2010 3764 2265 3841 Δίδυμος,
2295 3762 2425 3843 πρὸς
2456 3761 2704 3839 τοῦνομα.
2741 3761 2922 3833 ἐπειδὴ
2967 3761 3070 3843 γὰρ
3114 3761 3231 3836 εῗλη
3274 3761 3488 3841 λέγεται
3530 3768 3567 3837 ἡ

2008 3857 2100 3911 τοῦ
2130 3852 2283 3921 ἡλίου
2321 3848 2487 3927 αὐγὴ,
2520 3849 2737 3912 Ἥλιαία
2767 3849 2822 3909 δὲ
2863 3849 2924 3909 τὸ
2964 3849 3318 3931 δικαστήριον,
3359 3850 3567 3921 παίζων
3594 3878 3649 3920 40

2010 3939 2168 4020 ἔφησε
2192 3937 2322 4019 πρὸς
2354 3936 2416 3996 τὸ
2450 3936 2711 4019 φιλόδικον
2749 3937 2829 3996 ὅτι
2857 3936 3068 3996 ἐπειδὰν
3098 3937 3308 4017 ἀνάσχῃ
3338 3942 3367 3997 6
3392 3937 3569 4018 ἥλιος,

2007 4025 2241 4098 ἡλιάζειν
2272 4023 2476 4084 ἐνέσται
2518 4047 2618 4086 σοι.
2647 4024 2810 4092 οὕτως
2853 4023 2908 4084 δὲ
2951 4028 2999 4084 οἱ
3042 4024 3265 4086 Ἀττικοὶ
3293 4023 3380 4084 διὰ
3426 4033 3519 4086 τοῦ
3551 4051 3569 4085 ι

2009 4111 2155 4184 εἵλην
2179 4111 2439 4188 λέγουσιν.
2464 4111 2626 4179 οὕτως
2647 4112 2892 4189 Δίδυμος.
2964 4112 3225 4186 δικάσεις,
3251 4111 3409 4194 φησὶ,
3438 4112 3570 4195 πρὸς

2008 4200 2096 4259 τὸν
2137 4199 2286 4271 fixo
2321 4197 2627 4276 καθήμενος.
2663 4197 2843 4268 ἔπαιξε
2881 4198 2936 4270 δὲ
2969 4199 3118 4282 παρὰ
3159 4198 3255 4272 τὴν
3298 4199 3568 4273 Ἡλιαίαν,

2008 4287 2069 4346 τὸ
2127 4287 2373 4366 μέγιστον
2426 4285 2784 4368 δικαστήριον,
2830 4285 2860 4345 δ
2904 4286 3101 4359 ταύτης
3145 4292 3239 4360 τῆς
3287 4285 3570 4363 ὀνομασίας
3595 4318 3649 4359 45

2010 4373 2163 4454 ἔτυχε
2189 4373 2276 4432 διὰ
2307 4373 2368 4432 τὸ
2397 4375 2450 4434 ἐν
2477 4372 2713 4455 ὑπαίθρῳ
2743 4372 2870 4433 αὐτὸ
2903 4372 3339 4452 ἀναπεπταμένον
3372 4372 3568 4452 βάλλε-

2009 4468 2128 4523 σθαι
2150 4465 2226 4544 τῷ
2249 4461 2423 4543 ἡλίῳ.)

2088 4570 2188 4613 774.
2231 4549 2405 4617 ὕοντος
2432 4569 2447 4610 :
2474 4547 2697 4615 Ὕοντος
2726 4553 2817 4608 τοῦ
2850 4553 2967 4608 θεοῦ
2995 4547 3088 4608 καὶ
3114 4548 3370 4630 νίφοντος,
3391 4546 3568 4628 γνώσῃ

2010 4637 2302 4715 καθήμενος
2323 4636 2451 4717 πρὸς
2471 4635 2532 4695 τὸ
2555 4641 2660 4716 πῦρ
2681 4635 2777 4707 τὴν
2802 4634 2969 4706 δίκην.

2093 4725 2209 4802 (κᾶν
2234 4723 2361 4803 ἔγρῃ
2392 4745 2407 4783 z
2438 4721 2556 4783 Κᾶν
2588 4719 2817 4803 βραδέως
2843 4719 2948 4778 ἀπὸ
2978 4723 3073 4791 τῆς
3103 4719 3281 4793 κοίτης
3308 4721 3566 4800 ἀναστῇς,
3597 4738 3649 4781 60

2011 4811 2176 4879 οὐδεὶς
2226 4810 2530 4870 ἀποκλείσει
2573 4831 2633 4867 σε
2674 4813 2767 4867 τοῦ
2818 4805 3187 4888 δικαστηρίου,
3226 4811 3297 4874 ὡς
3340 4805 3570 4887 βραδέως
3609 4858 3637 4884 .,

2009 4900 2244 4976 ἥκοντα.)

2094 5008 2194 5048 775.
2239 4982 2553 5061 θεσμοθέτης
2595 5004 2609 5043 :
2652 4981 2784 5043 “On
2822 4980 2915 5041 καὶ
2954 4980 3267 5060 θεσμοθέτης
3290 4979 3573 5066 ,παρετύγ-

2012 5096 2143 5154 χανε
2187 5071 2279 5133 καὶ
2320 5069 2510 5131 ἔὸλεπε
2547 5067 2615 5129 τὰ
2659 5068 2991 5150 δικαστήρια.
3039 5090 3103 5137 11-
3147 5072 3209 5127 Ὺ.
3336 5067 3574 5147 (Ἄλλως.
