3859 5725
425 223 543 288 522

1606 222 2060 287 ΑΒΝΟΤΑΤΙΟ
2099 226 2183 287 ΙΝ
2225 228 2485 289 SCHOL.

420 332 692 438 Ὄμηρος,
736 358 866 416 θεῶν
915 357 972 417 ἒν
1015 355 1230 435 γούνασι
1286 365 1456 418 κεῖται
1507 362 1573 418 V.
1607 359 1678 420 Θ.
1708 363 1783 417 Μ.
1830 356 1961 416 Ald.
2053 359 2124 424 ὥς
2145 362 2235 418 νῦν
2256 361 2505 437 ἕκ(ί“οι·ι.
2536 362 2657 441 ἐπὶ)
2711 366 2815 422 τῶν
2841 365 3142 447 μυστηρίων
3170 364 3281 434 ἔθος
3317 368 3397 433 Θ.
3420 405 3491 419 ..-
3524 373 3599 428 13

508 446 643 520 346,
673 454 745 518 47
780 465 910 523 sqq.
942 465 1058 505 om.
1090 446 1264 504 etiam
1291 445 1363 506 Θ.
1385 451 1467 505 Μ.

507 536 581 594 35
596 554 646 602 1,
673 555 711 610 9
731 531 975 593 δάπεδον.
1004 532 1138 601 τινὲς
1157 530 1213 593 δὲ
1232 533 1655 612 ἀναγινώσκουσι
1673 534 1961 613 πάνθηρον,

422 623 781 683 παντοδαπῶν
809 621 1001 705 ὀρνέων
1037 622 1274 683 δεκτικόν
1308 627 1378 681 R.
1407 629 1473 682 V.
1515 623 1588 684 Θ.
1617 627 1767 682 Tum
1800 620 1965 680 addit

423 717 496 772 R.
529 709 728 785 λειμὼν
748 708 850 791 γὰρ
876 708 1154 770 ὑπόκειται
1181 708 1271 769 καὶ
1300 709 1431 781 ἄνθη
1454 708 1704 786 ἀνειμένα
1730 717 1841 774 τοῖς
1864 707 1964 785 μύ-

424 817 574 864 σταις
603 798 657 855 ἐν
679 799 758 877 τῷ
784 797 969 880 πεδίῳ.
994 798 1140 869 Quae
1162 816 1237 856 ex
1257 797 1478 856 scholio
1500 817 1554 856 v.
1577 798 1691 865 343
1723 807 1857 855 sunt
1878 815 1963 854 re-

423 885 625 963 petita.

508 974 645 1047 354,
673 973 743 1031 ι8
764 993 851 1051 sq.
877 971 966 1031 ἐπὶ
990 977 1174 1033 τοῦτον
1197 971 1287 1032 τὸν
1308 970 1499 1053 χρόνον
1523 970 1667 1048 λέγει
1690 970 1963 1055 Ἀρίσταρ-

421 1084 517 1142 χος
545 1084 675 1141 μεμ.
698 1063 830 1122 Ald.
858 1063 1023 1123 Conf.
1048 1064 1234 1123 schol.
1261 1083 1317 1120 v.
1348 1065 1484 1137 372,
1508 1071 1646 1132 440.
1669 1059 1758 1120 ἐπὶ
1777 1066 1960 1121 τοῦτον

422 1154 490 1208 V.
513 1190 573 1202 -
602 1171 673 1225 ¹9
709 1148 800 1209 τὸν
842 1149 999 1231 χορὸν
1039 1171 1159 1209 om.
1193 1155 1276 1208 M.
1307 1147 1528 1230 μετρικὰ
1570 1155 1635 1209 V.
1662 1147 1851 1231 μέτρια
1879 1155 1952 1208 G.

424 1271 490 1285 -
521 1255 597 1293 ao
624 1234 785 1318 χορόν
821 1243 892 1298 V.
930 1236 1118 1319 χρόνον
1156 1238 1353 1298 ceteri.
1379 1236 1429 1297 εί
1450 1260 1504 1296 τι
1528 1236 1631 1319 ἄρα
1656 1242 1737 1297 M.
1767 1240 1958 1296 Locus

420 1341 541 1381 non
563 1323 791 1401 integer
813 1344 938 1384 esse
967 1325 1212 1384 videtur.
1241 1325 1471 1385 συνεῖδεν
1490 1327 1565 1388 Θ.
1595 1331 1678 1386 Μ.
1707 1324 1957 1385 συνειδεῖν

420 1414 490 1469 V.
524 1411 750 1470 συνιδεῖν
774 1418 845 1471 G.
868 1410 1101 1472 σύνοιδεν
1128 1412 1401 1471 Ald.—21
1431 1411 1522 1471 καὶ
1554 1433 1668 1472 om.
1695 1417 1778 1471 M.
1801 1411 1959 1470 Idem

424 1496 661 1578 σύζυγον.
704 1498 759 1559 ἒν
798 1498 1020 1579 σύζυγον
1057 1500 1258 1560 scribit
1295 1501 1645 1561 Fritzschius
1673 1505 1759 1560 De
1779 1520 1955 1560 carm.

422 1599 591 1664 myst.
624 1593 725 1649 Ar.
762 1608 823 1667 p.
854 1589 949 1647 50.
972 1632 1037 1642 -
1057 1610 1131 1647 aa
1173 1587 1410 1669 διχορίαν
1434 1590 1506 1651 Θ.
1547 1587 1812 1668 διχορείαν
1856 1607 1958 1646 ce-

423 1676 548 1734 teri.
566 1716 631 1726 —
656 1679 728 1735 23
756 1679 827 1743 ὣς
843 1675 905 1736 τὸ
926 1678 999 1745 εἰς
1015 1680 1083 1736 V.
1095 1675 1187 1737 καὶ
1204 1678 1278 1745 εἰς
1296 1677 1499 1737 δώδεκα
1527 1677 1603 1737 Θ.
1630 1716 1695 1727 -
1724 1677 1954 1747 24-34

421 1782 537 1821 om.
569 1763 741 1823 etiam
770 1765 841 1826 Θ.
870 1769 955 1823 Μ.

504 1853 642 1928 357,
670 1855 744 1914 36
789 1855 934 1935 Πρὸς
974 1855 1200 1915 addidit
1229 1854 1530 1915 Dobraeus.
1575 1854 1736 1913 Idem
1789 1856 1960 1914 aliter

421 1946 711 2022 expressit
738 1945 940 2007 Suidas
968 1966 1013 2004 s.
1037 1945 1387 2027 Ταυροφάγον
1405 1987 1421 2013 ,
1449 1944 1649 2005 addito
1674 1945 1802 2027 φασὶ
1826 1943 1958 2028 ψεύ-

422 2030 600 2090 δεσθαι
628 2044 762 2110 post
788 2030 1035 2094 ἔπαθλον.
1068 2032 1408 2114 Ἀρίσταρχον
1438 2033 1659 2092 διιίἀειε.
1689 2034 1956 2111 Legeba-

421 2134 519 2180 tur
547 2119 918 2203 Ἇριστόξενον.
943 2165 1007 2176 -
1028 2125 1100 2195 37
1125 2120 1391 2201 οἰομένους
1418 2127 1492 2181 R.
1528 2135 1586 2181 et
1608 2122 1828 2182 Suidas.
1850 2122 1959 2182 οἰό-

422 2231 577 2287 μενος
601 2212 794 2269 ceteri.
814 2215 1005 2293 ταῦρος
1031 2214 1237 2273 ναυτῶν
1265 2210 1328 2270 τὸ
1353 2217 1420 2269 V.
1451 2211 1538 2270 Ib.
1560 2209 1957 2293 εἴρηται-(44)

423 2295 660 2378 δράμασι
685 2298 835 2357 infra
866 2310 1000 2375 post
1026 2301 1134 2357 τῶν
1173 2298 1403 2357 θυόντων
1431 2299 1468 2356 l.
1499 2300 1572 2367 48
1612 2311 1836 2377 ponunt
1875 2304 1951 2357 V.

422 2386 493 2446 Θ.
520 2397 581 2443 et
600 2385 721 2463 (qui
751 2385 872 2445 haec
905 2397 1126 2444 tantum
1167 2385 1351 2444 verba
1375 2388 1421 2443 οῖ
1458 2383 1515 2444 δὲ
1537 2383 1781 2445 ἔτι-τῶν
1818 2390 1957 2465 βακ-

421 2474 534 2551 χῶν
561 2471 760 2549 habet)
790 2476 870 2530 M.
894 2508 957 2522 -
987 2476 1061 2533 38
1090 2470 1237 2553 παρὰ
1255 2470 1324 2533 τὰ
1346 2472 1473 2532 Ald.
1502 2471 1649 2555 παρὰ
1675 2477 1754 2552 τῷ
1783 2476 1959 2556 Σοφο-

422 2560 538 2618 κλεῖ
560 2564 635 2617 G.
661 2596 726 2609 ·-
754 2561 828 2636 39
851 2560 943 2620 καὶ
965 2558 1047 2619 ὅτι
1075 2566 1148 2621 R.
1180 2574 1240 2620 et
1263 2561 1492 2621 Suidas.
1514 2600 1579 2613 —
1600 2569 1674 2630 40
1698 2562 1957 2622 ἐπιτιθέα-

422 2670 506 2706 σιν
531 2646 660 2706 Ald.
689 2646 1022 2729 ταυροφάγον
1046 2643 1101 2707 δὲ
1123 2646 1251 2715 ἴσως
1271 2647 1428 2708 αὗτὸν
1458 2646 1547 2707 τὸν
1573 2650 1833 2729 Κρατῖνον
1860 2646 1957 2708 λέ·-

420 2758 524 2813 γει,
541 2733 577 2806 ἢ
598 2738 667 2803 ὣς
686 2734 984 2815 λαίμαργον
995 2737 1292 2818 κωμῳδῶν,
1303 2736 1339 2809 ἢ
1352 2734 1434 2796 ὅτι
1450 2736 1675 2796 ἔπαθλον
1688 2735 1958 2814 ἰλάμὸανε

421 2828 612 2903 ταῦρον
634 2829 779 2903 Reg.
823 2824 911 2885 Ib.
945 2827 995 2883 ot
1030 2824 1086 2885 δὲ
1128 2822 1208 2885 ὅτι
1232 2830 1298 2887 V.
1335 2826 1407 2887 Θ.
1446 2838 1505 2885 et
1544 2825 1736 2885 Suidae
1773 2824 1956 2885 codex

424 2915 602 2973 PariS.
625 2919 690 2971 A.
711 2951 775 2963 —
797 2922 867 2982 4ι
897 2911 1018 2972 ὅλον
1044 2934 1159 2973 om.
1191 2914 1417 2976 Suidas.
1456 2915 1618 2974 Idem
1645 2913 1959 2973 ἀποδιδόασι

424 2998 631 3080 μητέρα
653 2999 919 3083 Κρατίνου
945 3000 1064 3073 ἥτις
1087 3004 1272 3081 βακχ.,
1297 3002 1548 3061 lectione
1577 3001 1828 3061 absurde
1855 3004 1954 3062 in-

424 3090 728 3167 terpolata,
758 3101 821 3148 ut
855 3101 1009 3148 recte
1032 3088 1295 3166 judicare
1325 3091 1559 3150 videtur
1595 3090 1950 3149 Dindorfius.

422 3176 840 3256 Improbabilia
880 3178 1208 3255 suspicatur
1249 3179 1599 3239 Fritzschius
1656 3184 1743 3238 De
1778 3199 1953 3238 carm.

424 3279 597 3343 myst.
635 3284 696 3341 p.
743 3265 919 3323 55.—
945 3274 1020 3334 42
1061 3263 1095 3323 ἅ
1129 3266 1266 3338 εἰσι,
1307 3267 1383 3337 43
1429 3264 1693 3345 τολμηρόν
1731 3266 1954 3326 suidas.

424 3352 669 3434 τολμηρά
693 3357 759 3412 V.
785 3355 858 3415 Θ.
885 3357 962 3412 Μ.
988 3355 1038 3412 οῖ
1062 3349 1117 3411 δὲ
1135 3351 1348 3430 λέγουσι
1367 3353 1613 3433 τολμηρά
1639 3354 1711 3414 R.
1740 3358 1955 3434 βακχῶν

423 3446 505 3499 Μ.
529 3455 587 3499 et
607 3441 836 3500 Suidaa.
863 3439 1079 3518 βάκχων
1105 3440 1235 3499 Ald.
1259 3442 1572 3518 Sequentia
1593 3460 1705 3498 om.
1729 3442 1955 3502 Suidas.

422 3528 703 3608 τολμηρῶς
730 3531 823 3596 R„
846 3527 949 3603 qui
972 3535 1045 3596 44
1074 3526 1404 3606 βωμολόχοις
1427 3525 1481 3584 Si
1510 3546 1627 3587 om.
1648 3566 1710 3579 —
1733 3531 1806 3596 45
1827 3530 1957 3609 πρὸς

422 3611 703 3675 κολακείαν
729 3613 865 3672 Ald.
884 3649 947 3661 —
982 3620 1054 3684 47
1088 3612 1462 3689 μετενήνεκται
1491 3617 1558 3673 V.
1608 3613 1957 3694 μετήνεγκται

425 3710 497 3766 R.
522 3703 653 3762 Ald.
684 3699 1004 3779 μετήνεκται
1027 3701 1234 3760 Suidas
1275 3722 1321 3763 S.
1348 3701 1684 3782 Βωμολόχος.
1726 3704 1814 3763 ἐπὶ
1849 3707 1955 3765 τῶν

421 3793 594 3851 idem.
617 3788 948 3867 Legebatur
967 3786 1069 3845 ὑπὸ
1092 3791 1217 3849 τῶν.
1243 3787 1334 3848 τὸν
1363 3789 1541 3870 βωμὸν
1564 3796 1636 3852 V.
1660 3830 1724 3844 —
1744 3792 1821 3851 48
1843 3793 1958 3852 ἐλι-

422 3878 626 3960 πάρουν
648 3878 871 3936 Suidas.
893 3898 948 3934 τι
975 3874 1159 3935 λαὸεῖν
1176 3882 1248 3936 V.
1287 3878 1359 3938 Θ.
1400 3877 1522 3959 περὶ
1549 3882 1656 3938 τῶν
1693 3884 1765 3939 R.
1790 3916 1855 3931 --
1880 3883 1956 3939 50

425 3966 729 4044 legebatur
753 3963 816 4024 τὸ
850 3962 987 4042 μηδὲ
1018 3966 1121 4045 Κρ.
1143 4001 1196 4013 -
1227 3984 1260 4021 a
1280 3984 1366 4043 sq.
1390 3973 1506 4033 ταῖς
1525 3966 1751 4047 βάκχαις
1771 3974 1840 4028 G.
1863 3966 1957 4036 τὰς

461 4053 528 4114 άκ
574 4075 632 4119 ας
650 4057 722 4111 V.

424 4057 458 4132 β
507 4076 642 4200 3χ62.
666 4145 905 4198 Lemma
924 4159 1047 4197 esse
1068 4138 1320 4198 debebat
1334 4139 1640 4224 τάπόρρητ’.
1663 4180 1724 4193 -
1751 4164 1819 4202 ιο
1836 4143 1958 4212 τοὺς

424 4226 765 4299 ποιήσαντας.
791 4225 963 4299 Quod
994 4226 1204 4304 plurali
1228 4247 1471 4288 numero
1496 4250 1632 4289 usus
1656 4244 1764 4303 est,
1792 4232 1951 4291 iudi-

423 4317 516 4374 cio
548 4334 673 4373 esse
707 4314 935 4373 videtur
967 4314 1113 4371 alios
1138 4315 1315 4374 alium
1353 4315 1475 4393 ejus
1506 4317 1713 4378 fabulae
1746 4334 1954 4379 aucto-

425 4424 547 4464 rem
571 4402 954 4482 perhibuisse.
983 4405 1248 4464 Μειαιιι.
1271 4405 1417 4465 nist.
1443 4409 1604 4465 Com.
1626 4427 1683 4486 p.
1707 4429 1802 4481 70.
1829 4414 1955 4470 No-

429 4505 510 4552 tat
535 4491 943 4569 grammaticus
968 4486 1243 4569 ἀπόρρητα
1260 4536 1277 4565 ,
1306 4493 1464 4570 quod
1486 4501 1771 4555 interdicta
1801 4500 1952 4576 apud

423 4580 876 4657 Aristophanem
914 4577 1188 4655 significat
1210 4623 1227 4651 ,
1262 4580 1335 4639 de
1380 4590 1596 4641 sect-em·
1639 4584 1857 4643 dictum
1890 4585 1953 4643 in

425 4670 620 4728 fabula
648 4668 1045 4725 Pherecratea.
1077 4670 1343 4729 Ceterum
1375 4684 1747 4749 comparetur
1771 4674 1949 4732 schol.

423 4756 498 4815 ad
545 4755 779 4814 Thesm.
837 4754 968 4826 370.
1023 4757 1210 4814 Dum.
1254 4762 1449 4817 Recte.
1504 4761 1821 4821 Fritzschio
1864 4767 1951 4820 De

421 4865 599 4905 carm.
625 4854 788 4919 myst.
832 4861 891 4918 p.
923 4841 995 4915 57
1024 4862 1197 4904 nemo
1233 4847 1398 4907 facile
1424 4851 1768 4909 assentietur
1787 4894 1804 4922 ,
1833 4850 1951 4917 τοὺς

420 4928 856 4996 ὑποπτεύσαντας
890 4931 1219 5010 corrigenti.
1240 4975 1304 4988 —
1334 4958 1395 4996 11
1424 4937 1655 5010 ἤκουσαν
1689 4938 1949 4999 Dindor-

2050 444 2139 503 καὶ
2162 479 2235 491 -
2263 436 2400 533 οἶδεν
2446 468 2563 506 non
2601 449 2741 508 satis
2780 450 3058 529 intelligo.
3090 452 3377 511 Videntur
3430 474 3599 513 non-

2050 535 2206 593 nulla
2231 534 2534 595 excidisse.
2574 543 2757 596 Dian.
2803 539 3150 598 Fritzschius
3184 553 3369 599 tentat
3400 539 3459 599 ὃν
3498 542 3596 601 καὶ

2050 620 2204 688 αὐτὸς
2225 624 2279 681 ἐν
2312 622 2509 695 Νήσοις
2536 626 2626 684 vel
2665 623 2957 705 ἔμπροσθεν
2988 628 3082 685 vel
3120 625 3371 710 ἐνδοτέρω
3399 630 3595 706 (infra

2054 712 2190 787 381)
2223 700 2379 772 οἶδεν.
2410 712 2499 771 καὶ
2529 712 3036 792 αὐτὸς-ἐξάγεσθαι
3061 735 3177 773 om.
3211 721 3294 774 M.
3329 706 3467 775 εἶδεν
3492 719 3594 791 O„

2049 798 2149 875 qui
2186 795 2378 879 ἀπόρρ.
2419 790 2487 872 ἦν
2531 798 2600 858 τὰ
2644 802 2841 860 ἀπ.-
2874 811 2941 871 14
2983 793 3075 860 οὗν
3119 807 3202 861 Μ.
3225 801 3478 884 ἀποφέρει
3516 806 3593 865 Θ.

2051 885 2180 944 Ald.
2205 918 2285 931 —·—
2316 890 2385 946 16
2416 893 2601 946 τοῦτον
2626 887 2963 967 ἀποπέμπειν
2990 895 3084 963 V.,
3105 891 3208 968 qui
3242 911 3307 963 ¹7
3336 889 3407 949 τὰ
3427 889 3594 972 ἀπόρ-

2049 995 2183 1053 ρητα
2208 986 2339 1050 post
2369 972 2645 1047 Ἀθήνηθεν
2675 977 2859 1055 ponit.
2884 976 3209 1035 Delendum
3249 997 3376 1035 esse
3410 978 3589 1036 vide-

2053 1071 2149 1118 tur
2166 1061 2487 1120 Dindorfi0.
2509 1094 2586 1109 --
2614 1066 2683 1122 18
2711 1060 2986 1145 ἀπόρρητα
3020 1054 3087 1135 ἦν
3110 1061 3177 1123 τὰ
3204 1067 3270 1122 V.
3307 1062 3593 1145 ἀπόρρητα

2046 1146 2114 1205 τὰ
2133 1149 2202 1210 Θ.
2227 1148 2358 1208 Ald.
2373 1148 2435 1208 τὸ
2452 1149 2582 1229 πρὸς
2601 1155 2826 1210 M.·-2o
2843 1149 2880 1223 ἢ
2906 1150 2960 1220 ἕξ
2980 1150 3196 1230 Αἰγίνης
3217 1152 3590 1211 Fritzschius.

2046 1237 2325 1318 ἕμπορεῖον
2349 1245 2422 1298 V.
2445 1276 2509 1291 -
2538 1259 2608 1298 αι
2653 1243 2682 1298 ὁ
2706 1239 3002 1322 Θωρυκίων
3042 1239 3159 1309 ταξ.
3194 1245 3265 1300 R.
3300 1239 3595 1321 ταξιάρχης

2045 1330 2122 1385 Μ.
2151 1337 2209 1384 et
2242 1326 2447 1387 Suidas
2480 1347 2525 1386 ε.
2549 1327 2865 1409 Θωρυκίων.
2885 1365 2948 1379 -
2981 1348 3057 1387 αα
3088 1330 3196 1387 τῶν
3222 1348 3337 1387 om.
3366 1334 3439 1388 R.
3464 1367 3533 1378 —
3555 1331 3591 1387 3

2045 1414 2233 1472 ἑαυτοῦ
2260 1415 2438 1474 etiam
2461 1415 2687 1477 SuidaS.
2713 1416 2874 1476 αὐτοῦ
2898 1415 3028 1475 Ald.
3053 1417 3254 1474 ἑαυτῶν
3277 1414 3396 1473 duo
3420 1416 3596 1474 codi-

2046 1521 2141 1561 ces
2155 1502 2370 1563 Suidae.
2392 1503 2838 1575 Πελοποννησίοις
2859 1508 2986 1571 ναῦς
3012 1501 3290 1586 προδιδοὺς
3309 1504 3402 1563 καὶ
3425 1504 3593 1581 Αἴγι-

2045 1611 2139 1647 ναν
2167 1587 2262 1662 τὴν
2295 1593 2481 1650 ἑαυτοῦ
2525 1590 2756 1671 πατρίδα
2799 1596 2942 1669 Reg.
2965 1626 3026 1642 -
3048 1600 3121 1659 24
3162 1609 3248 1667 sq.
3276 1585 3334 1647 δὲ
3357 1606 3475 1645 om.
3506 1591 3573 1644 M

2044 1678 2337 1758 Θωρυκίων
2356 1701 2441 1760 γρ.
2467 1685 2540 1739 V.
2570 1679 2902 1761 Θωρυκίωνα
2928 1701 3012 1761 γρ.
3041 1680 3112 1740 Θ.
3139 1678 3303 1737 Idem
3328 1673 3597 1754 μιμύμε-

2043 1788 2143 1827 νοι.
2189 1767 2365 1846 Apud
2390 1768 2659 1842 Suidam,
2689 1770 2740 1827 οἱ
2776 1765 2832 1826 δὲ
2863 1764 2945 1826 ὅτι
2981 1765 3071 1826 τὸν
3111 1762 3446 1847 Θωρακίωνα
3490 1786 3593 1842 μι-

2046 1850 2305 1932 μούμενος
2321 1852 2377 1921 ὃς
2398 1844 2463 1927 ἦν
2490 1853 2778 1934 Αἰγινήτης
2795 1852 3076 1936 ταξίαρχος
3126 1866 3237 1913 etc.
3272 1879 3297 1904 ι
3327 1853 3426 1912 Bis
3444 1871 3591 1910 cor-

2044 1941 2233 2017 rigere
2273 1942 2406 2001 licet
2438 1943 2727 2026 Θορικίων.
2773 1943 2910 2003 Fuit
2941 1944 3096 2001 enim
3131 1938 3359 2022 Θόρικος
3404 1957 3595 2018 pagus

2046 2027 2231 2087 tribus
2274 2031 2694 2104 Acamantidis,
2739 2029 2906 2108 cujus
2951 2030 3087 2109 pagi
3121 2028 3223 2105 qui
3264 2040 3438 2100 esset,
3469 2039 3591 2084 tam

2043 2114 2293 2198 Θορίκιος
2323 2138 2495 2196 quam
2528 2117 2786 2200 Θορικεὺς
2828 2117 3247 2196 appellabatur.
3294 2119 3373 2173 At
3412 2116 3591 2196 Θορι-

2043 2201 2171 2262 κίων
2202 2202 2278 2263 ὢν
2325 2225 2503 2284 quum
2542 2206 2795 2285 permire
2827 2206 3051 2264 dictum
3093 2215 3207 2272 est,
3244 2216 3366 2261 tum
3397 2216 3589 2261 metro

2045 2311 2282 2370 prorsus
2315 2306 2618 2372 repugnat.
2661 2300 2931 2354 Fortasse
2957 2313 3033 2353 ex
3068 2292 3249 2352 suida
3286 2310 3586 2370 reponen-

2043 2377 2183 2437 dum
2204 2379 2500 2463 Θωρακίων
2528 2403 2613 2463 γρ.
2642 2381 2760 2439 ἀντὶ
2783 2385 2877 2441 τοῦ
2902 2379 2991 2440 τὸν
3024 2379 3364 2461 Θωρακίωνα
3409 2401 3535 2456 μιμ.
3560 2404 3586 2431 ⁸

2042 2470 2351 2527 Fax-rasos.
2378 2469 2416 2528 l.
2445 2488 2496 2527 ο.
2530 2490 2589 2548 p.
2619 2470 2714 2546 59.

2127 2556 2261 2628 363,
2289 2576 2359 2630 27
2390 2576 2504 2616 om.
2527 2561 2597 2617 R.
2627 2562 2702 2618 V.
2735 2562 2948 2635 Regius
2973 2576 2989 2618 z
3020 2552 3430 2633 Εἰκοστολόγος,
3457 2553 3587 2636 πρὶν

2042 2640 2133 2701 καὶ
2177 2642 2408 2716 τελώνης
2453 2641 2705 2725 ὕπάρχων
2744 2644 3126 2723 (Thorycion)
3172 2643 3263 2703 καὶ
3305 2647 3402 2713 τῆς
3436 2642 3589 2701 κάτω

2044 2729 2250 2812 μοίρας.
2275 2734 2324 2790 οῖ
2347 2733 2571 2791 τελῶναι
2595 2728 2652 2790 δὲ
2678 2729 2931 2813 πρότερον
2959 2728 3054 2808 μὶν
3073 2727 3435 2801 πεντηκοστὴν
3458 2738 3587 2807 μοῖ-

2046 2841 2142 2902 ραν
2169 2821 2274 2879 τῶν
2299 2818 2703 2899 ἀπαιτουμένων
2728 2818 3031 2899 ὶλάμὸανον
3048 2865 3067 2895 ,
3100 2819 3191 2879 καὶ
3220 2839 3587 2890 πεντηκοστο-

2042 2907 2192 2988 λόγοι
2230 2911 2513 2970 ἐκαλοῦντο
2532 2934 2546 2948 ·
2581 2900 2695 2970 εἶτα
2738 2909 3117 2990 εἷκοστολόγοι,
3158 2908 3251 2969 καὶ
3287 2909 3587 2968 τελευταῖον

2044 3003 2397 3082 δεκατολόγοι.

2127 3092 2264 3165 364,
2299 3092 2374 3149 32
2402 3091 2608 3175 γράψας
2632 3095 2663 3152 ὁ
2686 3089 2979 3175 Θωρυκίων
3000 3089 3273 3162 Suidass.
3304 3087 3585 3166 Ἆσκῶμα-

2042 3202 2129 3239 τα.
2156 3177 2362 3263 ἔπεμψε
2384 3185 2457 3241 Β..
2485 3219 2546 3230 -
2571 3183 2643 3240 33
2684 3179 2985 3257 ἀσκώματα
3024 3176 3096 3237 τὶ
3137 3178 3192 3235 ἐν
3231 3183 3348 3242 ταῖς
3379 3174 3584 3244 κώπαις

2044 3268 2409 3351 σκεπαστήρια
2437 3269 2497 3327 ix
2522 3267 2807 3349 δέρματος,
2856 3257 2930 3333 οἷς
2952 3270 3192 3348 χρῶνται
3220 3266 3276 3322 ἐν
3299 3272 3415 3330 ταῖς
3436 3264 3585 3344 τριή-

2045 3378 2158 3437 ρεσι
2193 3357 2416 3415 Suidas.
2460 3356 2490 3415 ὃ
2511 3358 2597 3428 ἕν,
2646 3358 2717 3425 34
2753 3352 2890 3415 καθὰ
2933 3359 2968 3425 ἡ
3020 3359 3083 3412 V.
3122 3351 3240 3411 καθ’
3270 3350 3301 3410 ὃ
3340 3355 3524 3433 τρῆμα
3547 3357 3582 3423 ἡ

2044 3444 2269 3504 Suidas.
2297 3481 2361 3494 —
2385 3444 2459 3503 35
2483 3441 2634 3510 πόλις
2678 3441 2964 3514 Λακωνική
3008 3446 3101 3514 V.,
3136 3460 3255 3499 om.
3304 3446 3375 3499 G.
3417 3465 3442 3492 ι
3478 3445 3584 3499 So-

2044 3532 2300 3592 mniabat
2321 3533 2393 3590 de
2416 3553 2483 3591 ea
2501 3532 2819 3611 Epidauro,
2836 3532 2931 3590 cui
2952 3547 3272 3607 cognomen
3291 3528 3402 3586 fuit
3417 3531 3450 3599 ἡ
3478 3531 3583 3587 Az-

2044 3623 2207 3769 Ξηρά.
2232 3624 2631 3769 »ἀΕῊησεῇἱω.
2660 3620 2959 3703 Δυρράχιον
2994 3632 3080 3678 est
3119 3620 3180 3676 in
3220 3618 3313 3689 Θ.,
3341 3617 3580 3676 librario

2085 3733 2118 3770 e
2147 3717 2192 3769 E
2241 3712 2255 3769 i
2299 3730 2472 3769 amno
2497 3730 2569 3768 co
2612 3711 2806 3768 'tante.

2125 3731 2239 3855 365
2262 3805 2477 3879 προεῖτο
2505 3729 2884 3878 γὰξιχρήματα
2908 3790 3083 3853 πολλὰ
3109 3787 3305 3869 (πολλὰ
3323 3789 3578 3871 χρήματα

2043 3886 2113 3946 Θ.
2128 3883 2332 3951 πόλεως
2349 3882 2604 3967 χρήματα
2629 3884 2731 3962 Μ.)
2753 3886 2923 3965 Κῦρος
2949 3880 3242 3961 Λυσάνδρῳ
3255 3877 3373 3938 τότε
3391 3880 3463 3947 εἰς
3476 3878 3579 3939 πό-

2042 3975 2101 4032 λι
2145 3996 2202 4033 ον
2229 3979 2305 4035 V.
2332 3975 2402 4036 Θ.
2434 3979 2509 4032 Μ.

2104 3996 2258 4134 ε1366,
2286 4070 2316 4130 4
2332 4084 2351 4119 ι
2382 4060 2650 4139 εἰσήνεγκε
2668 4060 2846 4142 δρᾶμα
2868 4058 2959 4117 καὶ
2982 4056 3190 4116 suidas
3209 4075 3255 4114 S.
3281 4056 3579 4138 Κατατιλᾷ.

2042 4158 2154 4217 -42
2200 4148 2538 4220 κατετίλησεν
2588 4148 2749 4219 αὐτῆς
2790 4146 3014 4206 Suidas,
3065 4144 3375 4215 κατείλησει
3417 4144 3579 4214 αὑτὴν

2042 4238 2109 4292 V.
2145 4234 2482 4306 κατετίλησεν
2511 4232 2675 4306 αὐτὴν
2705 4240 2787 4294 Μ.
2811 4231 3182 4311 καθωμίλησεν
3215 4229 3378 4303 αὐτὴν
3415 4232 3488 4292 Θ.
3516 4273 3580 4284 -

2043 4331 2077 4391 4
2107 4322 2363 4403 ἠρυφίασε
2391 4323 2614 4382 Suidas.
2641 4321 2975 4405 ἑγεφυρίαζι,
3012 4320 3415 4390 cavillabatur,
3448 4324 3577 4377 illeo-

2040 4410 2243 4480 debat,
2285 4415 2646 4470 Hermannus
2672 4430 2766 4489 ap.
2797 4409 3212 4482 Fritzschium‚
3239 4408 3339 4485 qui
3379 4426 3452 4466 ex
3487 4407 3578 4464 Al-

2040 4496 2178 4556 dino
2199 4498 2417 4557 scholio
2443 4499 2613 4576 ponit
2630 4497 3026 4578 ἐπανηγυρίαζε.
3053 4536 3111 4547 -
3130 4498 3201 4565 43
3224 4498 3299 4561 εἰς
3322 4493 3485 4566 αὐτήν
3503 4496 3573 4556 Θ.

2042 4590 2117 4644 Μ.
2146 4585 2459 4662 Sequentia
2478 4605 2596 4647 om.
2622 4586 2794 4645 etiam
2819 4587 2890 4645 Θ.
2917 4591 2998 4644 M.

2124 4675 2259 4747 367,
2294 4674 2368 4732 50
2397 4676 2468 4739 εἷς
2504 4671 2750 4755 ἀργύριον
2781 4673 3028 4731 codices.
3048 4671 3215 4730 conf.
3243 4670 3426 4729 schol.
3452 4673 3568 4728 Ee-

2040 4762 2174 4822 eles.
2204 4781 2330 4820 102.
2352 4798 2415 4811 --
2441 4763 2514 4819 52
2542 4760 2815 4836 ἱστάμενοι
2842 4760 3133 4818 iidem—1
3161 4755 3247 4817 διὰ
3270 4756 3361 4817 τὸν
3390 4754 3575 4837 Ἇγύρ·

2040 4871 2148 4932 ριον
2177 4849 2517 4912 Brunckius.

2122 4938 2254 4997 368.
2295 4942 2441 4997 Cum
2483 4937 2597 4995 hoc
2643 4936 2864 4995 scholio
2911 4953 3179 5013 compara
3229 4932 3573 4992 Philemonis

422 5013 544 5080 lius}
573 5016 899 5097 Legebamr
925 5018 1158 5092 ἥκουσιν.
1208 5023 1427 5097 ἤκουσεν
1450 5027 1752 5091 Dobraeus.
1767 5070 1849 5081 ...-
1881 5048 1947 5085 12
2043 5027 2291 5085 Lexi‹·.on
2316 5046 2368 5084 v.
2388 5023 2554 5091 Τέλος
2572 5038 2630 5083 et
2651 5025 3016 5085 Favorinum.
3040 5059 3101 5074 -
3120 5022 3155 5079 8
3179 5020 3475 5098 Euripidis
3499 5040 3572 5078 ex
