3859 5725
355 248 460 300 512

1477 224 1928 288 ADNOTATIO
1969 224 2050 286 IN
2092 223 2358 288 Senot..

428 387 566 445 917,
591 374 662 439 47
690 363 944 424 indicavi
979 362 1262 422 lacunam.
1297 358 1526 419 Excidit
1560 362 1711 419 enim
1741 362 1870 418 Ari-
1967 366 2094 420 Put.
2145 362 2258 437 Qui
2298 360 2662 439 sequentium
2695 380 2930 439 quoque
2975 364 3285 438 glossarum
3316 378 3515 438 prope

350 459 650 538 stephanis
690 454 1049 534 grammatici
1086 454 1158 512 de
1202 450 1625 512 vocabulorum
1662 451 1879 529 λαμπάς
1967 449 2265 508 dimidiam
2298 463 2518 529 partem
2548 448 2745 508 habet.

350 560 409 605 et
450 545 540 612 δάς
581 545 911 604 discrimine
950 540 1314 611 observatio,
1367 539 1531 617 cujus
1631 552 1881 598 ostrema

352 606 573 693 tantum
602 632 781 691 verba
802 643 1113 709 supersunt
1137 629 1195 687 οὗ
1214 631 1281 708 τῇ
1296 626 1538 705 λαμπάδι
1559 560 1721 698 ἔειπεν,
1744 625 1881 685 ἀλλὰ

349 724 418 801 τῇ
445 721 561 780 δαδί
587 722 741 801 (nam
772 721 855 778 sic
883 719 1076 777 deleto
1107 714 1172 787 νὴ
1221 715 1644 792 scribendum),
1682 716 1750 779 ὥς
1780 715 1883 785 δ’ῆ-

349 811 442 870 λον
467 785 601 869 ε’ἶναι
646 807 727 868 ὅτι
757 805 1020 889 ἑκατέρως
1058 803 1266 882 ἔλεγον,
1302 804 1363 861 in
1402 802 1616 881 quibus
1662 803 1734 861 de
1768 803 1883 861 alio

351 899 602 978 quodam
633 897 764 955 loco
788 896 899 972 agi¹
917 894 1180 966 videtur,
1205 892 1366 949 velut
1392 896 1570 970 vesp.
1607 893 1756 968 1390
1775 936 1791 965 ,
1822 890 1882 949 in

352 1007 472 1069 quo
492 992 559 1067 τῇ
581 984 699 1067 δαδί
719 984 938 1043 dictum
962 982 1074 1040 fuit
1096 1000 1168 1039 eo
1189 999 1357 1038 sensu
1383 999 1500 1056 quo
1526 980 1621 1038 hic
1646 983 1713 1059 τῇ
1738 981 1885 1056 λαμ-

353 1075 502 1135 πάδι.
528 1074 822 1134 Excidisse
854 1084 1045 1130 autem
1088 1069 1367 1128 nonnulla
1404 1068 1768 1126 manifestum
1798 1084 1886 1130 est

354 1184 426 1222 ex
452 1162 646 1221 verbis
680 1157 1052 1238 sequentibus
1093 1153 1560 1234 ἀνάξιος-λέγων,
1600 1177 1725 1234 quae
1769 1178 1885 1218 non

353 1252 573 1311 habent
594 1270 711 1328 quo
733 1249 1079 1307 referantur.
1103 1249 1288 1305 Dum.
1313 1250 1514 1323 Neque
1537 1246 1886 1304 Fritzschius

355 1342 448 1400 his
476 1341 662 1397 lucem
690 1336 902 1396 attulit.

436 1448 542 1504 92¹
577 1426 764 1485 codex
787 1422 1111 1489 κενόὸουλος.
1136 1426 1529 1482 correxerunt
1551 1423 1889 1483 Dindorfius

357 1530 416 1577 et
439 1514 810 1576 Fritzschius.

437 1613 550 1683 924
580 1609 709 1663 Put.
733 1598 1136 1682 ὕποχωρητέον,
1162 1595 1391 1657 ἅπιτέον.

440 1694 555 1771 935
585 1698 715 1751 Put.
742 1689 918 1749 habet
946 1692 974 1749 ὁ
996 1694 1288 1769 πανοῦργος
1310 1687 1630 1770 Εὐριπίδης,
1659 1687 1765 1748 ἀπὸ
1792 1710 1890 1766 με-

357 1790 586 1865 ταφορᾶς
608 1782 712 1838 τῶν
736 1777 804 1837 τὰ
833 1776 977 1837 ἱστία
1003 1775 1332 1859 ῥαπτόντων.

439 1878 577 1947 940,
602 1871 638 1927 8
659 1864 854 1946 γυμνόν
883 1888 951 1943 με
975 1865 1036 1922 in
1072 1864 1275 1923 codice
1309 1863 1523 1942 legitur
1546 1876 1680 1942 post
1709 1865 1886 1936 δῆσαι.

358 1957 612 2017 Mutavit
632 1955 970 2016 Dindorfius
984 1996 1001 2027 ‚
1024 1953 1144 2011 baec
1172 1953 1391 2011 Cratini
1421 1951 1601 2012 verba
1622 1973 1746 2012 esse
1768 1955 1890 2012 exi-

360 2047 618 2105 stimans.

442 2143 580 2211 941,
643 2154 667 2191 1
686 2154 731 2191 1.
781 2135 1188 2190 commentum
1235 2132 1499 2208 ineptum
1521 2172 1536 2201 ‚
1575 2129 1733 2207 quod
1777 2150 1894 2189 non

361 2234 606 2301 apparet
632 2220 929 2299 quomodo
944 2218 1251 2297 Eupolidis
1268 2220 1395 2276 loco
1416 2218 1746 2277 confirmari
1769 2239 1896 2295 pos·

361 2312 454 2370 sit.
483 2309 818 2368 Sclioliastae
841 2327 1096 2366 errorem
1115 2309 1331 2384 repetit
1356 2307 1560 2365 Suidas
1587 2326 1633 2364 s,
1656 2304 1895 2379 Ἐστιᾶν,

362 2399 578 2458 omisso
604 2409 793 2454 tamen
821 2395 1144 2471 frag-mento
1172 2394 1494 2473 Eupolidis.
1533 2399 1665 2453 Non
1708 2394 1896 2453 minus

363 2487 709 2547 mirabiliter
736 2485 1097 2562 Phrynichus
1123 2484 1184 2542 in
1212 2485 1454 2543 Bekkeri
1473 2484 1688 2542 Anecd.
1716 2505 1774 2561 p.
1800 2485 1895 2558 37,

363 2586 463 2650 al„
493 2589 555 2634 ut
580 2577 753 2634 ἑστιᾶν
781 2572 915 2655 τῷδε
945 2573 1060 2632 dici
1099 2572 1397 2647 ostendat,
1423 2573 1664 2630 Homeri
1704 2573 1898 2632 verbis

367 2665 550 2723 utitur
577 2661 727 2721 δαίνυ
755 2661 911 2719 δαῖτα
939 2659 1202 2740 γέρουσιν.
1233 2666 1416 2720 Dum.
1445 2660 1776 2719 Defendere
1796 2659 1899 2718 ob·

364 2752 751 2812 servationem
781 2747 1287 2828 grammaticorum
1316 2760 1564 2807 conatur
1582 2748 1730 2807 Lud.
1755 2749 1900 2807 Diu-

364 2842 592 2901 dorfius
617 2840 689 2900 ad
719 2840 978 2919 Hsteph.
1015 2839 1191 2900 Thes.
1218 2859 1269 2897 v.
1313 2835 1551 2898 Ἑστιδίν.
1573 2876 1638 2888 -
1666 2860 1686 2897 1
1705 2859 1729 2896 1
1772 2837 1898 2922 παρ’

364 2953 484 2991 11011
526 2944 613 2990 est
655 2932 715 2989 in
762 2930 978 2989 codice.
1005 2972 1067 2983 -
1102 2950 1170 2986 12
1210 2940 1342 3007 post
1375 2926 1579 3010 θατέρῳ
1632 2928 1901 2989 videntur

365 3021 644 3079 nonnulla
669 3020 970 3093 excidisse,
1004 3017 1223 3095 quibus
1251 3019 1359 3075 ista
1385 3016 1645 3076 doctrina
1670 3018 1743 3077 de
1759 3038 1899 3077 con-

367 3110 686 3168 structione
727 3107 894 3167 verbi
937 3107 1116 3165 ἑστιᾶν
1172 3106 1589 3165 confutaretur.
1633 3111 1895 3166 annx.

366 3201 527 3255 Com.
550 3202 596 3270 1,
624 3218 681 3276 p.
713 3195 846 3266 445.
874 3202 999 3254 lmo
1024 3198 1144 3274 ipsa
1174 3196 1369 3273 potius
1394 3194 1570 3254 verba
1600 3195 1901 3274 Eupolidis

368 3285 656 3344 excidisse
684 3284 971 3345 videntur.
999 3285 1198 3343 Tacite
1223 3282 1449 3364 δευτέρῳ
1486 3283 1712 3362 scripsit
1754 3284 1900 3344 Lud.

367 3373 730 3443 DindorfiuS,
760 3372 860 3450 qui
903 3370 1188 3441 ξενίζεσθαι
1218 3373 1636 3450 interpretatur
1667 3372 1901 3446 Mirari,

352 3472 434 3519 ‘ut
460 3461 864 3537 grammaticus
885 3459 1038 3517 dicat
1067 3481 1080 3516 ε
1111 3459 1361 3518 Proinde
1382 3477 1571 3536 neque
1591 3458 1748 3537 apud
1768 3460 1904 3520 Ari-

369 3548 712 3626 stophanem
750 3566 939 3626 neque
981 3548 1137 3625 apud
1180 3546 1527 3624 Eupolidem
1577 3548 1596 3624 (
1620 3547 1695 3605 ad
1737 3548 1902 3623 cujus

368 3648 884 3695 commentatorem
945 3637 1197 3714 aliquem
1250 3636 1495 3693 sortasse
1550 3635 1902 3715 respicitur)

369 3725 489 3783 haec
514 3726 867 3783 constructio
899 3726 1044 3784 mira
1073 3738 1132 3784 et
1172 3724 1437 3784 inaudita
1473 3723 1661 3783 videri
1701 3723 1897 3783 debet.

372 3814 574 3873 Codex
601 3810 741 3873 ὥστε
768 3812 886 3873 οὐδὲ
912 3816 1022 3873 ἐκεῖ
1050 3810 1167 3873 οὐδὲ
1195 3816 1298 3873 ἔνθ.

452 3911 589 3979 947,
628 3923 694 3975 17
720 3901 810 3961 καὶ
828 3900 891 3961 τὸ
923 3900 1103 3961 παίσω
1130 3903 1293 3963 πάλιν
1336 3898 1628 3980 παιξοῦμαι
1659 3902 1903 3963 Schnei-

369 3991 545 4051 derus
567 4012 623 4070 p.
650 3992 706 4064 6,
728 3989 886 4069 quod
904 4010 1103 4049 verum
1125 3990 1373 4051 videtur.
1399 3990 1571 4068 Apud
1588 3996 1904 4051 Homerum

371 4091 459 4139 est
485 4078 922 4162 φιλοπαίγμονος.

450 4170 567 4245 948
597 4172 726 4226 Put.
767 4166 887 4225 ἀντὶ
921 4168 1177 4245 ποιῶμεν.
1203 4204 1266 4218 -
1294 4186 1370 4225 aa
1423 4164 1683 4248 ἀνέχομεν
1721 4168 1907 4229 codex

370 4268 430 4315 et
458 4255 668 4314 Suidas
699 4274 746 4313 s.
779 4251 1084 4334 Ἀνέχομαι.

452 4342 570 4421 956
595 4349 727 4401 Put.
760 4342 864 4417 (ad
889 4341 1096 4421 ὕπαγε)
1119 4340 1336 4421 ἡσύχως
1362 4364 1492 4408 πως.
1540 4343 1629 4401 Ad
1660 4363 1717 4404 v,
1744 4344 1859 4421 964
1888 4387 1906 4419 ,

370 4428 489 4497 τοὺς
514 4429 706 4512 ἄνδρας
728 4419 788 4488 εὗ
805 4476 822 4505 ,
850 4433 1027 4497 κακῶς
1050 4430 1144 4499 τὰς
1171 4438 1444 4508 γυναῖκας.

451 4519 567 4596 973
608 4517 787 4577 habet
828 4519 1037 4578 Suidas
1085 4539 1128 4577 S.
1175 4512 1373 4578 Τὲλεία
1412 4531 1470 4576 et
1515 4522 1668 4592 Put.,
1704 4519 1804 4596 qui
1832 4520 1901 4577 31

374 4607 593 4666 omittit
620 4604 811 4687 γάμοις
835 4610 959 4666 sine
983 4608 1211 4667 lacuna.
1236 4643 1300 4655 -
1323 4608 1398 4665 32
1424 4603 1505 4664 διὸ
1528 4619 1586 4665 et
1610 4607 1848 4666 ἐκαλεῖτο
1871 4611 1906 4680 ἡ

370 4715 486 4755 0111.
508 4695 682 4753 idem.
1422 4706 1427 4711 ·

452 4783 570 4860 986
615 4781 793 4840 habet
830 4783 963 4841 Put.
999 4786 1074 4841 Et
1114 4781 1186 4842 ad
1240 4801 1296 4839 v.
1331 4784 1477 4857 993,
1524 4779 1586 4840 τὸ
1631 4781 1687 4840 ἐν
1728 4780 1910 4860 ὕμνοις

372 4868 504 4951 πρὸς
527 4868 588 4928 τὸ
608 4872 844 4950 νυμφῶν.
876 4870 962 4929 Λᾶ
1008 4889 1061 4930 v,
1101 4869 1218 4947 995
1236 4913 1254 4945 ‚
1288 4869 1404 4928 ἀντὶ
1432 4873 1524 4929 τοῦ
1555 4870 1609 4929 ἐν
1634 4874 1712 4952 τῷ
1740 4874 1908 4952 βωμῷ

375 4959 429 5016 ἰν
460 4946 506 5041 ᾧ
531 4956 620 5017 τὸν
650 4952 751 5016 aba
776 4956 907 5036 (sic)
934 4954 1103 5018 ἔθυον.

464 5065 605 5105 1001
651 5044 766 5105 ἀντὶ
816 5043 946 5129 πρὸς
982 5045 1209 5128 αἰθρίαν.
1247 5044 1552 5130 βαρὸαρίζει
1584 5046 1687 5131 γὰρ
1730 5052 1760 5108 ὀ
1789 5047 1898 5120 τοξ.

2057 561 2223 615 1007,
2254 542 2330 617 39
2356 540 2517 619 ἤγουν
2545 543 2601 621 ψ.
2626 537 2713 599 ἵνα
2741 538 2947 620 πύταξῃ
2983 538 3114 618 (sic)
3134 562 3251 599 cot:
3274 537 3391 598 ἀντὶ
3411 542 3513 597 τοῦ

1966 626 2057 688 ἵνα
2080 627 2282 710 φυλάξῃ
2308 652 2392 688 σοι
2417 635 2544 689 Put.
2572 634 2716 688 Rav.
2745 649 2978 708 quoque
3010 628 3213 710 φυλάξη
3242 651 3344 687 σοι.

2058 736 2201 775 1011
2232 721 2261 776 ὁ
2288 715 2468 798 ὥσπερ
2496 721 2624 776 Put.
2655 718 2770 789 Qui
2796 717 2942 776 adv.
2981 726 3162 791 1014,
3192 718 3238 775 εἰ
3265 714 3341 794 μὴ
3376 712 3517 796 βού-

1969 805 2114 863 λοιτο
2141 802 2330 864 σώσειν
2359 802 2456 882 ἐμὲ
2484 802 2743 876 δηλονότι.

2059 895 2231 971 1015,
2261 895 2337 964 46
2361 893 2503 975 φίλοι
2531 915 2621 970 μοι
2650 894 2856 952 codex.

2059 983 2233 1059 1018,
2256 993 2332 1059 49
2360 980 2490 1063 πρὸς
2513 982 2704 1049 Αἰδοῦς
2730 981 2792 1041 σὲ
2809 980 2906 1042 τὰν
2932 984 2987 1040 ἐν
3015 982 3271 1041 restituit
3295 980 3519 1041 Seidle·

1974 1089 2091 1127 rus.
2116 1104 2197 1114 —
2220 1070 2294 1128 50
2328 1067 2636 1129 ἀπόπαυσον
2674 1071 2851 1129 idem.
2892 1070 3093 1130 Codex
3128 1066 3426 1127 ἀπόπασον.
3451 1105 3517 1117 -

1978 1156 2044 1214 51
2084 1159 2270 1216 codex
2307 1171 2375 1217 ut
2414 1159 2648 1217 videtur
2690 1156 2874 1218 πόθου.
2899 1196 2962 1208 -
3001 1160 3072 1216 52
3111 1155 3521 1234 ἀποσπάσματα

1976 1248 2284 1306 Bekkerus.
2311 1247 2512 1307 Codex
2540 1245 2891 1325 ἀσπάσματα.
2924 1253 3064 1308 Haec
3092 1247 3174 1305 sie
3199 1247 3256 1304 in
3286 1249 3414 1304 Put.
3440 1241 3517 1302 ad

1977 1354 2032 1392 ν.
2089 1336 2238 1394 1015
2279 1351 2294 1389 :
2328 1336 2415 1396 διὰ
2451 1336 2514 1396 τὸ
2561 1334 2855 1412 λαμὸάνειν
2912 1332 3305 1411 ἄσπάζασματα
3353 1332 3519 1410 (sic)

1977 1424 2160 1484 ἀσυνδ.
2205 1422 2268 1482 τὸ
2303 1421 2383 1483 ὅλ.
2434 1448 2485 1503 γ.
2527 1429 2671 1484 Cum
2707 1425 2796 1484 his
2839 1423 3141 1502 jungenda
3166 1442 3296 1480 esse
3320 1421 3358 1477 l.
3403 1419 3519 1492 54,

1976 1511 2213 1592 γίνεται,
2234 1516 2306 1579 ὡς
2326 1514 2380 1572 ἐν
2407 1514 2666 1598 κωμῳδία
2685 1561 2702 1590 ,
2733 1526 2888 1574 recte
2912 1513 3059 1571 dixit
3083 1510 3456 1571 Fritzschius.

2068 1619 2237 1675 1022,
2268 1621 2302 1659 α
2331 1602 2785 1674 πολυποινοτάτην
2817 1622 2911 1680 ap.
2938 1600 3280 1659 Bekkerum.

2065 1691 2236 1762 1031,
2271 1709 2310 1766 9
2336 1687 2433 1761 τὴν
2464 1688 2747 1773 ξιφοθήκην
2781 1691 2990 1750 codex.

2069 1778 2216 1835 1033
2253 1779 2338 1836 sic
2363 1783 2514 1854 Put.,
2552 1776 2859 1851 Γλαυκέτης
2893 1774 3190 1860 ὀψοφάγος,
3236 1773 3291 1841 ὃς
3316 1795 3521 1852 κωμῳ-

1983 1867 2164 1926 δεῖται.

2072 1963 2222 2023 1040
2245 1956 2547 2033 praemittit
2573 1961 2705 2018 Put.
2735 1954 2798 2015 τὸ
2820 1953 2960 2015 ἀλλά
2983 1952 3101 2013 ἀντὶ
3119 1956 3212 2012 τοῦ
3234 1949 3335 2031 γάρ
3348 1940 3521 2026 οἶμαι.

1983 2082 2043 2094 -
2078 2047 2147 2104 15
2173 2046 2327 2104 idem
2358 2044 2526 2127 Ἂνδρ.
2576 2044 2684 2106 ἀπὸ
2725 2052 2899 2105 κοινοῦ
2940 2042 3030 2104 καὶ
3067 2042 3130 2102 τὸ
3170 2044 3396 2120 γοᾶσθε,
3424 2034 3526 2114 ἐμὲ

1984 2135 2227 2208 δηλονότι
2254 2132 2351 2206 τὴν
2374 2132 2657 2214 λιτομένην
2689 2135 2781 2196 τὸν
2817 2138 2969 2217 φῶτα
2994 2133 3030 2205 ἢ
3062 2132 3155 2193 τὸν
3186 2128 3484 2212 Εὐριπίδην
3505 2172 3523 2201 ,

1985 2223 2255 2282 omittens
2288 2226 2496 2302 16-19.
2525 2225 2711 2284 Multa
2740 2226 2814 2283 de
2840 2223 3077 2283 scholiis
3102 2222 3177 2279 ad
3208 2221 3364 2279 hunc
3391 2234 3526 2275 ver-

1986 2331 2111 2370 sum
2139 2312 2513 2387 Fritzschiu5‚
2539 2333 2670 2391 quae
2696 2333 2752 2372 v.
2783 2332 2879 2392 ap.
2909 2313 3123 2389 ipsum.

2076 2398 2244 2470 1056,
2271 2401 2346 2459 28
2370 2397 2714 2482 Ἀνδρομέδης
2735 2406 2864 2460 Put.
2883 2398 3042 2459 Idem
3072 2400 3146 2458 35
3181 2417 3295 2456 om.
3321 2399 3377 2466 ἡ.

2075 2488 2220 2559 1067
2248 2492 2375 2548 Put.
2401 2486 2683 2571 διφρέουσα
2708 2488 2836 2569 (sic)
2852 2534 2868 2562 ‚
2889 2487 3051 2565 ἤγουν
3080 2480 3412 2565 ἐποχουμένη
3433 2485 3527 2539 τοῦ

1989 2574 2174 2656 δίφρου
2203 2577 2311 2634 τῶν
2358 2576 2593 2658 ἀστέρων
2636 2581 2728 2636 τοῦ
2764 2579 2907 2659 ἱεροῦ
2948 2573 3160 2658 αἰθέρος,
3193 2573 3261 2633 δι’
3315 2566 3528 2647 Ὀλύμ-

1986 2687 2109 2724 που.

2078 2773 2225 2825 1070
2252 2757 2379 2814 Put.
2407 2751 2570 2831 ἤγουν
2599 2753 2780 2835 κύκλῳ
2805 2756 2912 2813 τῶν
2940 2752 3115 2811 ἄλλων
3139 2752 3324 2809 παθῶν
3357 2746 3392 2805 ἃ
3420 2745 3528 2806 πέ-

1987 2845 2176 2903 πονθα.
2211 2843 2304 2901 Ad
2338 2863 2392 2901 v,
2432 2864 2576 2917 1071
2601 2887 2618 2917 ,
2654 2839 3068 2924 ἐκληρωσάμην.
3110 2839 3204 2899 Ad
3239 2859 3297 2898 v.
3337 2837 3481 2896 1081
3509 2881 3530 2911 ,

1990 2928 2247 2998 ὀτοτύζειν
2275 2928 2337 2989 τὸ
2365 2934 2592 3013 θρηνεῖν.

2078 3021 2226 3077 1086
2256 3019 2514 3098 θαυμάζει
2558 3017 2660 3101 γὰρ
2705 3017 2802 3091 τὴν
2831 3018 2952 3099 ἠχὼ
2994 3021 3023 3077 δ
3072 3014 3357 3098 βάρὸαρος.
3389 3018 3524 3073 Put.

1991 3107 2105 3175 Qui
2133 3107 2205 3165 ad
2228 3128 2281 3164 v.
2320 3109 2467 3180 1087
2497 3106 2613 3166 ἀντὶ
2636 3111 2729 3166 τοῦ
2757 3104 3013 3170 κλαύσαις
3039 3106 3124 3165 ἄν.

2081 3196 2229 3271 1096
2258 3200 2385 3261 Put.
2412 3194 2503 3255 καὶ
2532 3198 2758 3255 ἐνταῦθα
2786 3195 2876 3274 (ut
2907 3215 3086 3252 versu
3124 3190 3296 3268 1007)
3335 3186 3533 3271 βαρὸα-

1994 3283 2146 3364 ρίζων
2174 3286 2241 3363 τῇ
2268 3283 2450 3361 δοτικῇ
2478 3291 2675 3364 χρᾶται
2706 3280 2822 3342 ἀντὶ
2857 3284 3174 3352 αἰτιατικῆς.

2080 3391 2226 3447 1097
2257 3368 2375 3429 ἀντὶ
2403 3377 2496 3431 τοῦ
2523 3374 2689 3430 εἰπεῖν
2718 3369 2931 3450 γύναιον
2959 3375 3087 3429 Put.

2079 3460 2248 3534 1098,
2276 3460 2308 3517 3
2341 3458 2452 3517 ἐστὶ
2486 3456 2734 3542 Περσέως
2762 3457 2814 3528 ἐξ
2847 3457 3208 3517 Fritzschius.

2082 3564 2230 3621 1099
2258 3550 2392 3605 Put.
2428 3544 2639 3627 Περσέα
2661 3543 2802 3625 ἔχειν
2833 3546 2905 3611 εἷς
2922 3543 3041 3610 τοὺς
3059 3542 3222 3609 πόδας
3247 3540 3316 3600 τὰ
3334 3538 3526 3621 πτερά.

2082 3635 2249 3704 1103,
2279 3652 2311 3705 7
2341 3632 2394 3690 τί
2420 3631 2588 3714 λέγεις
2614 3639 2743 3692 Put.
2773 3646 2949 3693 recte.
2970 3632 3135 3692 Prius
3159 3636 3252 3689 τοῦ
3285 3629 3527 3688 omittit.

1993 3724 2194 3804 Γοργοῦ
2228 3733 2287 3778 et
2312 3740 2350 3797 9
2386 3720 2581 3803 Γοργὸς
2622 3721 2798 3781 idem.
2823 3758 2883 3773 -
2912 3724 2949 3781 8
2981 3720 3138 3780 idem
3174 3715 3533 3798 γραμματέως

1996 3824 2170 3872 recte.

2081 3922 2262 3980 1119,
2305 3922 2371 3974 17
2402 3897 2463 3960 τὸ
2504 3902 2705 3975 νῶτον,
2744 3901 2813 3959 18
2854 3895 3133 3979 ἀγαγόντι,
3184 3916 3254 3973 19
3285 3893 3532 3976 περάνειν

1994 3992 2124 4051 Put.

2083 4100 2102 4136 1
2122 4077 2254 4152 175,
2288 4081 2363 4137 3ο
2397 4076 2662 4160 βάρὸαρον
2690 4075 2782 4135 καὶ
2807 4072 3025 4156 φυσικὸν
3051 4065 3219 4158 ᾆσμα.
3254 4072 3345 4132 καὶ
3384 4074 3534 4152 Περ,

1996 4165 2142 4227 σικὸν
2170 4166 2290 4248 ὅρχ.
2319 4166 2530 4225 Suidas
2555 4186 2599 4225 s.
2617 4162 2894 4248 Τερηδών,
2916 4164 3140 4242 reliqua
3167 4160 3375 4221 scholii
3403 4180 3535 4238 par·

1999 4268 2054 4313 te
2085 4256 2317 4315 omissa.
2359 4254 2557 4312 Codex
2598 4258 2745 4314 Rav.
2783 4251 2873 4312 καὶ
2915 4250 3178 4331 Περσικὸν
3215 4247 3278 4307 τὸ
3320 4245 3536 4323 κλάσμα

1996 4343 2236 4402 καλεῖται
2267 4340 2356 4399 καὶ
2381 4340 2441 4401 τὸ
2469 4339 2727 4423 Περσικὸν
2753 4339 2987 4423 ὄρχημα.
3013 4343 3105 4397 De
3124 4358 3253 4396 voc.
3284 4333 3535 4412 ὅκλασμα

1997 4430 2148 4488 conf.
2175 4430 2400 4489 Polluc.
2434 4438 2500 4504 4,
2540 4449 2667 4502 100,
2702 4429 2774 4486 de
2808 4448 2925 4507 quo
2967 4428 3097 4486 loco
3133 4425 3254 4484 dixi
3296 4424 3367 4482 ad
3394 4423 3535 4482 Ari-

1997 4517 2188 4595 stoph.
2234 4518 2435 4596 fragm.
2482 4520 2620 4576 321.
2664 4522 2847 4576 Dum.
2889 4514 3244 4575 Fritzschius
3282 4509 3539 4570 malebat

1999 4604 2317 4686 βαρὸαρικὸν
2340 4606 2430 4664 καὶ
2455 4603 2720 4687 Περσικὸν
2744 4604 2805 4664 τὸ
2839 4602 3089 4681 ὄκλασμα
3126 4601 3400 4672 καλεῖται,
3442 4595 3536 4657 καὶ

1997 4694 2109 4755 ἔστι
2143 4694 2406 4776 Περσικὸν
2446 4693 2685 4776 ὅρχημα.
2708 4730 2771 4743 -
2796 4696 2870 4753 32
2911 4695 3008 4764 τῆς
3046 4691 3285 4772 ἰατρικῆς
3324 4686 3531 4749 codex.

1995 4784 2336 4844 Emendavit
2362 4785 2716 4844 Dindorfius.

2085 4896 2146 4953 ¹.¹
2160 4876 2235 4933 85
2263 4882 2391 4934 Put.
2432 4874 2548 4933 ἀντὶ
2578 4879 2673 4933 τοῦ
2707 4876 2872 4934 εἰπεῖν
2901 4871 3046 4950 οἴμοι
3079 4874 3156 4939 ὥς
3182 4871 3322 4951 pm&
3351 4867 3468 4948 (sic
3482 4866 3531 4946 ).

1995 4963 2057 5023 τὸ
2084 4963 2274 5024 τιτθίον
2310 4962 2365 5023 δὲ
2397 4962 2576 5045 ὥσπερ
2602 4961 2855 5043 γογγύλη.

2086 5073 2108 5110 1
2127 5073 2235 5131 190
2259 5057 2390 5115 Pnt.
2423 5064 2577 5112 recte
2606 5055 2666 5112 οὗ
2700 5050 2958 5133 φιλήσεις.
