3859 5725
354 225 465 277 130

349 349 442 404 τοῦ
472 342 780 420 Λικυμνίου.
817 338 1027 418 λέγεται
1068 338 1125 398 δὲ
1161 339 1248 398 ὑπ’
1286 337 1581 417 Ἀλκμήνης
1624 339 1911 418 Λικύμνιον

348 430 649 505 τεθνηκέναι
676 428 778 487 ὑπὸ
799 427 1169 506 Τληπολέμου.
1201 426 1281 487 διὸ
1308 427 1399 487 καὶ
1429 427 1663 509 ἐπιφέρει
1688 455 1712 482 κ
1740 427 1791 487 τί
1823 429 1912 486 δαί

353 549 375 572 «
410 542 470 579 σε
508 515 857 595 Τληπόλεμός
891 517 1009 575 ποτ’
1043 515 1316 598 εἴργασται
1351 514 1541 589 κακόν;
1570 541 1595 569 n
1626 518 1743 598 Εὗφ
1793 514 1911 584 ’νιος

351 608 498 689 παρὰ
524 607 776 667 Ξενοκλεῖ
800 627 959 686 φησιν
984 594 1117 663 εἶναι
1143 603 1205 663 τὸ
1229 603 1608 686 χρυσάντυγες,
1635 604 1690 673 ἐξ
1804 628 1907 663 πα-

300 722 326 759 ε
353 697 739 777 ραπεποιῆσθαι
777 691 840 751 τὸ
867 690 1264 773 θραυσάντυγες.
1303 697 1481 766 τοῦτο,
1512 692 1627 751 ἐπεὶ
1674 692 1910 770 ἐμνήσθη

351 786 510 843 αὐτοῦ
537 781 644 842 ἀπὸ
669 786 760 842 τοῦ
786 778 999 861 πατρός.
1082 778 1299 862 [Ἄλλοι
1331 781 1387 840 δὲ
1417 781 1666 862 τραγικὸν
1695 785 1914 862 ὑποκρι-

350 872 446 942 τὴν
461 863 596 931 εἶναι
615 868 705 930 τὸν
729 868 1103 946 Τληπόλεμον,
1127 872 1360 949 συνεχῶς
1380 869 1785 950 ὑποκρινόμενον
1808 872 1910 931 Σο·

352 961 550 1040 φοκλεῖ.
582 958 790 1025 εἰκότως
811 956 867 1017 δὲ
891 955 1088 1025 τούτοις
1109 961 1139 1017 6
1166 957 1438 1031 δανειστὴς
1458 962 1672 1041 χρῆται.
1699 958 1786 1018 διὰ
1808 958 1910 1042 γὰρ

350 1044 700 1127 ἱπποτροφίαν
743 1042 1095 1124 ἐπτώχευσεν.
1123 1080 1204 1091 -
1239 1045 1619 1127 θραυσάντυγες
1652 1065 1668 1108 :
1700 1042 1912 1123 Ἄντυξ,

276 1167 326 1206 10
353 1134 585 1215 ἅρματος
611 1130 931 1215 περιφέρεια.
970 1143 1095 1192 Vict.

436 1242 555 1282 1267.
597 1210 642 1279 ὦ
672 1221 786 1280 ’τὰν
818 1242 832 1282 :
858 1212 934 1282 Ὦ
962 1218 1054 1295 σὺ,
1087 1246 1133 1281 ω
1163 1222 1372 1303 ἑταῖρε,
1395 1212 1440 1282 ῶ
1468 1214 1641 1297 οὗτος,
1668 1213 1713 1284 ὦ
1737 1223 1913 1303 μακά-

354 1332 487 1390 ριος,
510 1307 798 1391 πρόσρημα
829 1312 1111 1387 τιμητικῆς
1145 1308 1355 1378 λέξεως·
1380 1309 1588 1388 λέγεται
1620 1309 1676 1371 δὲ
1704 1313 1796 1373 καὶ
1824 1314 1912 1374 ἐπὶ

352 1394 591 1476 εἰρωνεία
608 1393 880 1462 πολλάκις.
912 1406 1036 1454 Vict.

437 1503 553 1543 1209.
594 1481 763 1541 λείπει
784 1482 846 1541 τὸ
867 1481 1000 1560 ἐμοί.
1024 1486 1200 1551 κακῶς
1223 1503 1239 1544 :
1266 1486 1490 1564 ἀτυχῶς.
1514 1487 1572 1536 R·

280 1601 326 1640 15
439 1591 561 1632 1271.
602 1573 781 1638 κακῶς
801 1569 886 1653 ἄρ’
909 1562 1048 1650 εἶχες
1069 1592 1083 1632 :
1109 1569 1212 1632 Διὰ
1228 1571 1289 1631 τὸ
1309 1571 1419 1630 ἄνω
1439 1572 1720 1653 εἰρηκέναι,
1737 1573 1802 1634 ἰώ
1823 1574 1915 1654 μοί

355 1683 471 1738 μοι,
494 1659 617 1736 καὶ,
643 1657 774 1740 ἀνὴρ
794 1658 1152 1737 κακοδαίμων,
1170 1659 1405 1741 ἐπήγαγε
1424 1660 1485 1720 τὸ
1507 1661 1685 1730 ὅπως.

439 1768 556 1808 1279.
602 1746 846 1816 ἐξέπεσον
886 1768 901 1808 :
941 1750 1064 1808 Τῶν
1091 1749 1402 1828 χρημάτων.
1443 1741 1507 1822 ἦν
1548 1748 1602 1810 δὲ
1640 1751 1731 1811 καὶ
1769 1744 1914 1822 οὗτος

353 1835 473 1917 περὶ
509 1833 731 1907 ἱππικὴν
758 1834 917 1913 ἔχων.
946 1846 1006 1893 Β.
1030 1846 1093 1893 V.
1133 1832 1361 1915 [ἵππους
1395 1836 1445 1916 γ’
1482 1837 1711 1897 ἐλαύνων
1749 1862 1766 1901 :
1804 1840 1915 1901 Καὶ

352 1931 504 1985 τοῦτο
527 1927 587 1985 ἐκ
606 1922 895 2004 παρῳδίας.
916 1921 1031 2002 ἅμα
1051 1921 1106 1981 δὲ
1124 1922 1216 1982 καὶ
1235 1924 1390 1992 αὐτὸς
1406 1928 1743 2009 ἱπποτροφῶν
1764 1929 1915 1988 ἐδυσ-

273 2035 327 2075 90
352 2011 671 2094 πράγησεν]

316 2093 324 2104 “
438 2121 556 2162 1273.
599 2099 780 2182 ὥσπερ
803 2099 896 2159 ἀπ’
917 2100 1036 2159 ὄνου
1064 2119 1080 2160 :
1110 2099 1252 2180 Πρὸς
1272 2098 1335 2159 τὸ
1356 2099 1463 2160 ἀπὸ
1483 2099 1647 2160 ἵππου
1671 2101 1775 2162 ἀπὸ
1797 2102 1914 2163 ὄνου

355 2180 469 2248 εἷπε
486 2189 580 2247 καὶ
603 2187 718 2266 ἅμα
738 2186 867 2269 πρὸς
890 2187 954 2247 τὸ
975 2188 1168 2268 ληρεῖς.
1195 2187 1282 2246 ἐπὶ
1302 2187 1404 2272 γὰρ
1426 2192 1530 2248 τῶν
1553 2188 1691 2249 κατὰ
1715 2190 1915 2268 μηδένα

353 2276 506 2356 λόγον
529 2274 863 2358 πραττόντων
892 2274 1105 2335 εἰώθασι
1130 2274 1191 2334 τὸ
1218 2274 1326 2334 ἀπὸ
1351 2277 1469 2336 ὄνου
1490 2275 1660 2354 λέγειν
1687 2277 1783 2350 τὴν
1810 2301 1916 2337 πα-

356 2363 587 2445 ροιμίαν.
615 2360 748 2430 τινὲς
768 2362 824 2423 δὲ
854 2363 958 2423 ἀπὸ
980 2368 1066 2424 νοῦ
1089 2364 1341 2443 λέγωσιν.
1364 2374 1423 2423 Β.
1445 2375 1506 2422 V.
1528 2363 1644 2445 [ἐπὶ
1667 2369 1770 2423 τῶν
1793 2364 1917 2425 ἀλό-

276 2482 329 2522 25
356 2476 458 2532 γως
488 2450 823 2532 πραττόντων
851 2457 887 2525 ἡ
922 2450 1183 2534 παροιμία
1210 2451 1303 2511 καὶ
1339 2450 1414 2531 μὴ
1445 2452 1747 2531 δυναμένων
1785 2452 1920 2521 ὄνοις

354 2544 613 2620 χρῆσθαι,
638 2537 768 2615 μήτι
790 2562 849 2617 γε
873 2537 935 2611 δὴ
954 2537 1151 2606 ἵπποις.
1173 2542 1203 2597 6
1222 2538 1401 2616 μέντοι
1425 2538 1659 2600 Πλάτων
1681 2542 1735 2598 έν
1757 2540 1918 2623 τρίτῳ

358 2627 552 2706 Νόμων
576 2628 649 2706 [ρο
675 2647 774 2700 701,
800 2628 852 2705 c]
871 2625 967 2699 τὴν
989 2626 1293 2686 τελευταίαν
1316 2637 1551 2709 περισπᾷ
1578 2628 1683 2689 ἀπὸ
1714 2634 1801 2688 νοῦ
1823 2627 1918 2688 λέ-

355 2740 462 2794 γων
489 2715 651 2782 οὕτως
678 2743 704 2769 κ
735 2714 827 2773 καὶ
864 2712 939 2791 μὴ
971 2714 1209 2796 καθάπερ
1236 2715 1487 2795 ἀχάλινον
1513 2714 1831 2794 κεκτημένον
1857 2717 1920 2777 τὸ

358 2833 381 2857 ι
412 2802 616 2883 στόμα,
652 2802 742 2885 βίᾳ
774 2801 878 2862 ὑπὸ
898 2806 991 2863 τοῦ
1018 2800 1176 2882 λόγου
1208 2800 1489 2883 φερόμενον
1519 2802 1658 2863 κατὰ
1686 2803 1785 2878 τὴν
1807 2827 1919 2865 πα-

277 2929 331 2968 30
358 2922 382 2947 n
419 2892 646 2976 ροιμίαν,
673 2890 779 2950 ἀπὸ
797 2896 886 2949 νοῦ
904 2891 1104 2951 πεσεῖν.
1126 2919 1150 2942 υ
1170 2888 1206 2962 ἢ
1227 2890 1406 2960 ἔπαιξε
1423 2890 1553 2973 πρὸς
1572 2892 1632 2952 τὸ
1650 2892 1740 2953 ὕπ’
1762 2895 1919 2953 αὐτοῦ

356 2980 650 3062 εἰρημένον,
674 2980 766 3038 καὶ
787 2977 900 3039 δέον
922 2978 1085 3038 εἰπεῖν
1104 2978 1210 3038 ἀπὸ
1230 2984 1322 3037 τοῦ
1340 2984 1428 3038 νοῦ
1442 3024 1458 3050 ,
1480 2971 1645 3058 εἶπεν,
1665 2981 1756 3040 ἀπ’
1780 2980 1916 3044 ὄνου.

355 3067 573 3137 Ἄλλως.
601 3066 859 3148 γράφεται
886 3066 980 3125 καὶ
1003 3067 1095 3124 ἀπ’
1123 3063 1241 3126 ὄνου
1268 3066 1361 3125 καὶ
1387 3066 1494 3125 ἀπὸ
1520 3072 1629 3129 νοῦ.
1667 3072 1837 3129 κεῖται
1865 3068 1921 3129 δὲ

356 3155 617 3239 παροιμία
640 3157 733 3214 ἀπ’
753 3154 889 3215 ὄνου.
912 3153 1046 3237 φασὶ
1063 3151 1167 3235 γὰρ
1191 3153 1271 3213 ὅτι
1297 3153 1388 3213 δύο
1408 3151 1541 3223 τινὲς
1557 3156 1922 3237 περιτυχόντες

357 3245 460 3326 ὄνῳ
489 3248 541 3304 ἐν
570 3242 793 3324 ἐρημίᾳ,
818 3244 1221 3323 φιλονεικοῦντες
1247 3241 1376 3323 πρὸς
1403 3243 1662 3316 ἀλλήλους
1686 3244 1807 3326 περὶ
1829 3250 1922 3305 τοῦ

279 3363 331 3403 36
356 3333 434 3401 τίς
466 3331 622 3391 αὐτὸν
649 3330 908 3412 λήψεται,
933 3329 1116 3390 ἔλαθεν
1154 3328 1340 3398 αὐτοὺς
1366 3330 1527 3413 ἄμφω
1564 3332 1924 3402 ἀπολέσαντας

359 3419 534 3480 αὐτόν.
557 3418 752 3478 τούτων
777 3415 880 3499 γὰρ
903 3416 1218 3497 μαχομένων
1240 3417 1546 3498 ἀνεχώρησε
1568 3418 1629 3479 τὸ
1652 3419 1834 3501 ζῷον]

441 3528 560 3568 1277.
602 3505 1092 3587 προσκεκλήσεσθαι
1130 3525 1145 3566 2
1187 3504 1345 3584 (Ἀντί
1383 3512 1475 3565 τοῦ
1515 3504 1601 3565 διὰ
1644 3506 1921 3590 μαρτύρων

359 3596 718 3678 ἀχθήσεσθαι.)
742 3598 815 3663 εἰς
831 3594 891 3654 τὸ
914 3594 1247 3677 δικαστήριον
1265 3593 1635 3667 κληθήσεσθαι.
1662 3595 1784 3675 (ἀπὸ
1805 3620 1923 3658 κοι-

358 3692 447 3746 νοῦ
470 3683 526 3744 δὲ
545 3684 605 3743 τὸ
630 3684 835 3761 δοκεῖς.)

279 3798 334 3839 40
442 3792 562 3834 1979.
604 3771 782 3831 καινὸν
807 3769 910 3829 αἰεὶ
932 3768 1022 3829 τὸν
1046 3767 1147 3830 Δία
1170 3790 1185 3831 :
1205 3767 1373 3852 [Νέον
1392 3767 1531 3851 ὕδωρ
1550 3768 1657 3829 ὕειν
1681 3770 1923 3853 νομίζεις,

360 3860 535 3946 φησὶν,
568 3860 604 3932 ἢ
640 3860 802 3919 πάλιν
841 3857 1261 3938 ἀντεπαγόμενον
1302 3856 1430 3917 αὐτὸ
1465 3857 1569 3917 ὑπὸ
1595 3863 1685 3917 τοῦ
1710 3858 1862 3931 ἡλίου
1875 3860 1923 3943 3]

358 3953 429 4017 ὣς
450 3953 620 4007 ταῦτα
651 3943 830 4024 μαθὼν
858 3944 1008 4026 παρὰ
1033 3944 1351 4026 Σωκράτους
1377 3944 1516 4004 κατὰ
1551 3944 1612 4004 τὸ
1635 3946 1922 4028 σιωπώμε-

360 4058 463 4095 νον.
486 4046 549 4093 V.

444 4143 562 4184 1280.
606 4121 658 4181 τί
675 4121 852 4195 θηρίον
877 4119 1167 4203 εῌινὲςτὸ
1190 4120 1365 4202 θηρίον
1388 4119 1517 4202 πρὸς
1537 4120 1627 4182 τὸν
1648 4121 1921 4196 δανειστὴν

280 4235 335 4274 ιε
360 4211 598 4293 λέγουσιν
636 4212 892 4290 εἰρῆσθαι.
931 4209 1049 4269 ἀντὶ
1072 4212 1190 4281 τοῦ,
1218 4200 1264 4268 ὦ
1291 4208 1484 4290 θηρίον,
1516 4209 1570 4270 τί
1596 4213 1737 4271 ἐστιν
1771 4214 1799 4270 6
1829 4212 1921 4272 τό-

361 4300 500 4382 κος.]
522 4299 638 4360 ἐπεὶ
658 4297 894 4378 γέννημα
912 4297 1084 4379 φαμὲν
1105 4298 1195 4356 ἐπὶ
1217 4297 1392 4379 θηρίου
1418 4297 1507 4358 καὶ
1531 4298 1702 4359 τόκον.

442 4408 562 4449 1999.
604 4386 1001 4468 προὸαίνοντος,
1024 4386 1455 4465 ἀναλισκομένου.
1478 4399 1537 4447 Β.
1563 4398 1624 4447 V.

445 4497 566 4538 lwo.
609 4473 734 4556 [τὴν
759 4474 1024 4535 θάλατταν
1047 4499 1060 4533 z
1081 4473 1153 4535 Τί
1171 4474 1305 4547 δῆτά
1330 4477 1469 4537 ἐστιν
1492 4474 1527 4533 ἃ
1549 4474 1806 4553 νομίζεις;
1832 4474 1925 4534 καὶ

358 4569 514 4624 τοῦτο
531 4563 589 4623 δὲ
610 4562 772 4642 ἔμαθε
793 4560 930 4622 κατὰ
949 4561 1011 4623 τὸ
1033 4560 1426 4642 σιωπώμενον.]

283 4681 337 4720 ω
444 4672 565 4715 1299.
609 4655 668 4711 οὗ
690 4654 952 4712 λυσιτελεῖ
975 4652 1083 4719 τοῖς
1103 4649 1190 4709 ἐπὶ
1210 4654 1307 4730 γῆς
1327 4650 1542 4710 πλείονα
1563 4641 1695 4709 εἶναι
1716 4648 1811 4722 τὴν
1835 4648 1925 4709 θά-

361 4743 574 4801 λατταν.
597 4752 654 4800 Β.
669 4752 731 4800 V.

443 4848 566 4890 1297.
608 4828 670 4889 τὸ
688 4830 1022 4913 ἀμυντήριον.
1049 4841 1106 4888 Β.
1130 4840 1191 4887 V.

446 4937 564 4979 12⁹8.
607 4907 652 4977 ὧ
680 4918 929 4998 σαμφόρα
973 4939 988 4978 :
1027 4921 1215 4978 Ταῦτα
1253 4914 1418 4975 ἔοικεν
1446 4917 1474 4972 6
1516 4912 1715 4994 μάρτυς
1753 4911 1924 4992 λέγειν

1500 208 1902 270 SCHOLIA
1956 208 2052 268 IN
2099 209 2395 273 NUBES.

1993 344 2145 398 τοῦτο
2167 339 2522 422 Στρεψιάδου·
2549 338 2682 408 τινὲς
2707 339 2829 401 ὅλον
2852 346 2944 402 τοῦ
2972 343 3251 427 κλητῆρος.
3281 347 3400 406 ἀντὶ
3431 351 3561 423 τοῦ,

1992 417 2037 486 ὦ
2058 430 2270 511 κλῆτορ.
2301 432 2373 496 ὡς
2393 426 2544 509 ἵππῳ
2573 432 2715 510 αὐτῷ
2742 429 3088 514 διαλέγεται]
3639 485 3646 498 ,

2077 536 2195 577 lm.
2239 515 2546 599 σειραφόρον
2584 517 2698 576 ἀντὶ
2735 524 2828 578 τοῦ
2865 520 3149 602 παρῄορον.
3178 522 3269 581 καὶ
3297 521 3432 604 πρὸς
3456 521 3560 604 μὲν

1991 604 2055 665 τὸ
2078 604 2166 664 ἐπὶ
2194 604 2334 664 ἅλων
2359 604 2421 664 τὸ
2449 604 2540 679 σύ,
2569 605 2697 685 πρὸς
2720 605 2775 665 δὲ
2796 606 2856 665 τὸ
2880 609 3083 668 ἐπιαλῶ
3103 609 3166 668 τὸ
3193 608 3268 670 σέ.
3292 610 3385 669 καὶ
3412 610 3562 671 ἔστιν

1991 697 2026 765 ἡ
2057 692 2231 775 γραφὴ
2256 692 2437 766 δισσὴ,
2463 694 2550 752 ἐπὶ
2571 693 2710 752 ἅλων
2733 695 2826 753 καὶ
2848 697 3068 756 ἐπιαλῶ.
3095 697 3188 757 καὶ
3213 698 3344 780 πρὸς
3366 697 3463 776 μὲν
3493 699 3557 759 τὸ
3584 722 3617 762 ὅ

1991 781 2388 862 περισπώμενον
2421 784 2625 841 ἐπιαλῶ
2652 780 2733 855 εἴη
2762 781 2825 840 ἂν
2853 785 3206 856 ἀπειλητικῶς
3233 784 3421 864 λέγων,
3449 777 3561 846 οἷον

1994 867 2131 937 ἄξεις
2150 868 2242 927 καὶ
2264 867 2510 950 δρμήσεις
2532 869 2749 928 σεαυτὸν
2774 871 3024 945 ἐντεῦθεν,
3045 871 3162 930 ἐπεὶ
3183 875 3297 931 ἀλῶ
3320 896 3407 948 σε,
3427 872 3561 957 ὅπερ

1993 958 2133 1016 ἐστὶν
2164 957 2338 1016 ἐλάσω
2364 979 2423 1016 σε
2451 955 2543 1015 καὶ
2568 953 2734 1025 διώξω
2761 980 2821 1017 σε
2845 961 3039 1018 κεντῶν
3067 958 3169 1018 ὑπὸ
3196 959 3286 1019 τὸν
3313 961 3562 1042 πρωκτὸν

1991 1043 2173 1126 ὥσπερ
2198 1043 2359 1105 ἵππον
2396 1044 2692 1127 παρῄορον·
2731 1045 2863 1128 πρὸς
2896 1045 2952 1106 δὲ
2991 1046 3087 1121 τὴν
3129 1047 3311 1129 ἑτέραν
3351 1049 3564 1131 γραφὴν

1993 1132 2155 1201 οὕτως
2173 1136 2366 1205 ἠθικῶς
2392 1133 2657 1212 λέγοντος,
2676 1125 2782 1192 οἷον
2804 1132 3017 1202 ἀπάξεις
3044 1134 3108 1194 σὺ
3137 1135 3227 1195 τὸν
3252 1137 3563 1220 σεἰραφόρον
3594 1169 3654 1210 10

1994 1224 2066 1290 εἰς
2084 1224 2299 1299 μυλῶνα
2320 1221 2409 1280 ἐπὶ
2435 1221 2496 1281 τὸ
2520 1222 2702 1296 ἀλοᾶν,
2724 1222 2839 1281 ἀντὶ
2865 1228 2958 1282 τοῦ
2978 1222 3155 1302 ἄπαγέ
3178 1247 3273 1284 σου
3290 1225 3379 1284 τὸν
3397 1224 3565 1284 ἵππον

1992 1311 2231 1371 κάκεῖθεν
2269 1308 2536 1391 τραφήσῃ.
2578 1308 2712 1377 τινὲς
2755 1308 2811 1368 δὲ
2852 1308 3044 1385 οὕτως,
3087 1310 3222 1380 ἄξεις
3266 1311 3563 1375 ἐπιὸαλών.

1993 1399 2240 1481 [Ἄλλως.
2265 1401 2468 1458 ἐπιαλῶ
2491 1396 2699 1475 μέλλων
2736 1397 2843 1457 ἀπὸ
2866 1404 2957 1458 τοῦ
2987 1398 3171 1460 ἷάλλω.
3199 1400 3341 1481 λέγει
3364 1400 3419 1459 δὲ
3447 1404 3569 1461 ἐπι-

1993 1485 2191 1567 πέμψω
2218 1506 2296 1546 σε.
2353 1488 2406 1545 ἐν
2442 1485 2556 1557 ἤθει
2585 1483 2642 1544 δὲ
2665 1486 2729 1544 τὸ
2751 1485 2889 1568 ᾄξεις
2911 1486 3082 1565 λέγει·
3110 1489 3206 1546 οὒκ
3234 1486 3409 1560 ἀπάξη
3433 1486 3568 1547 ποτὲ

1994 1578 2226 1634 ἐντεῦθεν
2249 1571 2342 1632 καὶ
2357 1572 2609 1653 πορεύσῃ.
2628 1573 2690 1632 τὸ
2712 1571 2768 1633 δὲ
2793 1575 3015 1648 ἐπιαλῶ,
3036 1573 3150 1632 ἀντὶ
3168 1580 3259 1634 τοῦ
3275 1574 3564 1657 ἐπιπέμψω
3595 1606 3655 1645 μ,

1996 1686 2073 1723 σε.
2099 1658 2442 1740 συμὸουλεύει
2462 1659 2517 1720 δὲ
2539 1663 2683 1741 αὐτῷ
2707 1660 3014 1721 ἀλοάσαντα
3035 1666 3207 1744 μισθῷ
3227 1661 3567 1744 πορεύεσθαι,

1993 1750 2082 1811 ἵνα
2108 1748 2313 1832 τρέφειν
2339 1747 2438 1829 ἔχῃ
2472 1747 2590 1816 τοὺς
2619 1748 2832 1816 ἵππους.
2861 1748 3082 1832 σειραφό
3113 1772 3166 1818 ος
3189 1749 3271 1824 δὲ,
3294 1754 3323 1807 6
3346 1748 3447 1818 ἔξω
3473 1756 3570 1809 τοῦ

1996 1843 2166 1917 ζυγοῦ.
2225 1836 2444 1904 Ἄλλως.
2462 1835 2553 1896 ἐὰν
2568 1835 2662 1915 μὲν
2683 1829 2832 1905 οὗτος
2846 1841 2875 1896 6
2890 1836 3041 1915 λόγος
3066 1903 3076 1917 ·
3112 1836 3306 1908 ἠθικὸς,
3325 1835 3569 1918 ἀπέρχῃ,

1995 1926 2030 1999 ἢ
2058 1925 2313 1987 ὓποὸαλῶ
2338 1923 2434 1997 τὴν
2464 1924 2698 2003 μάστιγα
2730 1928 2927 1986 κεντῶν
2956 1947 3017 1984 σε
3049 1923 3151 1983 ὑπὸ
3185 1923 3275 1983 τὸν
3306 1926 3570 2004 πρωκτὸν,

1996 2018 2067 2084 ὣς
2103 2012 2435 2095 σειραφόρον·
2468 2012 2560 2072 ἐὰν
2598 2010 2653 2072 δὲ
2694 2011 2783 2072 ἐπὶ
2822 2012 2972 2082 ἅλω,
3003 2010 3192 2084 οὕτως,
3229 2010 3437 2093 ἀπέρχῃ
3477 2012 3571 2072 ἐπὶ
3602 2040 3661 2079 su

1999 2103 2177 2162 ἅλωνα
2200 2104 2397 2161 κεντῶν
2419 2124 2513 2159 σου
2536 2098 2626 2159 τὸν
2652 2098 2982 2182 σειραφόρον,
3013 2099 3102 2158 ἐπὶ
3134 2099 3198 2156 τὸ
3222 2098 3575 2180 ἐργαζόμενον

1999 2194 2192 2252 ἐκεῖθεν
2228 2192 2488 2272 τραφῆναι
2511 2212 2524 2226 ·
2549 2187 2695 2248 οὐδὲν
2721 2188 2824 2269 γὰρ
2850 2190 3079 2247 ἐντεῦθεν
3114 2187 3282 2266 λήψῃ.
3307 2189 3356 2246 οῖ
3390 2189 3446 2246 δὲ
3474 2185 3576 2248 οὕ-

1997 2304 2116 2348 τως·
2138 2277 2403 2339 ἐπιὸαλών
2424 2298 2506 2336 σοι
2523 2275 2619 2348 τὴν
2640 2276 2876 2355 μάστιγα
2895 2275 2986 2334 καὶ
3009 2273 3174 2356 δέρων
3189 2274 3282 2352 τὸν
3303 2273 3574 2355 πρωκτὸν,

2000 2368 2106 2437 ἄξω
2130 2391 2209 2428 σε.
2247 2363 2354 2426 ἀπὸ
2389 2372 2688 2445 μεταφορᾶς
2715 2368 2820 2423 τῶν
2848 2361 3204 2440 κεντουμένων
3231 2360 3409 2420 ἵππων
3436 2366 3576 2443 βρα-

2000 2456 2127 2515 δέων
2154 2454 2255 2513 ίιπὸ
2286 2455 2392 2511 τῶν
2428 2450 2672 2533 ἡνιόχων.
2707 2482 2778 2492 -·
2813 2450 2926 2511 ἐπεὶ
2964 2451 3120 2512 ἇλῶε
3161 2448 3408 2522 Κινήσω,
3437 2472 3570 2508 συν-
3602 2478 3659 2516 95

2005 2542 2192 2624 τρίψω.
2211 2552 2274 2600 Β.
2301 2552 2363 2598 D.
2388 2538 2673 2621 συντρίψω.
2703 2548 2766 2598 Ε.
2789 2537 2877 2596 ἐπί
2894 2539 2945 2597 α’
2971 2538 3082 2597 ἁλῶ
3108 2558 3124 2598 2
3152 2536 3449 2619 Συντρίψω.
3487 2537 3578 2618 a]

2083 2626 2205 2690 1900.
2251 2627 2373 2706 (ὑπὸ
2400 2626 2488 2686 τὸν
2526 2625 2768 2707 πρωκτὸν
2807 2624 2865 2684 σὲ
2900 2644 2915 2686 :
2958 2625 3182 2697 Μήποτε
3217 2625 3314 2684 οὒκ
3340 2621 3452 2683 ἔστι
3481 2625 3574 2698 σέ,

2002 2714 2139 2777 ἀλλὰ
2161 2713 2252 2775 σύ·
2281 2718 2326 2774 εἰ
2351 2713 2426 2791 μὴ
2452 2715 2555 2795 ἄρα
2578 2713 2746 2794 λέγει,
2774 2710 2911 2782 ἄξεις
2937 2711 3153 2772 σεαυτὸν
3181 2715 3252 2781 ὥς
3275 2712 3367 2772 τὸν
3392 2735 3583 2793 σειρα-

2001 2804 2175 2888 φόρον,
2195 2803 2326 2864 ὅπου
2347 2801 2502 2871 αὐτὸς
2520 2801 2761 2883 ἐργάζῃ.)

2084 2914 2206 2955 1909.
2236 2890 2502 2972 ξυνωρίσιν
2526 2911 2541 2952 :
2572 2888 2835 2973 Ξυνωρὶς,
2863 2889 3011 2972 ἅρμα
3034 2888 3215 2949 ἵππων
3242 2888 3570 2970 ἐζευγμένον.
3603 2912 3664 2953 ³0

2010 2994 2139 3044 Vici.
2164 2980 2334 3040 λείπει
2358 2984 2393 3051 ἡ
2417 2977 2527 3038 σύν.
2553 2984 2612 3032 R·
2979 2995 3004 3007 ⁶

2086 3089 2210 3130 1303.
2256 3071 2311 3127 ἐν
2341 3065 2560 3126 εἷσθέσει
2582 3067 2730 3125 κῶλα
2752 3064 2901 3146 τρία,
2923 3055 2997 3123 ὧν
3023 3063 3084 3124 τὸ
3112 3066 3318 3147 πρῶτον
3340 3062 3569 3125 Ἰωνικὸν

2002 3157 2264 3236 ἡμιόλιον.
2288 3166 2343 3214 Β.
2369 3164 2431 3211 V.
2463 3152 2709 3235 [κορωνὶς
2736 3152 2828 3211 καὶ
2857 3152 3076 3219 εἴσθεσις
3106 3151 3296 3230 μέλους
3333 3150 3571 3220 ἐξιόντων

2001 3246 2295 3325 ὑποκριτῶν
2315 3244 2728 3323 μονοστροφικοῦ
2754 3242 2814 3299 ἐκ
2840 3238 3022 3300 κώλων
3054 3239 3143 3312 ιη’.
3172 3229 3247 3298 ὧν
3276 3238 3337 3297 τὸ
3363 3242 3572 3321 πρῶτον

2004 3329 2247 3410 ῖαμὸικὸν
2274 3327 2548 3410 τρίμετρον
2579 3327 3085 3408 βραχυκατάληκτον
3107 3330 3199 3384 τοῦ
3227 3352 3253 3379 α
3278 3325 3524 3408 φλαύρων
3544 3353 3569 3379 n
3600 3347 3654 3391 33
3679 3386 3688 3393 ‚

2003 3418 2158 3486 ποδὸς
2181 3418 2291 3477 ἀνθ’
2310 3415 2436 3488 ὅλης
2455 3415 2708 3494 ἷαμὸικῆς
2726 3414 2968 3491 κειμένου
2988 3411 3237 3479 διποδίας.
3256 3412 3319 3472 τὸ
3337 3410 3575 3492 δεύτερον

2002 3510 2061 3567 ἐκ
2083 3505 2330 3584 διιάμὸου
2355 3503 2450 3562 καὶ
2475 3503 2711 3563 Ἰωνικοῦ
2737 3501 2830 3560 ἀπ’
2856 3500 3137 3566 ἐλάσσονος
3167 3498 3410 3578 δίμετρον
3438 3500 3574 3558 ἀκα-

2002 3593 2286 3670 τάληκτον,
2309 3590 2345 3664 ἢ
2368 3589 2617 3669 ἷαμὸικὸν
2645 3587 3012 3672 ἑφθημιμερές.
3041 3587 3103 3646 τὸ
3125 3586 3301 3669 τρίτον
3325 3584 3575 3663 ίαμὸικὸν

2003 3681 2245 3764 δίμετρον
2270 3678 2657 3751 ἀκατάληκτον.
2682 3676 2744 3736 τὸ
2765 3675 3014 3758 τέταρτον
3038 3674 3234 3753 ὅμοιον,
3259 3673 3293 3747 ἢ
3319 3675 3380 3733 ἐκ
3402 3671 3576 3732 παιώ-

2004 3795 2106 3830 νων
2131 3767 2398 3851 δευτέρων.
2418 3766 2479 3825 τὸ
2498 3767 2539 3825 ε’
2559 3764 2910 3846 χοριαμὸικὸν
2929 3762 2982 3833 ἐξ
3001 3761 3277 3844 ἐπιτρίτων
3295 3761 3576 3843 τρίμετρον
3602 3780 3668 3823 ⁴0

2004 3853 2408 3931 καταληκτικόν.
2445 3853 2506 3914 τὸ
2527 3854 2575 3923 ς’
2604 3852 2885 3934 τροχαῖκὸν
2910 3852 3151 3933 δίμετρον
3180 3848 3572 3921 καταληκτικὺν

2004 3946 2121 4019 ἤτοι
2147 3940 2515 4027 έφθημιμερές.
2541 3940 2601 4000 τὸ
2625 3942 2668 4010 ζ’
2699 3940 2895 4019 ὅμοιον,
2917 3939 3190 4021 τρίμετρον
3215 3935 3411 4016 μέντοι.
3434 3936 3497 3996 τὸ
3517 3936 3574 4009 η’

2002 4030 2353 4116 χοριαμὸικὸν
2391 4028 2666 4112 τρίμετρον
2708 4027 3234 4111 βραχυκατάληκτον.
3258 4023 3320 4083 τὸ
3354 4024 3400 4084 θ’
3431 4027 3578 4083 ἀντι-

2004 4118 2294 4181 σπαστικὸν
2322 4117 2376 4186 ἐξ
2408 4116 2672 4198 ἐπιτρίτου
2708 4116 2884 4196 τρίτου
2920 4114 3013 4175 καὶ
3047 4112 3259 4193 πρώτου
3287 4109 3485 4190 ὅμοιον.
3512 4110 3576 4170 τὸ

2004 4208 2221 4269 δέκατον
2262 4204 2511 4284 ῖαμὸικὸν
2549 4202 2787 4285 δίμετρον
2830 4199 3361 4284 βραχυκατάληκτον.
3401 4197 3462 4257 τὸ
3500 4198 3572 4256 ια’
3601 4222 3666 4263 ει

2003 4298 2095 4358 καὶ
2126 4296 2196 4355 ιδ’
2225 4292 2384 4373 ὅμοια
2413 4296 2490 4375 τῷ
2520 4290 2702 4374 τρίτῳ.
2738 4290 2800 4350 τὸ
2828 4290 2897 4372 ιγ’
2925 4287 3274 4371 χοριαμὸικὸν
3309 4290 3574 4359 πενθημι-

2006 4385 2178 4468 μερές.
2204 4386 2250 4443 εἰ
2281 4380 2337 4440 δὲ
2365 4380 2568 4461 βούλει,
2592 4377 2904 4439 δακτυλικὸν
2941 4378 3200 4457 δίμετρον.
3224 4373 3294 4434 τὰ
3317 4372 3433 4446 ἑξῆς
3453 4372 3576 4453 τρία

2006 4467 2391 4534 ἀντισπαστικδι
2445 4470 2779 4550 ἑφθημιμερῆ
2835 4463 3233 4548 Φερεκράτεια,
3290 4464 3578 4543 τροχαῖκῆς

2004 4560 2143 4621 κατὰ
2167 4558 2265 4630 τὴν
2288 4555 2504 4638 πρώτην
2522 4555 2704 4636 χώραν
2728 4552 2971 4631 κειμένης
2993 4548 3359 4618 ταυτοποδίας.
3383 4548 3442 4607 τὸ
3466 4570 3578 4606 πα-

2007 4647 2310 4731 ρατέλευτον
2338 4643 2516 4723 ὅμοιον
2545 4646 2622 4725 τῷ
2645 4641 2830 4725 τρίτῳ·
2860 4641 2972 4720 μεθ’
2996 4639 3025 4699 ὃ
3051 4637 3300 4718 ἷαμὸικὸν
3330 4637 3573 4718 δίμετρον
3605 4658 3663 4697 ω

2005 4733 2413 4808 καταληκτικὸν,
2426 4731 2545 4803 ἤτοι
2564 4727 2931 4813 ἑφθημιμερές.
2947 4726 3035 4787 ἐπὶ
3052 4730 3131 4810 τῷ
3150 4724 3288 4785 τέλει
3306 4720 3576 4805 κορωνίς.]

2009 4815 2130 4901 (οἷον
2155 4821 2214 4881 τὸ
2239 4819 2571 4902 πραγμάτων
2600 4822 2723 4900 ἐρᾶν
2747 4837 2764 4879 2
2788 4815 3086 4878 Αῖνίττεται
3111 4818 3182 4883 εἷς
3202 4813 3288 4874 τὸν
3311 4809 3576 4892 Στρεψιά-

2007 4913 2119 4984 δην,
2158 4909 2250 4970 καὶ
2286 4907 2429 4988 λέγει
2466 4906 2546 4967 ὅτι
2579 4905 2745 4966 δεινόν
2787 4908 2900 4964 ἐστι
2935 4903 3028 4964 καὶ
3069 4901 3223 4976 ἀηδὲς
3256 4901 3317 4961 τὸ
3359 4898 3573 4959 ἀτόπων

370 5009 445 5087 τῷ
470 5007 732 5078 δανειστῆ.
755 5015 814 5063 Β.
842 5016 902 5061 V.
938 5002 1052 5063 ἀντὶ
1088 5009 1180 5062 τοῦ
1209 5006 1304 5062 οὔκ
1338 5002 1653 5083 ἀναχωρεῗς;
1677 5011 1739 5060 V.
1764 4999 1927 5083 [τινὲς
2003 4998 2166 5079 ἐρᾶν.)
2196 4996 2367 5057 ἶστέον
2392 4995 2449 5056 δὲ
2468 4996 2549 5056 ὅτι
2573 4995 2758 5056 ἐκεῖνοι
2781 4991 3137 5075 διαλεχθέντες
3159 4988 3571 5064 ἀπεληλύθασιν.
