3859 5725
434 244 547 296 ⁴20
1596 223 2043 285 ADNOTATIO
2084 223 2166 282 IN
2208 223 2467 284 SCHOL.

431 362 782 443 grammatici
816 360 927 440 (vel
950 356 1314 435 calculoues)‚
1336 371 1391 414 et
1409 358 1591 432 kappa
1613 366 1823 414 vocant
1843 373 1947 412 no-
2114 353 2208 425 34,
2244 374 2332 425 10,
2362 376 2384 412 1
2404 374 2424 412 ι
2461 355 2695 416 Ξπιτάσει
2720 357 2915 436 χρῆται
2933 358 3027 430 Θ.,
3051 357 3287 435 reliquis
3306 358 3551 417 omissis.

434 467 548 512 tam
576 453 655 528 C.
688 455 835 509 Nam
864 449 1067 507 melius
1093 467 1164 506 ex
1188 444 1378 505 Suidae
1401 443 1693 502 codicibus
1712 442 1947 521 optimis
2036 473 2108 483 —
2140 460 2209 497 ιο
2237 440 2324 498 ἐπὶ
2346 439 2408 499 τὸ
2432 443 2505 515 ζ.,
2541 442 2609 500 ι3
2637 441 2974 516 ἐπιτείνεται,
3003 453 3073 513 14
3117 441 3295 524 ἑπὶτῷ
3341 445 3415 505 Θ.
3444 443 3560 518 Qui

433 541 670 617 legetur,
697 537 816 594 καλ.
839 534 1020 593 κόππα
1044 532 1106 592 τὸ
1130 534 1209 609 C.
1233 536 1369 590 Haec
1393 533 1510 590 fere
1535 531 1862 590 Diibnerus.
1887 571 1949 583 -
2035 528 2271 587 inferius
2298 530 2407 588 hoc
2425 530 2681 589 scholion
2702 529 2863 589 addit
2883 552 2896 587 ε
2913 529 3050 603 Δίκη
3067 536 3102 604 ἡ
3129 529 3275 613 παρὰ
3301 529 3561 612 τοῖςἘλ-

433 627 507 693 45
526 623 615 683 καὶ
634 620 922 690 κολάζοντα
943 627 1037 691 V.,
1060 639 1174 677 om.
1198 618 1355 677 Suid.
1372 665 1434 678 ..
1459 619 1533 687 46
1550 619 1630 676 sic
1657 617 1810 677 Suid.
1841 622 1952 674 Le-
2034 616 2160 687 λησι
2187 614 2542 694 σωματοειδὴς
2562 616 2671 676 θεά.
2706 617 2826 689 δίκη
2855 616 2943 676 καὶ
2971 623 3004 691 ἡ
3032 617 3261 700 τιμωρία
3284 618 3378 677 καὶ
3403 623 3438 689 ἡ
3466 619 3563 677 κό-

431 710 671 788 gebatur
717 706 864 767 οὖδὲν
887 707 1066 773 ὅντως.
1090 752 1154 765 ..
1174 708 1231 764 οὗ
1253 703 1354 787 γὰρ
1377 706 1498 763 Ald.
1518 718 1594 774 et,
1618 717 1683 762 ut
1704 704 1953 773 videtur,
2036 704 2206 768 λασις.
2234 703 2353 775 δίκη
2386 702 2474 762 καὶ
2497 707 2533 775 ἡ
2557 702 2880 776 δικαιοσύνη.
2902 704 3024 777 δίκη
3043 704 3132 764 καὶ
3154 705 3564 787 τὸδικαο-τήριον

430 805 502 858 V.
530 843 595 856 -
623 807 698 872 49
736 787 797 855 οὗ
816 793 1218 866 τελευτήσαντος
1254 796 1321 852 G.
1349 794 1421 853 Θ.
1446 836 1511 848 ...
1534 792 1607 849 5ο
1636 789 1952 872 βουκέφαλον
2039 785 2129 846 καὶ
2159 792 2194 860 ἠ
2225 789 2408 869 κρίσις.
2442 833 2505 845 -.
2548 812 2617 868 17
2670 809 2786 849 om.
2833 791 2903 852 Θ.
2922 824 3003 837 -
3036 793 3107 852 18
3137 797 3228 851 τοῦ·
3259 791 3449 868 τόκου,
3493 814 3565 850 ao

433 884 528 963 (....
548 885 676 944 άλου
701 879 850 958 ΑΙά.)
879 878 1263 961 Ἀλεξάνδρειαν
1289 878 1435 951 Ald„
1458 878 1619 937 Suid.

514 980 609 1041 21»,
633 970 705 1029 53
728 967 843 1027 ἀντὶ
858 971 950 1025 τοῦ
969 973 1038 1028 R.
1064 986 1172 1045 pro
1194 964 1320 1046 φησὶ
1333 962 1545 1033 δί...54
1567 961 1800 1030 πατάξας
1822 963 1956 1023 Ald.

430 1063 544 1117 Pro
571 1056 611 1115 l.
638 1056 807 1125 fia-54
827 1055 929 1115 Θ..·
950 1052 1231 1134 ἀφῃρέθην.
1250 1050 1394 1133 παρὰ
1411 1048 1500 1109 τὸν
1519 1050 1625 1126 (τὸν
1649 1051 1817 1108 etiam
1834 1049 1957 1108 Ald.

2040 876 2368 1022 ὶνεξυριάιὲαι
2401 879 2480 984 P.
2512 970 2566 1024 v

2123 984 2522 1111 Sd’otnfe'ffion
2546 1009 2619 1112 Θ.
2654 1051 2964 1134 φροντίζεις,
2989 1056 3296 1131 ἀγανακτεῖς
3312 1078 3328 1092 ·
3353 1059 3573 1114 τοιαῦτα

433 1158 490 1203 et
515 1145 646 1203 sort.
667 1141 837 1220 Ven.)
861 1140 1157 1200 κοππατίαν
1177 1138 1233 1198 δὲ
1245 1138 1418 1207 παίζει
1437 1136 1595 1198 εἰπὼν
1614 1136 1675 1195 τὸ
1691 1135 1957 1209 ἐξεκόπην.
2042 1135 2142 1216 γὰρ
2159 1136 2454 1216 πάσχουσιν
2482 1142 2530 1198 οἱ
2554 1139 2801 1222 φροντίδα
2821 1138 2940 1199 τινὰ
2961 1139 3182 1221 ἔχοντες.

515 1240 611 1314 α5,
633 1249 667 1308 4
693 1237 958 1304 νεανίσκος
982 1257 1107 1296 ’om.
1133 1239 1206 1296 V.
1230 1281 1294 1294 ..
1315 1237 1348 1293 5
1375 1237 1565 1315 ἀποφθ.
1591 1237 1662 1293 Θ.
1688 1237 1959 1315 ὀνειροπο-

433 1329 538 1384 λῶν
561 1313 702 1405 >fia
718 1329 785 1383 V.
815 1323 1032 1384 Deinde
1055 1323 1208 1383 idem
1233 1324 1304 1388 ὥς
1324 1321 1413 1380 τὸν
1433 1344 1631 1395 συνην.,
1651 1321 1807 1399 quod
1827 1341 1962 1379 cor-

437 1426 627 1473 rector
650 1412 867 1471 codicis
889 1414 960 1474 Θ.
979 1412 1041 1470 in
1061 1412 1168 1469 τῶν
1202 1405 1643 1487 συνηνιοχούντων
1675 1420 1883 1483 mutat.
1898 1454 1961 1466 .-

437 1521 467 1572 7
501 1502 605 1559 τῶν
635 1502 795 1557 αὐτοῦ
824 1496 944 1556 ἴππ.
969 1503 1038 1554 V.
1076 1539 1141 1553 -.
1186 1497 1221 1554 8
1257 1492 1419 1553 θίοιεν
1453 1492 1747 1571 ἐμποδίζοις
1768 1499 1836 1551 V.
1865 1491 1959 1565 θίη

433 1586 727 1665 ἐμποδίζειν
752 1589 820 1645 G.
842 1583 1050 1644 ὑποθίοι
1066 1584 1216 1643 Θ...-
1246 1584 1425 1640 ιο-ιΒ
1442 1583 1629 1640 omitt.
1645 1585 1734 1654 V.,
1758 1604 1779 1639 ι
1798 1582 1961 1654 ι-ι3,

433 1673 495 1732 τὸ
518 1672 574 1732 δὲ
609 1717 622 1732 .
647 1718 661 1731 .
688 1716 702 1731 .
738 1678 844 1746 afim,
873 1692 985 1731 om.
1012 1672 1083 1732 Θ.

515 1770 622 1840 28,
659 1788 835 1845 19-21
855 1810 872 1840 ,
916 1766 1132 1836 32-34,
1161 1785 1346 1843 prope
1376 1764 1574 1822 eadem
1598 1764 1865 1841 leguntur
1901 1763 1962 1820 in

434 1856 563 1914 cod.
590 1857 846 1927 Taurin„
873 1853 1040 1931 cujus
1068 1853 1127 1911 in
1152 1852 1408 1930 margine
1428 1852 1628 1909 eadem
1657 1871 1825 1909 manu
1847 1870 1860 1904 τ
1883 1847 1963 1907 ὅτι

399 1938 407 1945 ’
433 1950 569 2022 τρεῖς
607 1941 791 2024 δρόμοι
836 1938 1070 2020 μάλιστα
1108 1930 1243 2011 ἦσαν
1288 1942 1456 2007 πεζῶν
1490 1937 1717 1997 δπλίτων
1744 1936 1903 2015 [sic],
1934 1941 1963 1995 ὁ

435 2029 640 2096 δίαυλος
661 2028 751 2088 καὶ
776 2033 805 2088 ὁ
828 2028 1050 2108 δόλιχος.
1070 2026 1160 2086 καὶ
1187 2028 1236 2085 οἱ
1264 2024 1359 2105 μὲν
1381 2026 1469 2085 τὸν
1495 2023 1714 2096 ὁπλίτην
1742 2021 1960 2102 τράχον-

433 2140 516 2183 τες
534 2115 747 2199 δρόμον,
770 2114 1078 2183 ὃςέκαλεῖτο
1105 2111 1195 2172 καὶ
1228 2114 1519 2190 σταδιαῖος,
1551 2110 1842 2175 πανοπλίας
1870 2112 1960 2169 ἰν-

434 2202 701 2283 δεδυμίνοι
720 2201 826 2262 ἀπὸ
840 2206 936 2276 τῆς
957 2199 1237 2283 ἀφετηρίας
1263 2197 1473 2279 ἔτρεχον
1497 2197 1587 2257 καὶ
1616 2198 1773 2279 μεχρὶ
1801 2197 1964 2276 νόμου

433 2295 757 2373 καμπτῆρος.
780 2294 830 2350 οἱ
849 2289 906 2348 δὲ
930 2289 1017 2348 τὸν
1044 2287 1250 2347 δίαυλον
1276 2285 1475 2354 θέοντες
1493 2288 1554 2347 οὗ
1571 2285 1863 2353 πανοπλίας
1883 2287 1965 2344 ἐν·

433 2377 737 2455 δεδομένοι,
762 2374 927 2453 μόνας
954 2374 1010 2434 δὲ
1042 2374 1272 2441 ἀσπίδας
1305 2373 1395 2433 καὶ
1427 2373 1835 2457 περικεφαλαίας
1872 2374 1964 2434 καὶ

434 2463 557 2548 δόρυ
577 2462 887 2543 κατέχοντες
911 2460 1017 2520 ἀπὸ
1041 2460 1283 2541 βαλὸίδος
1301 2460 1458 2542 μεχρὶ
1478 2465 1787 2543 καμτι-εῆρος
1810 2460 1966 2541 ἀνῄε-

434 2575 533 2612 σαν
561 2553 665 2609 κάκ
685 2554 778 2609 τοῦ
797 2552 1104 2630 καμπτῆρος
1118 2548 1278 2608 πάλιν
1295 2550 1367 2617 εἷς
1385 2547 1480 2620 τὴν
1507 2547 1789 2630 ἀφετηρίαν
1811 2548 1966 2608 κατί-

435 2643 567 2700 θεον.
597 2640 645 2697 οἶ
670 2638 1157 2718 δολιχοδρομοῦντες
1185 2634 1240 2694 δὲ
1268 2638 1433 2719 ψιλῶς
1464 2636 1791 2717 ἕπτάδρομον
1814 2639 1963 2696 ἔποι-

436 2733 584 2788 οῧντο
603 2722 692 2785 τδν
718 2723 908 2807 δρόμον
924 2767 942 2797 ,
967 2724 1079 2831 τρὶς
1101 2722 1197 2802 μὲν
1219 2722 1444 2790 ἀνιόντες
1457 2769 1474 2797 ,
1495 2723 1605 2830 τρὶνς
1623 2721 1678 2781 δὲ
1702 2721 1967 2790 κατιόντες

437 2814 526 2875 καὶ
552 2811 681 2896 πρὸς
702 2811 791 2874 τὸν
823 2834 1112 2894 καμπτηρα
1129 2812 1217 2872 τὸν
1238 2809 1459 2890 ἵὸδομον
1492 2810 1681 2893 δρομον
1703 2812 1966 2892 ἕκτερμα-

436 2907 657 2969 τοῦντες.
697 2904 746 2962 οἱ
783 2901 953 2983 δίφροι
991 2898 1047 2959 δὲ
1081 2898 1171 2959 καὶ
1206 2898 1275 2957 τὰ
1315 2897 1528 2976 ἅρματα
1570 2898 1850 2965 δωδεκάκις
1873 2896 1967 2965 τὰς

436 2988 771 3069 καμπτηρίας
805 2985 1028 3047 ἐποίουν.
1052 3029 1115 3043 ...
1142 2988 1216 3044 28
1241 2988 1270 3044 ὁ
1295 2988 1414 3044 δπλ.
1440 2988 1820 3046 Hermannus.

518 3078 591 3135 3ο
634 3080 706 3135 R.
752 3074 930 3136 habet
959 3070 1222 3132 κατίλαὸί
1243 3095 1311 3150 με
1341 3072 1393 3132 τί
1420 3069 1486 3143 δὴ
1526 3071 1660 3152 μετὰ
1686 3077 1870 3132 ταῦτα.
1903 3118 1968 3131 -

441 3161 728 3323 383διὲ,Θ4·ι
775 3247 1020 3330 φρίσκους
1059 3249 1213 3308 καλεῖ
1236 3251 1307 3306 R.
1338 3292 1401 3306 ...
1437 3255 1510 3317 42
1539 3247 1621 3328 ἔφ’
1646 3246 1675 3307 8
1697 3252 1781 3320 ἠν.
1808 3252 1879 3307 R.
1904 3296 1967 3308 .-

442 3338 536 3409 43,
570 3347 642 3407 44
668 3349 821 3395 recte
846 3336 1054 3414 legitur
1087 3335 1147 3393 in
1173 3338 1242 3394 V.
1265 3346 1321 3392 et
1347 3334 1504 3413 apud
1523 3335 1779 3406 Suidam,
1807 3333 1967 3394 διὰτὸ

435 3422 663 3570 Ἥ
696 3414 830 3569 ἶ.
853 3420 1198 3569 ww
1382 3420 1777 3568 ww&
1796 3468 1858 3480 -
1875 3433 1965 3568 ,τι

433 3534 581 3666 ἶὲζος
599 3533 864 3674 Θ.ν-.γ4ως))ν
877 3596 1122 3675 Ἀμυνίας
1139 3551 1284 3656 b]
1293 3530 1606 3671 μεινίαίέτῆς
1623 3552 1700 3654 v:
1720 3532 1967 3656 regnin-

1612 3689 1650 3722 π

438 3738 673 3799 (Ιοτίὶυε.
691 3738 816 3797 Αἰά.
834 3735 1066 3814 Ἀμινίας
1088 3734 1389 3815 Προνάπου.
1414 3735 1485 3795 Θ.
1507 3731 1664 3792 πυνά.
1688 3780 1738 3793 ..
1773 3737 1959 3795 50--53

436 3826 566 3885 Ald.
599 3837 656 3884 et
687 3824 757 3885 Θ.
789 3848 802 3882 :
834 3825 1027 3881 ἐκεῖνον
1056 3811 1145 3881 οὗν
1177 3823 1475 3902 ἔπισκὶἶιψαι
1517 3819 1765 3895 θελήσας,
1795 3822 1964 3905 παρέ-

434 3914 591 3993 τρεψε
630 3910 690 3969 τὸ
726 3933 742 3968 ι
788 3911 858 3976 εἰς
892 3908 954 3968 τὸ
983 3932 1044 3983 υ,
1080 3906 1171 3965 καὶ
1211 3906 1682 3988 παρεγραμμάτισε
1722 3909 1962 3984 γελοίως·

436 3997 550 4059 ἐπεὶ
576 3996 723 4079 παρὰ
745 4005 853 4062 τοῖς
873 3995 1162 4067 Ἀθηναίοις
1181 3998 1210 4053 ὅ
1227 3995 1385 4072 νόμος
1406 3997 1637 4075 φανερῶς
1652 3995 1789 4073 (ἐπεὶ
1809 3996 1968 4074 νόμος

434 4109 492 4145 π.
515 4109 563 4144 τ.
589 4085 694 4144 Ἀθ.
719 4081 794 4161 μὴ
820 4085 1051 4164 φανερῶς
1072 4082 1170 4160 Θ.)
1197 4078 1392 4139 ἐκώλυε
1412 4078 1501 4139 τὸν
1520 4079 1750 4163 ἄρχοντα
1771 4105 1966 4165 κωμῳ-

2127 1226 2197 1295 37
2216 1268 2234 1299 ,
2278 1234 2458 1302 α9·47
2512 1251 2537 1278 ι
2552 1229 2763 1306 partim
2804 1248 2879 1287 ex
2916 1230 3374 1308 Harpocratione
3420 1231 3574 1289 illata

2048 1312 2256 1389 partim
2294 1312 2537 1372 aliunde.
2559 1341 2583 1368 n
2623 1320 2804 1374 Dum.
2846 1316 3010 1375 Conf.
3052 1317 3285 1376 suidam
3333 1338 3429 1379 vv.
3468 1317 3576 1389 Δή-

2048 1420 2249 1478 μαρχος
2274 1411 2333 1458 et
2354 1401 2712 1484 Ναυκραρικά.
2741 1448 2802 1461 .-
2830 1422 2907 1478 ²9
2930 1400 3019 1460 τὸν
3045 1426 3095 1461 κ.
3124 1401 3160 1474 ἢ
3181 1423 3296 1461 om.
3326 1403 3469 1463 Θ...
3502 1406 3567 1462 3ι

2045 1487 2215 1565 χρεῶν
2256 1486 2384 1544 Ald.
2421 1532 2485 1545 ...
2519 1489 2590 1545 33
2627 1490 2776 1569 ἠνεχ.
2823 1488 3088 1548 Dindors.
3125 1501 3184 1548 et
3225 1493 3370 1567 Reg.
3402 1510 3577 1563 2712,

2048 1574 2148 1647 qui
2176 1571 2351 1631 habet
2382 1573 2418 1631 1.
2447 1574 2646 1632 30-34.
2680 1575 3008 1652 Legebatm·
3032 1577 3171 1656 ἐνεχ.
3198 1622 3262 1635 ..
3287 1579 3360 1647 34
3395 1576 3504 1657 Ἀρ.
3523 1579 3578 1635 ἐν

2049 1656 2330 1730 Ἀθηναίων
2366 1660 2607 1742 πολιτεία
2635 1667 2971 1741 Harpocrat.
3005 1664 3154 1721 Hinc
3182 1666 3482 1742 sequentia
3510 1666 3582 1722 ad

2049 1754 2123 1817 47
2148 1765 2263 1804 om.
2286 1746 2356 1806 Θ.
2381 1791 2445 1803 .-
2483 1748 2556 1806 35
2589 1745 2807 1827 ἔχοντας
2830 1754 3002 1827 Han-p.
3030 1747 3241 1816 ἑλόντας
3262 1750 3390 1809 Ald.
3413 1794 3478 1806 -.
3506 1755 3581 1810 36

2047 1854 2229 1912 ναυκρ.
2255 1837 2433 1911 liat-p.
2457 1836 2637 1895 ναυκλ.
2658 1836 2783 1898 Ald.
2809 1835 2905 1894 bic
2927 1848 2983 1893 et
3000 1848 3088 1894 ter
3106 1836 3400 1915 deinceps.
3419 1883 3486 1896 ...
3507 1841 3578 1909 37

2048 1918 2164 1977 ἀντὶ
2202 1922 2304 1978 τῶν
2337 1933 2395 1979 et
2438 1924 2513 1997 39
2547 1921 2798 2005 πρότερον
2847 1927 3226 1982 HermannuS.
3255 1924 3383 1983 Ald.
3409 1927 3583 1983 αὐτῶν

2062 2048 2077 2063 .
2100 2046 2116 2063 .
2141 2049 2155 2063 .
2180 2048 2195 2063 .
2246 2007 2474 2087 πρῶτον.
2505 2053 2570 2065 ...
2608 2008 2683 2078 45
2715 2007 2961 2090 ἄρχοντες
3002 2022 3134 2088 post
3169 2010 3335 2088 δῆμον
3371 2012 3583 2070 lectum

2051 2092 2266 2151 delevit
2289 2097 2663 2153 Hermannus.
2687 2141 2747 2153 ..
2770 2106 2838 2169 47
2861 2094 3054 2165 παίζει.
3079 2141 3143 2153 ..
3166 2098 3241 2166 48
3269 2095 3447 2178 ψύλλα
3467 2117 3580 2157 om.

2048 2182 2115 2236 V.
2138 2180 2210 2243 ὥς
2226 2176 2399 2255 ἔλεγεν
2421 2181 2457 2250 ἡ
2486 2201 2536 2237 κ.
2561 2177 2646 2253 ἥὴ
2673 2183 2730 2262 ψ.
2757 2186 2823 2240 R.
2848 2183 2950 2260 qui
2973 2186 3272 2260 sequentia
3289 2183 3585 2243 omittit...

2053 2272 2148 2341 49,
2179 2265 2251 2322 5ο
2283 2264 2407 2342 δήμ.
2439 2265 2586 2346 παρὰ
2611 2274 2718 2332 τοῖς
2746 2266 3032 2339 Ἀθηναίοις
3063 2271 3111 2328 οἱ
3136 2268 3319 2350 πρώην
3349 2270 3585 2353 ναύκρα-

2053 2375 2132 2431 ροι
2158 2350 2492 2429 καλούμενοι,
2514 2344 2590 2419 οἷς
2608 2351 2726 2425 ἐξῆν
2746 2356 3091 2437 ἐνεχυριάζειν
3107 2362 3179 2416 V.
3194 2371 3253 2416 et
3268 2359 3433 2419 Suid.
3459 2359 3585 2438 δῆμ.

2050 2440 2100 2497 οἱ
2139 2436 2553 2518 ἕνεχυριάζοντες
2573 2438 2691 2507 τοὺς
2714 2443 2783 2502 Θ.
2804 2447 2871 2501 Iu
2898 2443 3009 2502 fine
3037 2444 3197 2502 δοῦκα
3225 2448 3373 2522 Reg.
3419 2447 3587 2506 1821.

2135 2526 2230 2598 38,
2255 2547 2279 2583 1
2306 2537 2366 2584 et
2395 2546 2427 2584 α
2454 2530 2522 2584 V.
2552 2528 2656 2600 sic,
2680 2534 3163 2609 κατακοιμηθῆναι,
3186 2530 3379 2612 κυρίως
3399 2530 3456 2590 δὲ
3480 2556 3588 2592 κα-

2050 2612 2321 2693 ταδαρθεῖν
2338 2612 2400 2672 τὸ
2424 2612 2512 2673 ἐπὶ
2534 2614 2583 2672 δ.
2606 2620 2939 2693 κοιμηθῆναι.
2965 2664 3028 2678 ...
3053 2617 3417 2700 παροξυτόνως
3435 2622 3506 2683 Θ.
3527 2668 3589 2681 ..-

2055 2709 2088 2769 4
2108 2708 2376 2778 κοιμᾶται.
2395 2700 2623 2762 Ἀττικοὶ
2649 2702 2706 2762 δὲ
2732 2703 3074 2786 παροξύνουσι
3091 2707 3436 2789 καταδαρθεῖν
3461 2710 3589 2788 [sic]

2053 2792 2120 2845 V.
2143 2786 2363 2870 ἄρχεται
2377 2790 2566 2848 ὕπνοῧν
2584 2792 2654 2850 Θ.
2677 2793 2794 2866 Qui
2816 2793 2967 2851 infra
2985 2793 3142 2852 addit
3159 2796 3274 2852 hoc
3294 2795 3587 2856 scholion:

2052 2874 2496 2951 κοιμηθήσεσθᾰι·
2531 2876 2808 2958 κυρίωςδὲ
2834 2878 2895 2939 τὸ
2933 2880 3021 2939 ἐπὶ
3064 2880 3337 2961 δερμάτων
3367 2887 3590 2942 κεῖσθαι.

2053 2960 2159 3041 δρῶ
2184 2960 2246 3020 τὸ
2267 2965 2540 3041 κοιμῶμαι
2565 2963 2656 3023 καὶ
2679 2965 2821 3026 κατὰ
2847 2967 3171 3047 παραγωγὴν
3195 2967 3389 3049 δρήθω·
3414 2970 3590 3030 δεύτε·

2055 3070 2140 3127 ρος
2167 3048 2406 3130 ἀόριστος
2431 3049 2646 3129 ἱδραθον
2683 3052 2772 3110 καὶ
2811 3052 2950 3113 κατὰ
2978 3055 3253 3133 μετάθεσιν
3276 3061 3382 3116 τῶν
3405 3081 3588 3140 γραμ-

2053 3135 2236 3213 μάτων
2260 3135 2474 3216 ἕδαρθον
2502 3137 2590 3197 καὶ
2613 3138 2675 3198 τὸ
2702 3138 3081 3223 ἀπαρέμφατον
3110 3142 3333 3223 δαρθεῖν.

2134 3223 2236 3295 41,
2274 3226 2342 3282 ιδ
2370 3224 2476 3283 ἰδία
2502 3223 2679 3307 τὸφεῦ
2707 3230 2778 3285 V.
2806 3274 2868 3286 ..
2895 3249 3001 3302 17,
3037 3231 3108 3287 18
3143 3232 3178 3300 ἡ
3206 3231 3411 3313 προξ.ἡ
3439 3253 3587 3312 προν.

2051 3310 2141 3370 τὸν
2168 3308 2335 3389 γάμον
2361 3316 2428 3371 R.
2449 3333 2640 3393 προμν.
2664 3311 2719 3372 δὲ
2741 3316 2860 3373 καλ.
2885 3319 2920 3386 ἡ
2944 3338 3113 3395 προν.,
3136 3315 3202 3388 ἣν
3221 3322 3312 3378 νῦν
3341 3317 3589 3402 προξενή-

2051 3421 2201 3479 τριαν
2227 3398 2383 3481 φησίν
2419 3398 2598 3480 (φασίν
2623 3401 2719 3479 G.)
2741 3406 2811 3459 V.

2133 3486 2208 3544 42
2245 3506 2358 3544 om.
2393 3488 2463 3548 Θ.
2490 3493 2559 3545 R.
2589 3488 2763 3547 habet
2790 3488 2905 3547 ἀντὶ
2928 3495 3021 3549 τοῦ
3044 3489 3316 3570 ἔχαύνωσε
3337 3494 3429 3553 καὶ
3452 3496 3587 3566 ἠπά-

2051 3597 2197 3646 τησε.
2225 3618 2289 3631 -
2314 3593 2384 3632 22
2408 3574 2676 3656 οἰκουργὸν
2694 3577 2996 3658 φάσκουσαν
3014 3584 3083 3635 V.
3104 3622 3121 3651 ‚
3148 3579 3251 3638 sed
3275 3595 3435 3640 recte
3465 3586 3586 3642 Sui-

2053 3661 2173 3718 das.
2190 3705 2254 3716 -.
2278 3661 2350 3717 23
2375 3658 2598 3737 ἐχούσης
2625 3662 2783 3722 Suid.
2801 3705 2819 3735 ,
2847 3665 2950 3741 qui
2981 3666 3151 3725 initio
3179 3667 3391 3727 scholii
3420 3672 3590 3748 γῆμαι

2053 3744 2293 3805 ἀνέπεισε
2315 3746 2490 3805 addit.

2137 3844 2232 3905 44,
2260 3837 2334 3893 3ο
2362 3854 2448 3910 sq.
2474 3834 2655 3917 ὥσπερ
2677 3828 3050 3899 αὗ-ἀοτικῶν
3078 3861 3194 3900 om.
3221 3848 3292 3901 V.
3310 3886 3373 3897 -.
3405 3844 3473 3902 3ι
3516 3838 3586 3905 αὖ

2052 3921 2256 3981 Suidas
2296 3942 2338 3980 s.
2387 3924 2687 4005 Εὐρωτιῶν.
2711 3915 2800 3984 οὖν
2842 3932 2936 3998 R.‚
2983 3931 3084 4007 qui
3110 3928 3172 3988 τὸ
3205 3927 3261 3989 δὲ
3289 3952 3408 3991 om.
3432 3967 3492 3978 —
3513 3936 3586 3993 33

2051 4009 2322 4087 κειμένου,
2342 4012 2412 4080 34
2435 4010 2615 4092 ὥσπερ
2635 4011 2942 4091 νοτιζόμενα
2957 4020 3050 4091 Θ.,
3075 4021 3350 4078 omittens
3367 4022 3466 4078 liu.
3493 4023 3587 4081 35.

435 4173 560 4231 δεῖν.
605 4169 850 4247 Ἀμυνίαν
889 4166 943 4228 δὲ
968 4168 1124 4227 αὐτὸν
1153 4158 1296 4226 εἶπεν
1324 4166 1439 4226 ἀντὶ
1472 4171 1564 4226 τοῦ
1596 4168 1831 4247 Ἀμινίαν
1857 4168 1966 4248 (διὰ
2083 4186 2100 4208 ’
2153 4182 2169 4208 ⁸

434 4265 585 4319 τοῦτο
621 4258 710 4318 καὶ
748 4254 989 4335 Ἀμυνίας
1028 4246 1170 4318 εἶπεν
1203 4257 1298 4316 οὐκ
1332 4255 1577 4331 Ἀμυνίαν
1603 4255 1731 4335 [sic]
1759 4258 1871 4336 Θ.).
1903 4301 1966 4315 .-

439 4348 509 4406 51
536 4345 796 4406 ἐκώλυσεν
817 4350 887 4404 G.

517 4445 590 4503 32
628 4442 805 4501 habet
840 4441 911 4501 Θ.
948 4440 1020 4504 εἰς
1053 4437 1288 4498 τούπίσω
1320 4480 1400 4494 -
1426 4438 1531 4499 ἀπὸ
1579 4445 1670 4501 τοῦ
1698 4440 1861 4510 ἂλίζω
1904 4442 1967 4502 τὸ

435 4528 771 4612 συναθροίζει).
795 4529 890 4587 οὐκ
912 4529 1191 4600 ἠλισθῆναι
1210 4527 1435 4599 ποιήσας
1449 4573 1466 4603 ,
1489 4527 1560 4595 ὥς
1576 4528 1712 4596 τινές
1729 4552 1876 4611 φασι.
1903 4574 1968 4588 .-

438 4632 504 4693 4,
534 4621 568 4679 5
592 4622 932 4688 Hermann„
973 4614 1379 4696 «ἀλινδήθρας»,
1414 4616 1481 4675 τὰ
1516 4618 1697 4695 ἐγκυλ.
1740 4617 1967 4676 Deinde

436 4705 653 4772 κυλίσας
677 4704 873 4783 posuit
901 4701 1274 4781 Dindorfius;
1305 4704 1493 4762 codex
1517 4706 1847 4776 κυλισθῆναι.

517 4803 589 4862 33
638 4802 698 4858 in
727 4802 796 4861 Θ.
827 4800 1028 4877 glossae
1045 4812 1177 4858 sunt
1199 4823 1212 4858 ι
1237 4797 1465 4868 ἰξίὸαλε.
1579 4799 1923 4881 πραγμάτων.

434 4887 554 4951 ἀλλ’
581 4876 631 4945 ὦ
654 4884 808 4963 μίλεε
838 4909 853 4944 :
886 4884 1014 4945 Ἀπὸ
1037 4891 1132 4944 τοῦ
1166 4888 1578 4969 ἀπαγορευτικοῦ
1615 4886 1969 4970 ἕπιρρήματος

2132 4359 2229 4431 45,
2256 4358 2333 4417 43
2365 4358 2533 4429 αὔξων
2562 4363 2653 4422 καὶ
2677 4364 2954 4436 πληθύνων
2979 4367 3186 4426 Suidas
3210 4390 3255 4429 s,
3288 4368 3584 4450 Ἀκόρητος.

2051 4484 2114 4495 -
2133 4445 2206 4514 44
2234 4445 2424 4525 κυρίως
2449 4446 2665 4527 λέγεται
2685 4472 2800 4511 om.
2826 4455 2896 4515 Θ.
2912 4485 2975 4498 -
2992 4457 3066 4524 45
3100 4456 3290 4514 ἔλαιῶν
3315 4458 3410 4516 hic
3431 4471 3487 4517 et
3508 4470 3586 4535 49

2052 4534 2124 4593 Θ.
2149 4534 2473 4613 Legebatur
2493 4537 2861 4620 περιπίσματα
2885 4541 2979 4599 hic
3004 4554 3061 4601 et
3088 4544 3285 4621 paullo
3309 4555 3460 4621 post.
3489 4567 3587 4603 πε-

2056 4619 2390 4704 ριπτύσματα
2410 4623 2502 4683 bis
2522 4628 2592 4687 Θ.
2614 4628 2775 4687 Idem
2800 4628 3007 4687 vitium
3030 4631 3256 4689 correxi
3280 4631 3338 4688 in
3360 4631 3585 4691 scholio

2053 4710 2248 4856 ῗὸςιέἰῑ.
2282 4710 2417 4769 803.
2459 4717 2721 4772 Dum.-
2761 4718 2837 4784 46
2877 4717 3142 4777 ἀνάπαλιν
3179 4738 3294 4777 om.
3332 4720 3485 4779 Θ.-
3508 4730 3582 4793 47

2198 4840 2212 4854 .
3213 4818 3239 4853 ε

2135 4883 2210 4942 46
2253 4884 2596 4948 ἔδιπλασίασε
2636 4887 2698 4947 τὸ
2739 4888 2908 4968 ὄνομα
2934 4910 2970 4949 a
2995 4911 3070 4950 m.
3112 4910 3221 4951 sec.
3267 4891 3445 4952 habet
3495 4899 3586 4967 V.,

2055 4993 2171 5032 om.
2202 4980 2271 5032 G.
2302 4974 2933 5056 εἰρωνευόμενος-αὐτὸς
2960 5001 3077 5040 om.
3113 4982 3212 5056 Θ.,
3255 4983 3359 5060 qui
3405 5002 3440 5039 α
3472 4982 3587 5042 διε-
