3859 5725
310 218 383 269 50
1424 207 1822 271 scfloLlA
1864 211 1959 273 IN
2010 211 2412 289 EQUITES.

304 359 390 403 τος
415 333 676 414 κορωνίς.]
700 332 759 393 τὸ
804 334 990 411 πνεῦμ’
1017 333 1235 394 ἔλαττον
1263 334 1467 416 γίνεται
1495 357 1510 396 z
1540 336 1781 415 ἐπέμεινε
1808 342 1875 418 τῇ
1966 341 2091 401 πίου
2142 343 2233 403 καὶ
2274 343 2576 427 Ἱππάρχου
2623 347 2816 431 μήτηρ.
2855 353 3115 434 Βυρσίνην
3136 345 3226 416 οὗν
3257 347 3405 420 εἶπεν
3427 363 3548 421 ἀντὶ

304 426 474 504 τροπῇ
502 426 608 481 τῶν
652 422 941 500 ὀνομάτων.
971 421 1000 481 ὃ
1042 421 1100 481 δὲ
1128 421 1270 501 λέγει
1287 470 1304 497 ,
1344 423 1575 484 τοιοῦτόν
1601 427 1760 485 ἐστιν·
1798 427 1879 485 ὅτι
1967 433 2061 488 τοῦ
2104 431 2394 512 Μυρρίνην,
2438 437 2510 501 ὡς
2548 437 2894 515 βυρσοπώλην
2939 440 3101 500 πάλιν
3138 448 3410 527 κωμῳδῶν
3453 449 3548 509 τὸν

304 511 682 591 ἐπιεικέστερος
710 510 861 571 ἔσται
885 511 978 570 καὶ
1009 510 1315 594 πραότερος.
1347 512 1528 571 λοιπον
1568 515 1671 596 γὰρ
1698 514 1876 588 ἐπειδὴ
1973 515 2215 579 Κλέωνα.
2249 520 2446 593 ταύτην
2484 526 2513 581 6
2539 522 2920 605 Πεισίστρατος
2944 528 3099 588 ὁπότε
3136 533 3437 614 κατήγαγεν
3474 538 3550 605 εἰς

301 600 504 682 φθάσας
532 589 675 659 εἶπεν
698 599 818 670 ἤτοι
836 597 1026 667 κακίας
1046 599 1139 658 καὶ
1155 600 1503 683 συκοφαντίας
1531 602 1686 661 αὐτὸν
1711 607 1879 677 πνεῖν,
1969 602 2184 676 Ἀθήνας
2228 607 2306 688 ἐφ’
2357 607 2612 691 ἅρματος,
2653 610 2880 693 ἔφασκεν
2930 614 3210 688 Ἀθηναίαν
3238 612 3371 680 εἶναι
3421 627 3546 703 βου-

244 713 269 749 a
301 686 388 749 διὰ
411 693 566 750 τοῦτο
608 687 774 748 πάλιν
803 686 1005 755 οἰκείως
1037 686 1254 747 ἔλαττον
1292 687 1484 769 ἔφησεν
1512 692 1673 749 αὐτοῦ
1701 690 1880 771 γίγνε-
1969 680 2498 768 λᾶμενῠς“τυραννῑῖν-
3577 724 3607 763 5

298 781 420 836 σθαι
446 776 508 836 τὸ
534 780 763 853 πνεῦμα.

2051 800 2153 841 ιω.
2197 781 2421 853 κόὸαλος
2456 776 2549 845 εἶτ
2587 788 2998 870 Προειρήκαμεν
3024 789 3105 852 ὅτι
3142 793 3262 864 τοὺς
3289 796 3424 875 μετὰ
3453 798 3546 869 ξύ-

377 884 480 926 442.
524 863 696 945 φεύξει
728 862 934 946 γραφὰς
987 883 1003 924 :
1046 863 1270 923 Διώκειν
1322 864 1417 923 καὶ
1463 864 1670 947 φεύγειν
1701 864 1880 943 ἔλεγον
1968 869 2063 926 λου
2089 868 2290 949 λῃστὰς
2322 870 2487 942 οὕτως
2511 874 2734 935 ἐκάλουν
2763 881 2812 938 οἱ
2838 880 3078 940 παλαιοί.

300 954 520 1014 ἐπὶτῶν
569 950 879 1033 κατηγόρων
908 950 1001 1010 καὶ
1028 954 1132 1010 τῶν
1170 952 1626 1032 ἀπολογουμένων.
1667 952 1880 1013 ἐδίωκον

302 1039 396 1119 μὲν
421 1038 525 1121 γὰρ
575 1040 624 1098 οἱ
661 1039 975 1120 κατήγοροι,
1019 1037 1233 1120 ἔφευγον
1283 1039 1339 1099 δὲ
1389 1044 1436 1100 οἱ
1480 1041 1881 1121 κατηγορούμε-

226 1147 273 1186 ιο
302 1151 398 1188 νοι.
453 1127 612 1209 φησὶν
662 1117 752 1186 οὗν
801 1126 883 1186 ὅτι
934 1126 1351 1209 κατηγορηθήσῃ
1398 1127 1547 1196 δίκας
1594 1133 1881 1189 ἑκατοντα-

301 1215 539 1283 λάντους.

383 1324 482 1365 445.
526 1307 588 1364 ἐκ
648 1295 754 1363 τῶν
803 1286 1087 1385 ἀλιτηρίων
1139 1323 1156 1365 :
1222 1307 1348 1365 Τῶν
1404 1303 1731 1385 μετεχόντων
1783 1311 1875 1364 τοῦ

302 1390 601 1454 Κυλωνείου
627 1390 959 1474 ἄγους,8περ
983 1393 1054 1460 εἷς
1083 1389 1181 1463 τὴν
1213 1391 1433 1465 Ἀθηνᾶν
1467 1393 1610 1452 δοκεῖ
1628 1390 1872 1472 γενέσθαι

306 1478 587 1558 ἀσέὸημα,
629 1477 915 1560 ἐπειδήπερ
955 1480 1005 1538 οἱ
1044 1478 1608 1558 συγκατακλεισθέντες
1644 1483 1720 1561 τῷ
1765 1479 1884 1542 Κύ-

224 1583 272 1621 m
305 1570 434 1627 λωνι
476 1570 530 1627 ἐν
570 1570 639 1647 τῇ
682 1566 964 1648 ἀκροπόλει
1003 1569 1075 1635 εἰς
1116 1566 1215 1638 τὴν
1258 1566 1429 1649 κρίσιν
1474 1566 1777 1641 κατέδησαν
1823 1570 1877 1627 ἐν

301 1654 485 1735 Ἀρείῳ
520 1653 708 1733 πάγω,
747 1655 808 1713 ἐκ
851 1659 947 1713 τοῦ
973 1653 1120 1722 ἕδους
1146 1658 1242 1727 τῆς
1281 1659 1397 1715 θεοῦ
1439 1653 1724 1738 ἐξάψαντες
1776 1654 1875 1727 τὴν

304 1741 599 1823 ἱκετηρίαν.
638 1715 701 1814 ἧς
730 1742 1099 1823 διαρρυείοης,
1133 1741 1294 1811 λίθοις
1345 1741 1533 1810 αὖτοὺς
1576 1742 1805 1803 ἐὸαλλον
1833 1745 1882 1802 οἱ

241 1830 590 1903 ΑἈθηναῖοι.
618 1828 900 1911 ἀλιτηρίων
924 1830 1010 1904 δὲ,
1031 1830 1148 1890 ἀντὶ
1167 1834 1259 1889 τοῦ
1283 1831 1503 1910 ἐναγῶν.

384 1915 667 1997 ἀλιτηρίων
712 1937 727 1978 :
758 1920 884 1978 Τῶν
925 1916 1347 2000 ἁμαρτησάντων
1389 1921 1461 1985 εἰς
1485 1917 1727 1990 Ἀθηνᾶν.
1770 1916 1883 1979 Κύ-

222 2025 275 2064 20
304 2010 410 2065 λων
452 2005 556 2086 γὰρ
599 2006 869 2078 Ἀθηναῖος
915 2005 1070 2088 ἀνὴρ,
1113 2004 1392 2087 Μεγαρίδα
1441 2006 1666 2083 γυναῖκα
1706 2006 1884 2086 γήμας

303 2091 597 2172 Θεαγένους
642 2089 939 2172 θυγατέρα,
984 2090 1149 2151 θέλων
1198 2094 1488 2172 τυραννεῖν,
1529 2090 1691 2152 ἐλαὸε
1739 2115 1882 2178 χρη-

305 2180 441 2259 σμὸν
463 2183 528 2259 τῇ
559 2178 765 2258 μεγάλῃ
791 2181 945 2259 ἑορτῇ
987 2183 1079 2237 τοῦ
1107 2178 1231 2247 Διὸς
1279 2178 1550 2238 ἐπιθέσθαι
1587 2183 1654 2260 τῇ
1702 2180 1875 2241 πόλει.

305 2270 359 2325 ἐν
412 2264 687 2346 Ὀλυμπίᾳ
738 2263 795 2324 δὲ
847 2263 1178 2343 ἐπιθέμενος,
1230 2265 1456 2344 νομίζων
1506 2266 1710 2339 ταύτην
1740 2256 1872 2328 εἶναι

306 2353 544 2433 μεγάλην
570 2352 776 2435 ἑορτὴν,
804 2352 1025 2431 δύναμιν
1051 2351 1373 2434 προσλαὸὼν
1389 2353 1536 2436 παρὰ
1558 2352 1882 2434 Θεαγένους,

226 2472 278 2510 25
307 2442 381 2520 μὴ
409 2440 560 2520 γνοὺς
591 2440 671 2499 ὅτι
712 2438 781 2499 τὰ
803 2438 997 2500 Διάσια
1020 2430 1085 2512 ἦν
1118 2445 1153 2512 ἢ
1184 2439 1391 2519 μεγάλη
1426 2439 1615 2524 ἑορτὴ,
1649 2441 1882 2502 ἐπελθὼν

305 2535 370 2610 τῇ
400 2527 685 2610 ἀκροπόλει
715 2527 967 2607 ἐλῄστευε
1010 2526 1102 2586 καὶ
1130 2526 1422 2587 ἁλίσκεται.
1452 2527 1652 2610 ἐλήφθη
1687 2528 1743 2588 δὲ
1785 2552 1879 2588 συ-

304 2622 418 2678 λῶν
444 2617 506 2676 τὸ
559 2615 697 2697 ἱερὸν
746 2620 841 2687 τῆς
863 2614 1106 2687 Ἀθηνᾶς.
1148 2614 1240 2674 καὶ
1269 2615 1424 2684 αὐτὸς
1468 2615 1566 2694 μὲν
1611 2619 1641 2675 6
1686 2616 1880 2678 Κύλων

309 2705 525 2788 φεύγει,
554 2703 671 2771 τοὺς
708 2701 763 2762 δὲ
788 2701 977 2769 ἄλλους
1003 2701 1304 2783 φονεύουσι,
1333 2702 1479 2771 τινὰς
1506 2703 1562 2762 δὲ
1590 2703 1681 2764 καὶ
1706 2702 1882 2771 ἱκέτας

304 2796 369 2851 ἐκ
398 2796 503 2852 τῶν
550 2793 744 2872 βωμῶν
797 2789 1202 2857 ἀποσπάσαντες
1242 2788 1575 2852 ἀπέκτειναν.
1629 2790 1747 2859 τοὺς
1791 2783 1880 2851 οῦν

219 2907 274 2946 εο
303 2880 697 2962 ἁμαρτάνοντας
756 2881 828 2947 εἷς
874 2877 993 2946 τοὺς
1045 2877 1222 2946 ἱκέτας
1270 2879 1568 2961 ἀλιτηρίους
1630 2879 1878 2963 ἔφασκον.

300 2968 386 3037 οὒς
435 2969 526 3028 καὶ
564 2966 808 3037 ἐξέὸαλον
844 2971 938 3038 τῆς
979 2965 1209 3041 πόλεως,
1253 2965 1336 3027 ὅτι
1377 2968 1437 3026 ἐκ
1483 2971 1588 3026 τῶν
1640 2968 1879 3050 ἀρχαίων

301 3058 472 3134 νόμων
500 3054 813 3136 παρέὸησαν
841 3052 960 3122 τοὺς
993 3054 1168 3123 ἱκέτας
1206 3052 1570 3137 φονεύσαντες.
1655 3052 1877 3125 Ἄλλως.

300 3143 492 3206 Κύλων
524 3144 620 3215 τὴν
652 3141 936 3224 ἀκρόπολιν
966 3141 1260 3203 κατέλαὸεν
1302 3142 1391 3202 ἐπὶ
1429 3145 1694 3225 τυραννίδι
1712 3190 1729 3223 ,
1788 3147 1881 3206 καὶ

302 3232 501 3312 ἐλήφθη
527 3228 655 3290 ποτὲ
670 3232 841 3290 συλῶν
861 3230 921 3289 τὸ
943 3230 1084 3312 ἱερὸν
1103 3235 1198 3303 τῆς
1219 3231 1470 3305 Ἀθηνᾶς,
1494 3232 1587 3290 καὶ
1613 3232 1715 3292 ὑπὸ
1735 3229 1883 3306 Ἀθη-

222 3349 274 3388 aa
302 3323 459 3385 ναίων
485 3322 747 3395 ἐκλείσθη.
787 3322 879 3382 καὶ
907 3322 1068 3391 οὕτως
1096 3326 1288 3390 ἐκεῖνος
1316 3322 1479 3404 εὑρὼν
1510 3324 1710 3407 καιρὸν,
1739 3330 1879 3406 φυγῇ

299 3410 596 3492 ἐχρήσατο,
626 3409 718 3468 καὶ
763 3412 811 3468 οἱ
856 3408 996 3491 φίλοι
1024 3408 1213 3491 ἔφυγον
1251 3411 1325 3477 εἰς
1370 3415 1490 3478 τοῦς
1533 3409 1741 3490 βωμοὺς
1774 3415 1879 3472 τῶν

299 3503 446 3570 θεῶν,
493 3497 580 3565 οὒς
615 3489 758 3556 οὗτοι
798 3496 1202 3565 ἀποσπάσαντες
1238 3496 1576 3577 ἀπέκτειναν,
1614 3497 1728 3558 ὅθεν
1754 3501 1878 3558 ἀλι-

300 3584 470 3665 τήριοι
501 3582 816 3655 ἐκλήθησαν.

379 3691 481 3733 ⁴48.
525 3674 574 3731 οἱ
624 3670 958 3751 περιέποντες
996 3668 1089 3729 καὶ
1127 3673 1466 3752 φρουροῦντες
1525 3668 1647 3738 τοὺς
1693 3670 1879 3753 τυράν-

226 3786 278 3826 ⁴0
303 3783 439 3826 νους.
472 3756 634 3819 θέλων
663 3756 767 3840 γὰρ
802 3766 1071 3840 τυραννεῖν
1119 3757 1436 3839 δορυφόρους
1484 3746 1626 3836 εἶχεν
1667 3757 1874 3829 αὐτούς.

302 3855 424 3903 ven.

383 3953 482 3994 no.
523 3935 628 3992 τῶν
658 3930 918 4014 Βυρσίνης
960 3952 977 3993 t
1007 3930 1240 4003 Ἔπαιξε
1276 3930 1422 4015 παρὸ
1458 3932 1521 3992 τὸ
1552 3933 1877 4016 βυρσοδέψην

304 4012 437 4081 εἶναι
473 4020 560 4082 τὸν
607 4020 863 4094 Κλέωνα,
894 4021 988 4079 καὶ
1018 4019 1168 4103 παρὰ
1206 4021 1269 4080 τὸ
1308 4020 1563 4103 τυράννου
1590 4020 1757 4100 ὄνομα
1784 4030 1877 4084 τοῦ

304 4108 547 4187 Ἱππίου,
591 4100 737 4191 ᾧπερ
776 4113 854 4191 τῷ
899 4108 1119 4187 ὀνόματι
1161 4114 1255 4168 τοῦ
1297 4108 1506 4170 Ἱππίου
1545 4109 1878 4191 περιεργότε-

222 4226 274 4265 ⁴5
305 4221 390 4280 ρον
424 4197 707 4279 ἐχρήσατο.
739 4197 894 4268 δῆλον
934 4195 1030 4275 μὲν
1072 4195 1175 4277 γὰρ
1211 4195 1301 4257 καὶ
1330 4199 1391 4257 ἐκ
1424 4199 1530 4255 τῶν
1552 4198 1877 4278 προειρημέ-

302 4307 423 4357 νων,
457 4288 557 4366 οὗχ
582 4284 777 4356 ἥκιστα
824 4282 881 4343 δὲ
911 4283 1003 4344 καὶ
1032 4282 1138 4342 ἀπὸ
1176 4284 1395 4357 τούτων,
1435 4282 1516 4342 ὅτι
1559 4282 1635 4361 μὴ
1664 4284 1819 4352 αὐτὸς
1848 4290 1877 4344 6

309 4371 521 4440 Ἱππίας
568 4370 865 4444 κατέστησε
911 4370 1010 4445 τὴν
1059 4371 1367 4449 τυραννίδα,
1407 4368 1546 4430 ἀλλὰ
1591 4370 1740 4450 παρὰ
1784 4377 1876 4431 τοῦ

307 4459 501 4541 πατρὸς
542 4460 654 4537 ἅμα
680 4466 790 4526 τοῖς
829 4460 1071 4541 ἀδελφοῖς
1113 4457 1385 4539 παρέλαὸε
1422 4462 1515 4517 τοῦ
1553 4458 1879 4540 Πεισιστρά-

304 4571 414 4608 του.
450 4539 510 4607 οἷ
535 4547 745 4615 πάντως
773 4544 838 4606 ἂν
862 4546 1269 4624 ἐμνημόνευσεν,
1296 4548 1342 4604 εἰ
1371 4543 1447 4621 μὴ
1474 4542 1874 4630 χρησιμώτερον

226 4660 278 4701 oo
304 4636 366 4696 τὸ
387 4633 553 4712 ὄνομα
579 4640 673 4693 τοῦ
693 4634 904 4695 Ἱππίου
926 4633 1056 4716 πρὸς
1077 4632 1140 4692 τὸ
1171 4632 1403 4715 συνάψαι
1429 4636 1496 4712 τῇ
1526 4632 1756 4715 Βυρσίνῃ
1786 4659 1878 4694 κα-

303 4722 592 4804 τεφαίνετο.
623 4724 719 4782 οὔκ
747 4721 940 4795 ἄδηλόν
974 4723 1086 4781 ἐστι
1118 4726 1208 4781 τοῦ
1240 4718 1478 4788 Κλέωνος
1504 4719 1878 4791 διαὸάλλοντος

305 4809 464 4870 αὐτὸν
506 4813 578 4877 ὡς
621 4814 727 4870 τῶν
773 4809 1054 4892 ἀλιτηρίων
1083 4808 1379 4889 γεγονέναι,
1428 4813 1533 4869 τῶν
1580 4810 1877 4869 ἐπιὸουλευ·

306 4898 509 4958 σάντων
559 4902 626 4978 τῇ
668 4895 820 4955 πόλει
864 4897 957 4956 καὶ
999 4898 1105 4964 τοῖς
1143 4895 1413 4977 τυράννοις
1479 4894 1873 4975 συναραμένων.

304 4985 522 5053 Ἄλλως.
550 4984 935 5066 Πεισιστράτου
969 4983 1098 5063 γυνὴ
1135 4982 1343 5063 γέγονεν
1370 4989 1404 5056 ἡ
1439 4982 1680 5065 Μυρρίνη
1700 5030 1716 5057 ,
1755 4983 1872 5045 Ἱπ-

2061 983 2160 1026 ⁴51.
2219 965 2298 1026 tob
2341 987 2359 1029 t
2413 972 2588 1031 Τοῦτο
2629 976 3027 1057 παρεπιγραφή.
3073 977 3396 1058 τυπτόμενον
3441 980 3547 1063 γὰρ

1971 1051 2323 1134 ὑποκρίνεται.
2346 1089 2429 1102 -
2451 1060 2848 1139 σχετλιαστικὸν
2869 1059 2924 1120 δὲ
2943 1061 3006 1121 τὸ
3031 1065 3202 1145 ῥῆμα.
3231 1077 3294 1126 V.

2049 1168 2148 1210 ⁴52.
2191 1150 2486 1233 ξυνωμόται
2525 1174 2540 1216 :
2581 1159 2654 1218 Οἱ
2680 1157 2969 1239 ἀντάρται,
3008 1163 3058 1220 οἱ
3077 1163 3357 1244 προδόται,
3388 1166 3438 1225 οἳ
3474 1165 3543 1225 τὰ
3577 1198 3638 1236 10

1971 1235 2107 1296 αὐτὰ
2141 1241 2260 1299 κατ’
2285 1243 2416 1320 ἐμοῦ
2439 1243 2742 1322 συνθέμενοι
2774 1252 2997 1329 φρονεῖν.

2051 1353 2155 1395 453.
2194 1336 2311 1395 παῖ’
2352 1339 2510 1399 αὐτὸν
2550 1360 2567 1401 t
2617 1340 2813 1402 ’Ῑστέον
2849 1341 2930 1403 ὅτι
2979 1348 3009 1404 6
3052 1346 3210 1428 χορὸς
3251 1353 3423 1408 ταῦτα
3467 1355 3548 1433 τῷ

1975 1422 2360 1506 ἀλλαντοπώλῃ
2424 1427 2867 1509 παρακελεύεται.
2919 1431 3140 1502 ἀστείως
3189 1433 3245 1494 δὲ
3300 1434 3389 1495 διὰ
3444 1435 3545 1511 τὴν

1972 1506 2171 1568 ἐκείνου
2212 1510 2405 1592 τέχνην
2434 1513 2508 1582 είς
2545 1539 2601 1574 τε
2629 1514 2699 1575 τὰ
2735 1515 2918 1597 ἔντερα
2953 1518 3045 1578 καὶ
3079 1519 3171 1580 τὸν
3197 1521 3350 1582 κόλον
3381 1523 3545 1583 αὖτὸν

1970 1595 2187 1656 τύπτειν
2215 1599 2434 1659 κελεύει.
2461 1600 2695 1680 μάλιστα
2716 1602 2821 1687 γὰρ
2848 1609 2882 1678 ἡ
2906 1608 3012 1666 τῶν
3038 1608 3462 1670 ἀλλαντοπωλῶν
3484 1613 3546 1671 ἐκ
3581 1644 3636 1684 15

1971 1681 2172 1743 τούτων
2202 1686 2492 1760 συνέστηκε
2518 1688 2701 1770 τέχνη.
3208 1721 3220 1733 ·

2052 1800 2152 1842 σω.
2196 1785 2331 1865 κολᾷ
2371 1784 2460 1844 τὸν
2503 1785 2669 1869 ἄνδρα
2699 1806 2716 1847 t
2756 1787 3042 1858 Κολούσεις
3065 1789 3161 1850 καὶ
3198 1789 3418 1860 παύσεις
3445 1793 3544 1854 καὶ

1972 1867 2330 1938 ταπεινώσεις.
2361 1870 2470 1930 ἀπὸ
2498 1872 2554 1932 δὲ
2586 1877 2678 1933 τοῦ
2718 1873 2875 1935 κόλου
2903 1877 2994 1936 καὶ
3023 1878 3243 1961 ἐντέρων
3279 1879 3378 1952 τὴν
3404 1879 3550 1951 λέξιν

1971 1953 2232 2027 ἐποίησεν.
2253 1956 2382 2025 ἴσως
2403 1956 2459 2017 δὲ
2480 1958 2571 2018 καὶ
2595 1958 2749 2020 αὐτὸν
2773 1958 3074 2025 τύπτουσιν.

2050 2072 2148 2113 457.
2167 2042 2237 2133 [ῶ
2262 2054 2639 2133 γεννικώτατον
2667 2078 2684 2119 :
2715 2059 3103 2144 Ἰσχυρότατον.
3139 2065 3344 2136 παίζων
3388 2068 3545 2151 κρέας
3576 2102 3640 2142 20

1971 2139 2130 2199 αὐτὸν
2156 2141 2330 2220 λέγει,
2364 2146 2425 2202 ἐκ
2458 2156 2758 2229 μεταφορᾶς
2789 2152 2894 2209 τῶν
2923 2151 3154 2234 ἰσχυρῶν
3185 2157 3372 2236 κρεῶν,
3409 2154 3446 2213 ἃ
3481 2159 3543 2219 οὔ

1970 2228 2346 2310 κατεργάζεται
2372 2232 2545 2314 πυρί.]
3323 2257 3328 2264 ’

2049 2342 2146 2383 45⁹.
2189 2324 2284 2402 [ὡς
2311 2318 2371 2385 εὗ
2413 2346 2430 2386 :
2464 2327 2812 2401 Ἐπιτηδείως
2848 2332 3006 2396 αὐτὸν
3049 2333 3141 2397 καί
3181 2340 3420 2409 ὑπούλως
3459 2340 3549 2401 διὰ

1969 2412 2074 2469 τῶν
2094 2410 2267 2489 λόγων
2298 2413 2542 2487 ἐνίκησας
2566 2421 2674 2477 τῶν
2697 2421 2850 2500 σῶν.]

2049 2527 2147 2570 462.
2191 2510 2315 2568 ἀλλ’
2360 2512 2669 2588 ἠπιστάμην
2705 2536 2721 2577 ε
2770 2516 3006 2600 Ὕψηλὸς
3048 2521 3121 2581 ὢν
3166 2521 3259 2582 καὶ
3302 2525 3536 2606 μεγαλό-
3569 2550 3636 2588 25

1971 2617 2137 2676 φωνος
2158 2601 2189 2656 6
2219 2597 2404 2658 Κλέων
2428 2600 2780 2683 πολυτρόποις
2804 2606 2977 2686 λόγοις
3003 2608 3279 2690 κέχρηται.

2048 2712 2152 2755 463.
2196 2691 2539 2777 γομφούμενα
2598 2717 2615 2757 t
2675 2700 3046 2781 Σφηνούμενα.
3094 2703 3289 2788 γόμφοι
3337 2706 3441 2790 γὰρ
3491 2713 3540 2771 οἱ

1972 2785 2160 2863 σφῆνες
2187 2786 2235 2841 οἱ
2260 2783 2577 2865 συνείροντες
2601 2782 2694 2854 τὰς
2722 2787 2937 2858 σανίδας
2968 2791 3059 2850 καὶ
3097 2802 3543 2876 συναρμονιῶντες

1970 2871 2063 2929 καὶ
2090 2871 2414 2952 συνέχοντες.
2835 2915 2843 2923 -

2047 2976 2147 3020 εει.
2191 2959 2247 3029 ἐξ
2293 2959 2628 3041 ἁμαξουργοῦ
2673 2982 2689 3025 :
2733 2963 3112 3045 Ἁμαξουργοὺς
3153 2968 3380 3031 Ἀττικοὶ
3420 2972 3538 3042 τοὺς
3566 3004 3632 3047 ³0

1970 3046 2339 3128 ἀγριοπηγούς.
2384 3040 2518 3118 εἶδος
2566 3049 2623 3109 δὲ
2671 3053 2985 3134 ἀγριοπηγοὶ
3026 3056 3309 3131 τεκτόνων,
3351 3058 3404 3118 οἳ
3452 3060 3546 3130 τὰς

1970 3132 2177 3211 ἁμάξας
2218 3134 2546 3196 τεκταίνουσι
2586 3139 2677 3198 καὶ
2717 3139 2929 3199 πάντων
2974 3145 3081 3202 τῶν
3132 3145 3328 3227 ἀγρίων
3378 3145 3544 3216 ξύλων

1969 3219 2099 3283 εἰσὶν
2129 3220 2365 3303 ἐργάται.
2397 3223 2576 3297 ἐπειδὴ
2608 3223 2662 3284 δὲ
2695 3229 2722 3284 6
2753 3226 2938 3287 Κλέων
2973 3240 3287 3301 τεκτονικοῖς
3315 3234 3541 3314 ὀνόμασι

1968 3317 2132 3367 πᾶσιν
2156 3309 2421 3390 ἐχρήσατο
2436 3356 2453 3384 ,
2473 3312 2850 3392 τεκταινόμενα
2876 3314 3037 3375 εἰπὼν
3060 3317 3152 3377 καὶ
3176 3321 3537 3401 γομφούμενα,

1968 3400 1997 3455 6
2025 3397 2081 3456 δὲ
2115 3397 2526 3473 ἀλλαντοπώλης
2567 3399 2714 3460 οὐδὲν
2760 3402 2866 3462 ἀπὸ
2899 3409 3201 3479 τεκτονικῆς
3236 3411 3475 3493 ἀπαντᾷ,
3508 3417 3537 3472 6
3565 3438 3626 3481 3⁶

1968 3484 2123 3566 χορὸς
2145 3483 2328 3567 ὥσπερ
2357 3486 2493 3547 δέδιε
2522 3488 2597 3566 μὴ
2637 3482 2794 3562 ἦττον
2823 3491 3178 3572 ἀπενίγκηται
3217 3502 3309 3556 τοῦ
3350 3498 3539 3559 Κλέω-

1966 3595 2081 3646 νος,
2126 3573 2222 3632 καὶ
2264 3575 2526 3655 ἀσχάλλει
2560 3578 2653 3637 καὶ
2686 3579 2963 3662 δυσφορεῖ,
3001 3580 3081 3641 ὅτι
3108 3582 3256 3643 abab
3290 3587 3541 3662 ἀντέθηκε

1966 3666 2197 3720 τοιοῦτον
2223 3666 2390 3744 ῥῆμα.

2047 3767 2144 3808 ωε.
2193 3747 2379 3809 οὔκουν
2417 3750 2478 3826 μ’
2501 3752 2555 3811 ἐν
2595 3749 2774 3834 Ἄργει
2804 3773 2819 3814 :
2862 3752 3027 3836 Παρὰ
3053 3754 3143 3815 τὸν
3179 3756 3410 3837 πόλεμον
3437 3760 3537 3821 -τὸν

1969 3836 2492 3917 Πελοποννησιακὸν,
2533 3838 2706 3899 καίτοι
2730 3838 2983 3924 πρότερον
3027 3844 3204 3925 ἐχθροὶ
3247 3845 3390 3914 ὄντες
3426 3852 3536 3917 τοῖς
3563 3873 3624 3915 ιο

1968 3922 2223 4005 Ἀργείοις
2264 3928 2312 3984 οἱ
2358 3926 2618 4000 Ἀθηναῖοι
2657 3926 2746 3986 διὰ
2783 3927 2882 4002 τὴν
2921 3928 3052 4011 πρὸς
3093 3933 3538 4012 Λακεδαιμονίους

1968 4011 2271 4091 ἀπέχθειαν,
2293 4011 2475 4081 ἔδοξαν
2504 4015 2678 4082 αὐτοῖς
2703 4013 2943 4094 γενέσθαι
2970 4016 3129 4100 φίλοι.
3152 4019 3309 4100 φησὶν
3338 4012 3428 4081 οῦν
3453 4022 3536 4082 δτι

1970 4098 2152 4160 Κλέων
2199 4099 2290 4160 ἐπὶ
2338 4099 2513 4180 βλάὸῃ
2541 4105 2634 4174 τῆς
2679 4102 2883 4171 πόλεως
2920 4102 3015 4175 τὴν
3063 4105 3307 4188 Ἀργείων
3359 4110 3536 4192 φιλίαν

1964 4185 2226 4268 προξενῶν
2265 4190 2325 4246 οὗ
2353 4188 2596 4247 λανθάνει
2643 4213 2709 4268 με
2742 4190 3058 4252 σπείσασθαι
3096 4194 3228 4275 πρὸς
3259 4195 3376 4262 τοὺς
3413 4196 3535 4279 Ἀρ-

1964 4274 2132 4352 γείους
2158 4273 2352 4334 πείθων
2364 4274 2463 4347 τὴν
2481 4276 2651 4350 πόλιν,
2678 4278 2978 4359 παρρησίαν
2999 4282 3070 4348 εἷς
3099 4280 3163 4339 τὸ
3189 4282 3533 4363 συγγενέσθαι
3561 4319 3615 4362 ⁴5

1963 4363 2072 4430 τοῖς
2099 4361 2535 4441 Λακεδαιμονίοις
2559 4367 2729 4447 ἑαυτῷ
2749 4364 3197 4446 περιποιούμενος.

2044 4478 2142 4520 468.
2185 4459 2277 4519 καὶ
2303 4457 2453 4519 ταῦτ’
2472 4461 2551 4541 ἐφ’
2577 4451 2706 4519 οἶσιν
2734 4461 2846 4521 ἐστὶ
2870 4462 3264 4545 συμφυσώμενα
3288 4484 3304 4527 :
3332 4467 3539 4545 [Καταο

1966 4545 2373 4626 σκευαζόμενα.]
2395 4547 2485 4605 ἐπὶ
2510 4546 2609 4606 τίνι
2636 4548 2960 4624 συμπνέουσι
2983 4549 3074 4610 καὶ
3102 4554 3478 4634 ὁμοφρονοῦσιν
3506 4555 3541 4617 8

1962 4658 2022 4694 τε
2067 4634 2253 4696 Κλέων
2302 4634 2397 4693 καὶ
2445 4637 2495 4695 οἱ
2543 4635 2946 4713 Λακεδαιμόνιοι
2964 4682 2983 4716 ,
3030 4637 3187 4719 φησὶν
3237 4639 3393 4709 αὐτὸς
3435 4644 3532 4703 οὐκ

1965 4725 2190 4802 ἀγνοεῖν.
2227 4721 2343 4781 ἐπεὶ
2385 4720 2443 4782 δὲ
2468 4725 2498 4781 6
2541 4721 2723 4782 Κλέων
2762 4731 3074 4793 τεκτονικοῖς
3107 4748 3243 4784 τισιν
3280 4727 3530 4805 ὀνόμασιν
3564 4760 3619 4799 50

1965 4806 2232 4889 ἐχρήσατο
2247 4853 2263 4881 ,
2295 4808 2458 4869 πάλιν
2500 4799 2646 4877 οὗτος
2690 4815 2885 4890 χρῆται
2935 4813 3320 4893 χαλκευτικοῖς.
3355 4815 3534 4895 φυσώ-

1965 4919 2096 4974 μενα
2132 4894 2187 4955 δὲ
2227 4887 2343 4956 εἶπε
2371 4896 2459 4956 διὰ
2507 4896 2601 4966 τὰς
2641 4896 2809 4979 φύσας
2836 4897 2931 4967 τὰς
2969 4900 3347 4980 χαλκευτικάς.
3385 4902 3448 4961 τὸ
3475 4903 3532 4962 δὲ

1961 4983 2282 5065 χαλκεύεται
2301 4988 2374 5052 ὣς
2390 4983 2522 5067 πρὸς
2541 4983 2636 5050 τὰς
2655 4985 2820 5067 φύσας
2844 4977 3007 5050 εἶπεν.
3037 4987 3149 5049 ἔστι
3170 4987 3224 5049 δὲ
3246 4987 3425 5068 ὅμοιον
3451 4993 3533 5073 τῷ
