<?xml version="1.0" encoding="UTF-8"?>
<!DOCTYPE html PUBLIC "-//W3C//DTD XHTML 1.0 Transitional//EN"
    "http://www.w3.org/TR/xhtml1/DTD/xhtml1-transitional.dtd">
<html xmlns="http://www.w3.org/1999/xhtml" xml:lang="en" lang="en">
 <head>
  <title>
</title>
<meta http-equiv="Content-Type" content="text/html;charset=utf-8" />
  <meta name='ocr-system' content='tesseract 3.04.00' />
  <meta name='ocr-capabilities' content='ocr_page ocr_carea ocr_par ocr_line ocrx_word'/>
</head>
<body>
  <div class='ocr_page' id='page_1' title='image "./scholiagraecain02dbgoog_0568.png"; bbox 0 0 3859 5725; ppageno 0'>
   <div class='ocr_carea' id='block_1_1' title="bbox 427 280 541 335">
    <p class='ocr_par' dir='ltr' id='par_1_1' title="bbox 427 280 541 335">
     <span class='ocr_line' id='line_1_1' title="bbox 427 280 541 335; baseline 0.044 -5"><span class='ocrx_word' id='word_1_1' title='bbox 427 280 541 335; x_wconf 72' lang='lat'>⁵04</span> 
     </span>
    </p>
   </div>
   <div class='ocr_carea' id='block_1_2' title="bbox 1539 258 2416 325">
    <p class='ocr_par' dir='ltr' id='par_1_2' title="bbox 1539 258 2416 325">
     <span class='ocr_line' id='line_1_2' title="bbox 1539 258 2416 325; baseline -0.002 -2"><span class='ocrx_word' id='word_1_2' title='bbox 1539 260 1990 325; x_wconf 79' lang='lat' dir='ltr'><strong>ADNOTATIO</strong></span> <span class='ocrx_word' id='word_1_3' title='bbox 2029 259 2114 320; x_wconf 84' lang='lat' dir='ltr'>IN</span> <span class='ocrx_word' id='word_1_4' title='bbox 2152 258 2416 323; x_wconf 72' lang='lat' dir='ltr'>scum..</span> 
     </span>
    </p>
   </div>
   <div class='ocr_carea' id='block_1_3' title="bbox 499 375 3585 474">
    <p class='ocr_par' dir='ltr' id='par_1_3' title="bbox 499 375 3585 474">
     <span class='ocr_line' id='line_1_3' title="bbox 499 375 3585 474; baseline 0.002 -21"><span class='ocrx_word' id='word_1_5' title='bbox 499 396 615 469; x_wconf 88' lang='grc'>746</span> <span class='ocrx_word' id='word_1_6' title='bbox 646 396 717 462; x_wconf 78' lang='grc' dir='ltr'>ὣς</span> <span class='ocrx_word' id='word_1_7' title='bbox 749 414 823 454; x_wconf 86' lang='lat' dir='ltr'>ex</span> <span class='ocrx_word' id='word_1_8' title='bbox 851 399 926 454; x_wconf 87' lang='lat' dir='ltr'>R.</span> <span class='ocrx_word' id='word_1_9' title='bbox 956 392 1240 453; x_wconf 82' lang='lat' dir='ltr'><strong>additum.</strong></span> <span class='ocrx_word' id='word_1_10' title='bbox 1263 392 1567 471; x_wconf 81' lang='lat' dir='ltr'><strong>Sequentis</strong></span> <span class='ocrx_word' id='word_1_11' title='bbox 1589 391 1795 450; x_wconf 87' lang='lat' dir='ltr'><strong>scholii</strong></span> <span class='ocrx_word' id='word_1_12' title='bbox 1815 392 1954 450; x_wconf 89' lang='lat' dir='ltr'><strong>lem·</strong></span> <span class='ocrx_word' id='word_1_13' title='bbox 2007 375 2138 448; x_wconf 49' lang='lat' dir='ltr'>&#39;das</span> <span class='ocrx_word' id='word_1_14' title='bbox 2166 410 2210 450; x_wconf 78' lang='lat' dir='ltr'>s.</span> <span class='ocrx_word' id='word_1_15' title='bbox 2235 389 2446 473; x_wconf 82' lang='grc' dir='ltr'>Ἀπορρ.</span> <span class='ocrx_word' id='word_1_16' title='bbox 2475 390 2869 470; x_wconf 77' lang='grc' dir='ltr'>ἠσφαλισμένας</span> <span class='ocrx_word' id='word_1_17' title='bbox 2902 398 3205 453; x_wconf 79' lang='lat' dir='ltr'><strong>Kusterus.</strong></span> <span class='ocrx_word' id='word_1_18' title='bbox 3243 395 3585 474; x_wconf 63' lang='lat' dir='ltr'><strong>Legebamu-</strong></span> 
     </span>
    </p>
   </div>
   <div class='ocr_carea' id='block_1_4' title="bbox 422 482 1963 2140">
    <p class='ocr_par' dir='ltr' id='par_1_4' title="bbox 422 482 1052 561">
     <span class='ocr_line' id='line_1_4' title="bbox 422 482 1052 561; baseline -0.006 -17"><span class='ocrx_word' id='word_1_19' title='bbox 422 504 513 544; x_wconf 75' lang='lat' dir='ltr'>ma</span> <span class='ocrx_word' id='word_1_20' title='bbox 535 497 623 543; x_wconf 87' lang='lat' dir='ltr'>est</span> <span class='ocrx_word' id='word_1_21' title='bbox 647 482 701 542; x_wconf 88' lang='grc' dir='ltr'>τί</span> <span class='ocrx_word' id='word_1_22' title='bbox 731 485 873 543; x_wconf 86' lang='grc' dir='ltr'>τοῦτ’</span> <span class='ocrx_word' id='word_1_23' title='bbox 895 482 1052 561; x_wconf 83' lang='grc' dir='ltr'><strong>ἔχεις.</strong></span> 
     </span>
    </p>

    <p class='ocr_par' dir='ltr' id='par_1_5' title="bbox 500 560 1381 645">
     <span class='ocr_line' id='line_1_5' title="bbox 500 560 1381 645; baseline -0.002 -16"><span class='ocrx_word' id='word_1_24' title='bbox 500 572 642 645; x_wconf 90' lang='grc'><strong>755,</strong></span> <span class='ocrx_word' id='word_1_25' title='bbox 678 594 700 629; x_wconf 93' lang='grc'>1</span> <span class='ocrx_word' id='word_1_26' title='bbox 716 570 748 628; x_wconf 93' lang='grc'><strong>5</strong></span> <span class='ocrx_word' id='word_1_27' title='bbox 771 570 1042 631; x_wconf 79' lang='grc' dir='ltr'><strong>’τίκτουσιν</strong></span> <span class='ocrx_word' id='word_1_28' title='bbox 1071 560 1228 628; x_wconf 73' lang='grc' dir='ltr'>αὗται</span> <span class='ocrx_word' id='word_1_29' title='bbox 1253 574 1381 628; x_wconf 86' lang='lat' dir='ltr'>Put.</span> 
     </span>
    </p>

    <p class='ocr_par' dir='ltr' id='par_1_6' title="bbox 423 647 1955 999">
     <span class='ocr_line' id='line_1_6' title="bbox 500 647 1955 737; baseline -0.003 -20"><span class='ocrx_word' id='word_1_30' title='bbox 500 659 639 736; x_wconf 97' lang='grc'><strong>757,</strong></span> <span class='ocrx_word' id='word_1_31' title='bbox 670 661 741 717; x_wconf 88' lang='lat'>16</span> <span class='ocrx_word' id='word_1_32' title='bbox 761 679 850 737; x_wconf 85' lang='lat' dir='ltr'>sq.</span> <span class='ocrx_word' id='word_1_33' title='bbox 875 654 1214 719; x_wconf 77' lang='grc' dir='ltr'>Δέον-κύειν</span> <span class='ocrx_word' id='word_1_34' title='bbox 1241 676 1355 714; x_wconf 87' lang='grc'><strong>0111.</strong></span> <span class='ocrx_word' id='word_1_35' title='bbox 1381 660 1508 713; x_wconf 86' lang='lat' dir='ltr'>Put.</span> <span class='ocrx_word' id='word_1_36' title='bbox 1528 691 1594 706; x_wconf 91' lang='lat'>—</span> <span class='ocrx_word' id='word_1_37' title='bbox 1622 674 1688 726; x_wconf 87' lang='lat'>¹7</span> <span class='ocrx_word' id='word_1_38' title='bbox 1715 652 1816 734; x_wconf 73' lang='grc' dir='ltr'>γὰρ</span> <span class='ocrx_word' id='word_1_39' title='bbox 1839 647 1955 713; x_wconf 81' lang='grc' dir='ltr'>ε’ἶπε</span> 
     </span>
     <span class='ocr_line' id='line_1_7' title="bbox 423 740 1955 824; baseline -0.005 -17"><span class='ocrx_word' id='word_1_40' title='bbox 423 752 497 807; x_wconf 93' lang='grc' dir='ltr'>Κ.</span> <span class='ocrx_word' id='word_1_41' title='bbox 521 784 587 798; x_wconf 89' lang='grc'>-</span> <span class='ocrx_word' id='word_1_42' title='bbox 626 767 696 822; x_wconf 91' lang='lat'>19</span> <span class='ocrx_word' id='word_1_43' title='bbox 735 744 996 824; x_wconf 77' lang='grc' dir='ltr'>κειμένοις</span> <span class='ocrx_word' id='word_1_44' title='bbox 1027 766 1145 803; x_wconf 89' lang='grc'><strong>0111.</strong></span> <span class='ocrx_word' id='word_1_45' title='bbox 1190 749 1320 802; x_wconf 85' lang='grc' dir='ltr'><strong>Ρ111.</strong></span> <span class='ocrx_word' id='word_1_46' title='bbox 1364 740 1633 821; x_wconf 70' lang='grc' dir='ltr'>κειμένους</span> <span class='ocrx_word' id='word_1_47' title='bbox 1667 747 1766 816; x_wconf 87' lang='lat' dir='ltr'>R.,</span> <span class='ocrx_word' id='word_1_48' title='bbox 1796 741 1955 820; x_wconf 86' lang='lat' dir='ltr'><strong>quod</strong></span> 
     </span>
     <span class='ocr_line' id='line_1_8' title="bbox 426 828 1953 913; baseline -0.001 -21"><span class='ocrx_word' id='word_1_49' title='bbox 426 854 662 913; x_wconf 79' lang='lat' dir='ltr'><strong>verum3</strong></span> <span class='ocrx_word' id='word_1_50' title='bbox 690 833 909 912; x_wconf 84' lang='grc' dir='ltr'>κείμενα</span> <span class='ocrx_word' id='word_1_51' title='bbox 932 854 1047 892; x_wconf 90' lang='grc'><strong>11011</strong></span> <span class='ocrx_word' id='word_1_52' title='bbox 1085 832 1316 912; x_wconf 81' lang='lat' dir='ltr'>scripsit</span> <span class='ocrx_word' id='word_1_53' title='bbox 1350 830 1428 889; x_wconf 85' lang='lat' dir='ltr'>ob</span> <span class='ocrx_word' id='word_1_54' title='bbox 1466 830 1790 908; x_wconf 68' lang='lat' dir='ltr'><strong>praecedens</strong></span> <span class='ocrx_word' id='word_1_55' title='bbox 1829 828 1953 890; x_wconf 80' lang='grc' dir='ltr'>ὀνό-</span> 
     </span>
     <span class='ocr_line' id='line_1_9' title="bbox 424 945 585 999; baseline -0.006 -19"><span class='ocrx_word' id='word_1_56' title='bbox 424 945 585 999; x_wconf 89' lang='grc' dir='ltr'>ματα.</span> 
     </span>
    </p>

    <p class='ocr_par' dir='ltr' id='par_1_7' title="bbox 510 1010 1185 1085">
     <span class='ocr_line' id='line_1_10' title="bbox 510 1010 1185 1085; baseline 0.004 -17"><span class='ocrx_word' id='word_1_57' title='bbox 510 1012 643 1085; x_wconf 63' lang='grc'><strong>760,</strong></span> <span class='ocrx_word' id='word_1_58' title='bbox 666 1018 742 1078; x_wconf 66' lang='grc'><strong>24</strong></span> <span class='ocrx_word' id='word_1_59' title='bbox 770 1010 859 1069; x_wconf 79' lang='grc' dir='ltr'>καὶ</span> <span class='ocrx_word' id='word_1_60' title='bbox 880 1014 953 1068; x_wconf 81' lang='lat' dir='ltr'>R.</span> <span class='ocrx_word' id='word_1_61' title='bbox 971 1011 1079 1069; x_wconf 78' lang='grc' dir='ltr'>τῶν</span> <span class='ocrx_word' id='word_1_62' title='bbox 1105 1014 1185 1071; x_wconf 80' lang='grc' dir='ltr'>Κ.</span> 
     </span>
    </p>

    <p class='ocr_par' dir='ltr' id='par_1_8' title="bbox 427 1094 1956 1246">
     <span class='ocr_line' id='line_1_11' title="bbox 511 1094 1956 1179; baseline -0.003 -22"><span class='ocrx_word' id='word_1_63' title='bbox 511 1119 627 1174; x_wconf 89' lang='lat'>770</span> <span class='ocrx_word' id='word_1_64' title='bbox 651 1100 806 1170; x_wconf 76' lang='grc' dir='ltr'>δῆλον</span> <span class='ocrx_word' id='word_1_65' title='bbox 831 1102 960 1158; x_wconf 88' lang='lat' dir='ltr'>Put.</span> <span class='ocrx_word' id='word_1_66' title='bbox 992 1103 1089 1172; x_wconf 66' lang='lat' dir='ltr'>K„</span> <span class='ocrx_word' id='word_1_67' title='bbox 1116 1117 1236 1157; x_wconf 88' lang='lat' dir='ltr'>om.</span> <span class='ocrx_word' id='word_1_68' title='bbox 1261 1102 1335 1158; x_wconf 91' lang='lat' dir='ltr'>R.</span> <span class='ocrx_word' id='word_1_69' title='bbox 1381 1095 1621 1179; x_wconf 81' lang='grc' dir='ltr'>χρησμὸς</span> <span class='ocrx_word' id='word_1_70' title='bbox 1655 1094 1848 1154; x_wconf 76' lang='lat' dir='ltr'><strong>addidi</strong></span> <span class='ocrx_word' id='word_1_71' title='bbox 1883 1114 1956 1153; x_wconf 84' lang='lat' dir='ltr'>ex</span> 
     </span>
     <span class='ocr_line' id='line_1_12' title="bbox 427 1192 554 1246; baseline -0.008 -1"><span class='ocrx_word' id='word_1_72' title='bbox 427 1192 554 1246; x_wconf 89' lang='lat' dir='ltr'>Put.</span> 
     </span>
    </p>

    <p class='ocr_par' dir='ltr' id='par_1_9' title="bbox 426 1268 1958 1443">
     <span class='ocr_line' id='line_1_13' title="bbox 511 1268 1958 1353; baseline -0.003 -20"><span class='ocrx_word' id='word_1_73' title='bbox 511 1295 628 1351; x_wconf 79' lang='lat'>77²</span> <span class='ocrx_word' id='word_1_74' title='bbox 652 1280 782 1335; x_wconf 79' lang='lat' dir='ltr'>Put.</span> <span class='ocrx_word' id='word_1_75' title='bbox 806 1294 821 1333; x_wconf 84' lang='lat'><em>=</em></span> <span class='ocrx_word' id='word_1_76' title='bbox 853 1271 921 1332; x_wconf 73' lang='grc' dir='ltr'>τὰ</span> <span class='ocrx_word' id='word_1_77' title='bbox 945 1271 1356 1353; x_wconf 78' lang='grc' dir='ltr'>ἐπικρατέστερα</span> <span class='ocrx_word' id='word_1_78' title='bbox 1373 1317 1390 1345; x_wconf 90' lang='grc'><strong>,</strong></span> <span class='ocrx_word' id='word_1_79' title='bbox 1413 1270 1573 1349; x_wconf 77' lang='grc' dir='ltr'>ἤγουν</span> <span class='ocrx_word' id='word_1_80' title='bbox 1597 1268 1958 1342; x_wconf 71' lang='grc' dir='ltr'>καταπονήσει</span> 
     </span>
     <span class='ocr_line' id='line_1_14' title="bbox 426 1356 1823 1443; baseline -0.004 -21"><span class='ocrx_word' id='word_1_81' title='bbox 426 1360 547 1429; x_wconf 69' lang='grc' dir='ltr'>τοὺς</span> <span class='ocrx_word' id='word_1_82' title='bbox 569 1361 775 1443; x_wconf 81' lang='grc' dir='ltr'>ἄνδρας.</span> <span class='ocrx_word' id='word_1_83' title='bbox 794 1397 860 1412; x_wconf 92' lang='lat'>-</span> <span class='ocrx_word' id='word_1_84' title='bbox 881 1363 948 1418; x_wconf 86' lang='grc'>31</span> <span class='ocrx_word' id='word_1_85' title='bbox 980 1358 1191 1431; x_wconf 80' lang='grc' dir='ltr'>ποιήσει</span> <span class='ocrx_word' id='word_1_86' title='bbox 1212 1365 1283 1418; x_wconf 91' lang='lat' dir='ltr'>R.</span> <span class='ocrx_word' id='word_1_87' title='bbox 1308 1357 1474 1429; x_wconf 81' lang='grc' dir='ltr'>θήσει.</span> <span class='ocrx_word' id='word_1_88' title='bbox 1500 1356 1644 1438; x_wconf 67' lang='grc' dir='ltr'>λέγει</span> <span class='ocrx_word' id='word_1_89' title='bbox 1665 1356 1725 1416; x_wconf 79' lang='grc' dir='ltr'>δέ</span> <span class='ocrx_word' id='word_1_90' title='bbox 1746 1363 1823 1417; x_wconf 89' lang='lat' dir='ltr'>K.</span> 
     </span>
    </p>

    <p class='ocr_par' dir='ltr' id='par_1_10' title="bbox 426 1449 1343 1530">
     <span class='ocr_line' id='line_1_15' title="bbox 426 1449 1343 1530; baseline -0.002 -21"><span class='ocrx_word' id='word_1_91' title='bbox 426 1463 433 1472; x_wconf 89' lang='grc'><em>“</em></span> <span class='ocrx_word' id='word_1_92' title='bbox 511 1451 625 1526; x_wconf 88' lang='lat'>773</span> <span class='ocrx_word' id='word_1_93' title='bbox 657 1449 873 1530; x_wconf 68' lang='grc' dir='ltr'>Ἐρωτᾷ</span> <span class='ocrx_word' id='word_1_94' title='bbox 893 1449 1156 1507; x_wconf 85' lang='lat' dir='ltr'><strong>additum</strong></span> <span class='ocrx_word' id='word_1_95' title='bbox 1179 1467 1253 1506; x_wconf 82' lang='lat' dir='ltr'>ex</span> <span class='ocrx_word' id='word_1_96' title='bbox 1276 1454 1343 1507; x_wconf 85' lang='lat' dir='ltr'>R.</span> 
     </span>
    </p>

    <p class='ocr_par' dir='ltr' id='par_1_11' title="bbox 427 1535 1960 1867">
     <span class='ocr_line' id='line_1_16' title="bbox 512 1535 1959 1615; baseline -0.003 -18"><span class='ocrx_word' id='word_1_97' title='bbox 512 1539 628 1610; x_wconf 87' lang='lat'>776</span> <span class='ocrx_word' id='word_1_98' title='bbox 668 1535 1198 1615; x_wconf 89' lang='grc' dir='ltr'>καταπυγωνίστερον</span> <span class='ocrx_word' id='word_1_99' title='bbox 1238 1537 1445 1594; x_wconf 80' lang='lat' dir='ltr'><strong>lemma</strong></span> <span class='ocrx_word' id='word_1_100' title='bbox 1478 1535 1536 1592; x_wconf 90' lang='lat' dir='ltr'>in</span> <span class='ocrx_word' id='word_1_101' title='bbox 1572 1538 1638 1594; x_wconf 94' lang='lat' dir='ltr'>L.</span> <span class='ocrx_word' id='word_1_102' title='bbox 1659 1535 1816 1592; x_wconf 87' lang='grc'>-36</span> <span class='ocrx_word' id='word_1_103' title='bbox 1852 1536 1959 1592; x_wconf 82' lang='grc' dir='ltr'>τῶν</span> 
     </span>
     <span class='ocr_line' id='line_1_17' title="bbox 431 1620 1959 1705; baseline -0.003 -21"><span class='ocrx_word' id='word_1_104' title='bbox 431 1623 716 1705; x_wconf 84' lang='grc' dir='ltr'>χελιδόνων</span> <span class='ocrx_word' id='word_1_105' title='bbox 747 1625 917 1703; x_wconf 82' lang='lat' dir='ltr'><strong>posui</strong></span> <span class='ocrx_word' id='word_1_106' title='bbox 940 1643 1013 1682; x_wconf 87' lang='lat' dir='ltr'>ex</span> <span class='ocrx_word' id='word_1_107' title='bbox 1042 1625 1192 1697; x_wconf 68' lang='lat' dir='ltr'>pm„</span> <span class='ocrx_word' id='word_1_108' title='bbox 1222 1635 1280 1682; x_wconf 91' lang='lat' dir='ltr'>et</span> <span class='ocrx_word' id='word_1_109' title='bbox 1308 1635 1395 1681; x_wconf 88' lang='lat' dir='ltr'>est</span> <span class='ocrx_word' id='word_1_110' title='bbox 1417 1621 1574 1679; x_wconf 84' lang='lat' dir='ltr'><strong>haud</strong></span> <span class='ocrx_word' id='word_1_111' title='bbox 1606 1620 1783 1680; x_wconf 88' lang='lat' dir='ltr'><strong>dubie</strong></span> <span class='ocrx_word' id='word_1_112' title='bbox 1805 1622 1867 1679; x_wconf 91' lang='lat' dir='ltr'>in</span> <span class='ocrx_word' id='word_1_113' title='bbox 1893 1627 1959 1681; x_wconf 87' lang='lat' dir='ltr'>R.</span> 
     </span>
     <span class='ocr_line' id='line_1_18' title="bbox 433 1709 1960 1800; baseline -0.003 -30"><span class='ocrx_word' id='word_1_114' title='bbox 433 1715 533 1791; x_wconf 86' lang='lat' dir='ltr'>qui</span> <span class='ocrx_word' id='word_1_115' title='bbox 558 1712 732 1771; x_wconf 84' lang='lat' dir='ltr'><strong>habet</strong></span> <span class='ocrx_word' id='word_1_116' title='bbox 754 1714 859 1772; x_wconf 77' lang='grc' dir='ltr'>τῶν</span> <span class='ocrx_word' id='word_1_117' title='bbox 886 1713 1167 1800; x_wconf 55' lang='grc' dir='ltr'>γυναικῶν,</span> <span class='ocrx_word' id='word_1_118' title='bbox 1196 1715 1271 1770; x_wconf 86' lang='grc' dir='ltr'>Κ.</span> <span class='ocrx_word' id='word_1_119' title='bbox 1294 1713 1389 1782; x_wconf 72' lang='grc' dir='ltr'>τῆς</span> <span class='ocrx_word' id='word_1_120' title='bbox 1405 1709 1829 1787; x_wconf 68' lang='grc' dir='ltr'>χελιδόνος-τῆς</span> <span class='ocrx_word' id='word_1_121' title='bbox 1859 1732 1960 1788; x_wconf 87' lang='grc' dir='ltr'>γυ-</span> 
     </span>
     <span class='ocr_line' id='line_1_19' title="bbox 427 1800 624 1867; baseline 0.015 -10"><span class='ocrx_word' id='word_1_122' title='bbox 427 1800 624 1867; x_wconf 82' lang='grc' dir='ltr'>ναικός.</span> 
     </span>
    </p>

    <p class='ocr_par' dir='ltr' id='par_1_12' title="bbox 511 1885 1216 1967">
     <span class='ocr_line' id='line_1_20' title="bbox 511 1885 1216 1967; baseline 0.006 -23"><span class='ocrx_word' id='word_1_123' title='bbox 511 1888 624 1961; x_wconf 92' lang='grc'>780</span> <span class='ocrx_word' id='word_1_124' title='bbox 648 1893 779 1947; x_wconf 86' lang='lat' dir='ltr'>Put.</span> <span class='ocrx_word' id='word_1_125' title='bbox 806 1885 1216 1967; x_wconf 81' lang='grc' dir='ltr'>καταλείψομεν.</span> 
     </span>
    </p>

    <p class='ocr_par' dir='ltr' id='par_1_13' title="bbox 510 1974 1735 2054">
     <span class='ocr_line' id='line_1_21' title="bbox 510 1974 1735 2054; baseline 0 -21"><span class='ocrx_word' id='word_1_126' title='bbox 510 1974 625 2047; x_wconf 87' lang='grc'>785</span> <span class='ocrx_word' id='word_1_127' title='bbox 652 1980 718 2035; x_wconf 89' lang='lat' dir='ltr'>R.</span> <span class='ocrx_word' id='word_1_128' title='bbox 743 1974 916 2034; x_wconf 83' lang='lat' dir='ltr'><strong>habet</strong></span> <span class='ocrx_word' id='word_1_129' title='bbox 947 1976 1191 2053; x_wconf 80' lang='lat' dir='ltr'><strong>glossam</strong></span> <span class='ocrx_word' id='word_1_130' title='bbox 1219 1981 1543 2054; x_wconf 84' lang='grc' dir='ltr'>παριστορεῖ.</span> <span class='ocrx_word' id='word_1_131' title='bbox 1726 2017 1735 2025; x_wconf 85' lang='lat'>-</span> 
     </span>
    </p>

    <p class='ocr_par' dir='ltr' id='par_1_14' title="bbox 512 2060 1963 2140">
     <span class='ocr_line' id='line_1_22' title="bbox 512 2060 1963 2140; baseline 0 -21"><span class='ocrx_word' id='word_1_132' title='bbox 512 2063 626 2137; x_wconf 87' lang='grc'>795</span> <span class='ocrx_word' id='word_1_133' title='bbox 651 2067 743 2121; x_wconf 84' lang='grc' dir='ltr'>τοῦ</span> <span class='ocrx_word' id='word_1_134' title='bbox 766 2085 879 2140; x_wconf 86' lang='grc' dir='ltr'>μισ.</span> <span class='ocrx_word' id='word_1_135' title='bbox 914 2068 987 2121; x_wconf 85' lang='grc' dir='ltr'>Κ.</span> <span class='ocrx_word' id='word_1_136' title='bbox 1014 2060 1335 2140; x_wconf 76' lang='grc' dir='ltr'>μισουμέναις</span> <span class='ocrx_word' id='word_1_137' title='bbox 1359 2060 1454 2130; x_wconf 73' lang='grc' dir='ltr'>τὰς</span> <span class='ocrx_word' id='word_1_138' title='bbox 1479 2063 1541 2120; x_wconf 83' lang='lat' dir='ltr'>R.</span> <span class='ocrx_word' id='word_1_139' title='bbox 1572 2065 1699 2119; x_wconf 83' lang='lat' dir='ltr'>Put.</span> <span class='ocrx_word' id='word_1_140' title='bbox 1724 2061 1818 2119; x_wconf 87' lang='grc'><strong>1110</strong></span> <span class='ocrx_word' id='word_1_141' title='bbox 1855 2060 1963 2119; x_wconf 80' lang='lat' dir='ltr'>ha—</span> 
     </span>
    </p>
   </div>
   <div class='ocr_carea' id='block_1_5' title="bbox 2033 476 3584 1966">
    <p class='ocr_par' dir='ltr' id='par_1_15' title="bbox 2035 476 3017 559">
     <span class='ocr_line' id='line_1_23' title="bbox 2035 476 3017 559; baseline 0.003 -23"><span class='ocrx_word' id='word_1_142' title='bbox 2035 476 2384 559; x_wconf 80' lang='grc' dir='ltr'>ἠφανισμένος</span> <span class='ocrx_word' id='word_1_143' title='bbox 2403 480 2794 538; x_wconf 81' lang='lat' dir='ltr'><strong>consentiente</strong></span> <span class='ocrx_word' id='word_1_144' title='bbox 2819 481 3017 541; x_wconf 88' lang='lat' dir='ltr'><strong>Suida.</strong></span> 
     </span>
    </p>

    <p class='ocr_par' dir='ltr' id='par_1_16' title="bbox 2033 563 3584 733">
     <span class='ocr_line' id='line_1_24' title="bbox 2115 563 3584 647; baseline 0.005 -24"><span class='ocrx_word' id='word_1_145' title='bbox 2115 566 2253 632; x_wconf 87' lang='grc'><strong>815,</strong></span> <span class='ocrx_word' id='word_1_146' title='bbox 2286 585 2359 623; x_wconf 82' lang='lat'>20</span> <span class='ocrx_word' id='word_1_147' title='bbox 2381 563 2539 646; x_wconf 81' lang='grc' dir='ltr'>ἔφυγε</span> <span class='ocrx_word' id='word_1_148' title='bbox 2566 571 2639 624; x_wconf 88' lang='lat' dir='ltr'>K.</span> <span class='ocrx_word' id='word_1_149' title='bbox 2667 567 2897 627; x_wconf 77' lang='lat' dir='ltr'>Scholia</span> <span class='ocrx_word' id='word_1_150' title='bbox 2928 590 3059 646; x_wconf 79' lang='lat' dir='ltr'>quae</span> <span class='ocrx_word' id='word_1_151' title='bbox 3087 584 3413 647; x_wconf 81' lang='lat' dir='ltr'><strong>sequuntur</strong></span> <span class='ocrx_word' id='word_1_152' title='bbox 3437 593 3584 632; x_wconf 81' lang='lat' dir='ltr'><strong>ver-</strong></span> 
     </span>
     <span class='ocr_line' id='line_1_25' title="bbox 2033 654 3574 733; baseline 0.006 -23"><span class='ocrx_word' id='word_1_153' title='bbox 2033 672 2199 710; x_wconf 87' lang='lat' dir='ltr'><strong>suum</strong></span> <span class='ocrx_word' id='word_1_154' title='bbox 2227 654 2500 731; x_wconf 82' lang='lat'><strong>817-889</strong></span> <span class='ocrx_word' id='word_1_155' title='bbox 2528 675 2600 714; x_wconf 78' lang='lat' dir='ltr'>ex</span> <span class='ocrx_word' id='word_1_156' title='bbox 2625 661 2697 714; x_wconf 85' lang='lat' dir='ltr'>R.</span> <span class='ocrx_word' id='word_1_157' title='bbox 2723 657 2969 733; x_wconf 82' lang='lat' dir='ltr'><strong>primum</strong></span> <span class='ocrx_word' id='word_1_158' title='bbox 2998 659 3181 718; x_wconf 89' lang='lat' dir='ltr'><strong>edidit</strong></span> <span class='ocrx_word' id='word_1_159' title='bbox 3205 660 3574 721; x_wconf 78' lang='lat' dir='ltr'><strong>Dindorfins.</strong></span> 
     </span>
    </p>

    <p class='ocr_par' dir='ltr' id='par_1_17' title="bbox 2115 740 2992 825">
     <span class='ocr_line' id='line_1_26' title="bbox 2115 740 2992 825; baseline 0.006 -28"><span class='ocrx_word' id='word_1_160' title='bbox 2115 741 2230 798; x_wconf 76' lang='lat'>822</span> <span class='ocrx_word' id='word_1_161' title='bbox 2257 752 2412 799; x_wconf 81' lang='lat' dir='ltr'><strong>recte</strong></span> <span class='ocrx_word' id='word_1_162' title='bbox 2434 746 2561 800; x_wconf 89' lang='lat' dir='ltr'>Put.</span> <span class='ocrx_word' id='word_1_163' title='bbox 2589 740 2624 812; x_wconf 86' lang='grc' dir='ltr'>ἢ</span> <span class='ocrx_word' id='word_1_164' title='bbox 2652 744 2706 800; x_wconf 78' lang='grc' dir='ltr'>ἐν</span> <span class='ocrx_word' id='word_1_165' title='bbox 2736 743 2992 825; x_wconf 70' lang='grc' dir='ltr'>εἰρωνεία.</span> 
     </span>
    </p>

    <p class='ocr_par' dir='ltr' id='par_1_18' title="bbox 2035 828 3580 998">
     <span class='ocr_line' id='line_1_27' title="bbox 2115 828 3580 915; baseline 0.007 -31"><span class='ocrx_word' id='word_1_166' title='bbox 2115 828 2230 884; x_wconf 75' lang='lat'>826</span> <span class='ocrx_word' id='word_1_167' title='bbox 2255 829 2428 905; x_wconf 86' lang='lat' dir='ltr'><strong>(corr.</strong></span> <span class='ocrx_word' id='word_1_168' title='bbox 2458 829 2615 905; x_wconf 77' lang='lat'><strong>827),</strong></span> <span class='ocrx_word' id='word_1_169' title='bbox 2647 849 2760 907; x_wconf 85' lang='lat' dir='ltr'>pro</span> <span class='ocrx_word' id='word_1_170' title='bbox 2792 830 2879 888; x_wconf 83' lang='lat' dir='ltr'>his</span> <span class='ocrx_word' id='word_1_171' title='bbox 2916 835 3044 890; x_wconf 87' lang='lat' dir='ltr'>Put.</span> <span class='ocrx_word' id='word_1_172' title='bbox 3082 832 3320 892; x_wconf 81' lang='grc' dir='ltr'>τουτέστι</span> <span class='ocrx_word' id='word_1_173' title='bbox 3347 834 3580 915; x_wconf 70' lang='grc' dir='ltr'>γηραιὸν</span> 
     </span>
     <span class='ocr_line' id='line_1_28' title="bbox 2035 912 3448 998; baseline 0.004 -23"><span class='ocrx_word' id='word_1_174' title='bbox 2035 912 2126 975; x_wconf 75' lang='grc' dir='ltr'>καὶ</span> <span class='ocrx_word' id='word_1_175' title='bbox 2148 914 2306 992; x_wconf 86' lang='grc' dir='ltr'>γονὴν</span> <span class='ocrx_word' id='word_1_176' title='bbox 2336 913 2412 994; x_wconf 78' lang='grc' dir='ltr'>μὴ</span> <span class='ocrx_word' id='word_1_177' title='bbox 2435 915 2646 996; x_wconf 76' lang='grc' dir='ltr'>ἔχοντα,</span> <span class='ocrx_word' id='word_1_178' title='bbox 2670 937 2743 975; x_wconf 83' lang='lat' dir='ltr'>ex</span> <span class='ocrx_word' id='word_1_179' title='bbox 2772 920 2922 977; x_wconf 75' lang='lat' dir='ltr'><strong>mala</strong></span> <span class='ocrx_word' id='word_1_180' title='bbox 2947 923 3283 998; x_wconf 84' lang='lat' dir='ltr'><strong>acceptione</strong></span> <span class='ocrx_word' id='word_1_181' title='bbox 3313 923 3448 981; x_wconf 87' lang='lat' dir='ltr'><strong>loci.</strong></span> 
     </span>
    </p>

    <p class='ocr_par' dir='ltr' id='par_1_19' title="bbox 2038 1004 3582 1262">
     <span class='ocr_line' id='line_1_29' title="bbox 2116 1004 3581 1088; baseline 0.006 -28"><span class='ocrx_word' id='word_1_182' title='bbox 2116 1004 2232 1061; x_wconf 76' lang='lat'>832</span> <span class='ocrx_word' id='word_1_183' title='bbox 2265 1005 2435 1081; x_wconf 83' lang='lat' dir='ltr'><strong>(corr.</strong></span> <span class='ocrx_word' id='word_1_184' title='bbox 2463 1005 2617 1082; x_wconf 84' lang='lat'><strong>831).</strong></span> <span class='ocrx_word' id='word_1_185' title='bbox 2640 1005 2729 1063; x_wconf 88' lang='lat' dir='ltr'>Ad</span> <span class='ocrx_word' id='word_1_186' title='bbox 2759 1027 2993 1065; x_wconf 79' lang='lat' dir='ltr'><strong>versum</strong></span> <span class='ocrx_word' id='word_1_187' title='bbox 3015 1010 3130 1066; x_wconf 75' lang='lat'>832</span> <span class='ocrx_word' id='word_1_188' title='bbox 3154 1014 3284 1069; x_wconf 84' lang='lat' dir='ltr'>Put.</span> <span class='ocrx_word' id='word_1_189' title='bbox 3306 1011 3581 1088; x_wconf 77' lang='grc' dir='ltr'>κεκαλυμ-</span> 
     </span>
     <span class='ocr_line' id='line_1_30' title="bbox 2038 1087 3582 1175; baseline 0.007 -28"><span class='ocrx_word' id='word_1_190' title='bbox 2038 1087 2193 1167; x_wconf 74' lang='grc' dir='ltr'>μένον</span> <span class='ocrx_word' id='word_1_191' title='bbox 2215 1135 2232 1166; x_wconf 89' lang='grc'><strong>,</strong></span> <span class='ocrx_word' id='word_1_192' title='bbox 2267 1090 2342 1149; x_wconf 73' lang='lat' dir='ltr'>ad</span> <span class='ocrx_word' id='word_1_193' title='bbox 2385 1093 2501 1151; x_wconf 78' lang='lat'>833</span> <span class='ocrx_word' id='word_1_194' title='bbox 2547 1091 2826 1174; x_wconf 76' lang='grc' dir='ltr'><strong>Ἀφροδίτη</strong></span> <span class='ocrx_word' id='word_1_195' title='bbox 2860 1093 3017 1165; x_wconf 82' lang='grc' dir='ltr'>δῆλον</span> <span class='ocrx_word' id='word_1_196' title='bbox 3062 1095 3383 1175; x_wconf 82' lang='grc' dir='ltr'>(δηλονότι),</span> <span class='ocrx_word' id='word_1_197' title='bbox 3412 1111 3474 1157; x_wconf 83' lang='lat' dir='ltr'>et</span> <span class='ocrx_word' id='word_1_198' title='bbox 3502 1097 3582 1158; x_wconf 70' lang='grc' dir='ltr'>τὰ</span> 
     </span>
     <span class='ocr_line' id='line_1_31' title="bbox 2038 1178 2457 1262; baseline 0.002 -22"><span class='ocrx_word' id='word_1_199' title='bbox 2038 1178 2261 1262; x_wconf 76' lang='grc' dir='ltr'>Κύθηρα</span> <span class='ocrx_word' id='word_1_200' title='bbox 2284 1185 2457 1253; x_wconf 78' lang='grc' dir='ltr'>νῆσος.</span> 
     </span>
    </p>

    <p class='ocr_par' dir='ltr' id='par_1_20' title="bbox 2036 1266 3582 1434">
     <span class='ocr_line' id='line_1_32' title="bbox 2118 1266 3582 1354; baseline 0.005 -27"><span class='ocrx_word' id='word_1_201' title='bbox 2118 1270 2229 1338; x_wconf 87' lang='grc'>834</span> <span class='ocrx_word' id='word_1_202' title='bbox 2268 1266 2986 1341; x_wconf 73' lang='grc' dir='ltr'>Ρ111.’τουτέστι-διανοίας</span> <span class='ocrx_word' id='word_1_203' title='bbox 3033 1271 3126 1352; x_wconf 76' lang='grc' dir='ltr'>ἔχε</span> <span class='ocrx_word' id='word_1_204' title='bbox 3162 1271 3309 1354; x_wconf 81' lang='grc' dir='ltr'>(ἔχου</span> <span class='ocrx_word' id='word_1_205' title='bbox 3325 1275 3374 1353; x_wconf 67' lang='grc' dir='ltr'>Ρ)</span> <span class='ocrx_word' id='word_1_206' title='bbox 3409 1277 3487 1342; x_wconf 81' lang='grc' dir='ltr'>εἰς</span> <span class='ocrx_word' id='word_1_207' title='bbox 3511 1275 3582 1335; x_wconf 82' lang='grc' dir='ltr'>τὸ</span> 
     </span>
     <span class='ocr_line' id='line_1_33' title="bbox 2036 1353 2448 1434; baseline 0.007 -20"><span class='ocrx_word' id='word_1_208' title='bbox 2036 1355 2151 1415; x_wconf 86' lang='grc' dir='ltr'>καθ’</span> <span class='ocrx_word' id='word_1_209' title='bbox 2175 1361 2333 1434; x_wconf 66' lang='grc' dir='ltr'>ἡμᾶς.</span> <span class='ocrx_word' id='word_1_210' title='bbox 2429 1353 2448 1364; x_wconf 71' lang='grc'>”</span> 
     </span>
    </p>

    <p class='ocr_par' dir='ltr' id='par_1_21' title="bbox 2037 1444 3582 1855">
     <span class='ocr_line' id='line_1_34' title="bbox 2118 1444 3580 1526; baseline 0.006 -25"><span class='ocrx_word' id='word_1_211' title='bbox 2118 1446 2234 1521; x_wconf 88' lang='grc'>839</span> <span class='ocrx_word' id='word_1_212' title='bbox 2258 1466 2371 1503; x_wconf 88' lang='grc'><strong>0111.</strong></span> <span class='ocrx_word' id='word_1_213' title='bbox 2395 1447 2528 1504; x_wconf 72' lang='lat' dir='ltr'>put.</span> <span class='ocrx_word' id='word_1_214' title='bbox 2551 1444 2714 1504; x_wconf 84' lang='lat' dir='ltr'>Idem</span> <span class='ocrx_word' id='word_1_215' title='bbox 2741 1447 2814 1505; x_wconf 75' lang='lat' dir='ltr'>ad</span> <span class='ocrx_word' id='word_1_216' title='bbox 2840 1461 3174 1526; x_wconf 82' lang='lat' dir='ltr'><strong>sequentem</strong></span> <span class='ocrx_word' id='word_1_217' title='bbox 3197 1471 3430 1508; x_wconf 80' lang='lat' dir='ltr'><strong>versum</strong></span> <span class='ocrx_word' id='word_1_218' title='bbox 3459 1451 3580 1510; x_wconf 83' lang='lat' dir='ltr'>ha-</span> 
     </span>
     <span class='ocr_line' id='line_1_35' title="bbox 2037 1529 3582 1616; baseline 0.006 -27"><span class='ocrx_word' id='word_1_219' title='bbox 2037 1529 2139 1589; x_wconf 88' lang='lat' dir='ltr'>bet</span> <span class='ocrx_word' id='word_1_220' title='bbox 2158 1531 2498 1614; x_wconf 79' lang='grc' dir='ltr'>ὗπεροπεύειν</span> <span class='ocrx_word' id='word_1_221' title='bbox 2542 1533 2668 1611; x_wconf 83' lang='lat' dir='ltr'><strong>(sic)</strong></span> <span class='ocrx_word' id='word_1_222' title='bbox 2697 1557 2710 1592; x_wconf 72' lang='grc' dir='ltr'>ι</span> <span class='ocrx_word' id='word_1_223' title='bbox 2742 1536 2984 1610; x_wconf 76' lang='grc' dir='ltr'>ἀπατᾶν,</span> <span class='ocrx_word' id='word_1_224' title='bbox 3027 1550 3088 1594; x_wconf 87' lang='lat' dir='ltr'>et</span> <span class='ocrx_word' id='word_1_225' title='bbox 3132 1540 3398 1616; x_wconf 79' lang='lat' dir='ltr'><strong>superius</strong></span> <span class='ocrx_word' id='word_1_226' title='bbox 3429 1540 3582 1598; x_wconf 83' lang='lat' dir='ltr'><strong>scri·</strong></span> 
     </span>
     <span class='ocr_line' id='line_1_36' title="bbox 2040 1620 3579 1706; baseline 0.006 -29"><span class='ocrx_word' id='word_1_227' title='bbox 2040 1631 2204 1697; x_wconf 91' lang='lat' dir='ltr'><strong>ptum</strong></span> <span class='ocrx_word' id='word_1_228' title='bbox 2235 1620 2678 1703; x_wconf 77' lang='grc' dir='ltr'>παραλογίζεσθαι</span> <span class='ocrx_word' id='word_1_229' title='bbox 2707 1622 2798 1680; x_wconf 80' lang='grc' dir='ltr'>καὶ</span> <span class='ocrx_word' id='word_1_230' title='bbox 2820 1620 2888 1682; x_wconf 74' lang='grc' dir='ltr'>τὰ</span> <span class='ocrx_word' id='word_1_231' title='bbox 2916 1623 3113 1682; x_wconf 70' lang='grc' dir='ltr'>ωύτων</span> <span class='ocrx_word' id='word_1_232' title='bbox 3143 1627 3249 1703; x_wconf 84' lang='lat' dir='ltr'><strong>(sic</strong></span> <span class='ocrx_word' id='word_1_233' title='bbox 3279 1640 3437 1685; x_wconf 86' lang='lat' dir='ltr'><strong>recte</strong></span> <span class='ocrx_word' id='word_1_234' title='bbox 3464 1647 3579 1706; x_wconf 85' lang='lat' dir='ltr'>pro</span> 
     </span>
     <span class='ocr_line' id='line_1_37' title="bbox 2038 1707 3578 1795; baseline 0.005 -32"><span class='ocrx_word' id='word_1_235' title='bbox 2038 1707 2255 1785; x_wconf 82' lang='grc' dir='ltr'>ταύτην)</span> <span class='ocrx_word' id='word_1_236' title='bbox 2288 1710 2801 1787; x_wconf 75' lang='grc' dir='ltr'>παρακολουθοῦντα,</span> <span class='ocrx_word' id='word_1_237' title='bbox 2827 1723 2893 1770; x_wconf 88' lang='lat' dir='ltr'>ut</span> <span class='ocrx_word' id='word_1_238' title='bbox 2917 1710 2992 1769; x_wconf 85' lang='lat' dir='ltr'>ad</span> <span class='ocrx_word' id='word_1_239' title='bbox 3019 1713 3188 1771; x_wconf 76' lang='grc' dir='ltr'>ὀπτᾶν</span> <span class='ocrx_word' id='word_1_240' title='bbox 3213 1713 3303 1771; x_wconf 80' lang='grc' dir='ltr'>καὶ</span> <span class='ocrx_word' id='word_1_241' title='bbox 3331 1713 3578 1795; x_wconf 80' lang='grc' dir='ltr'>στρέφειν</span> 
     </span>
     <span class='ocr_line' id='line_1_38' title="bbox 2040 1796 2840 1855; baseline 0.003 -2"><span class='ocrx_word' id='word_1_242' title='bbox 2040 1796 2255 1855; x_wconf 83' lang='lat' dir='ltr'><strong>referre</strong></span> <span class='ocrx_word' id='word_1_243' title='bbox 2277 1797 2527 1854; x_wconf 83' lang='lat' dir='ltr'><strong>voluisse</strong></span> <span class='ocrx_word' id='word_1_244' title='bbox 2555 1796 2840 1855; x_wconf 83' lang='lat' dir='ltr'><strong>videatur.</strong></span> 
     </span>
    </p>

    <p class='ocr_par' dir='ltr' id='par_1_22' title="bbox 2120 1883 3579 1966">
     <span class='ocr_line' id='line_1_39' title="bbox 2120 1883 3579 1966; baseline 0.005 -26"><span class='ocrx_word' id='word_1_245' title='bbox 2120 1883 2255 1958; x_wconf 87' lang='grc'><strong>840,</strong></span> <span class='ocrx_word' id='word_1_246' title='bbox 2286 1885 2360 1941; x_wconf 89' lang='grc'><strong>36</strong></span> <span class='ocrx_word' id='word_1_247' title='bbox 2385 1885 2463 1941; x_wconf 85' lang='lat' dir='ltr'>ita</span> <span class='ocrx_word' id='word_1_248' title='bbox 2491 1888 2622 1941; x_wconf 87' lang='lat' dir='ltr'>Put.</span> <span class='ocrx_word' id='word_1_249' title='bbox 2651 1885 2723 1942; x_wconf 85' lang='lat' dir='ltr'>ad</span> <span class='ocrx_word' id='word_1_250' title='bbox 2755 1887 2867 1954; x_wconf 90' lang='grc'>841</span> <span class='ocrx_word' id='word_1_251' title='bbox 2894 1931 2910 1960; x_wconf 94' lang='grc'><strong>,</strong></span> <span class='ocrx_word' id='word_1_252' title='bbox 2933 1884 3094 1964; x_wconf 81' lang='grc' dir='ltr'><strong>ἤγουν</strong></span> <span class='ocrx_word' id='word_1_253' title='bbox 3118 1888 3290 1946; x_wconf 74' lang='grc' dir='ltr'>ἐκεῖνα</span> <span class='ocrx_word' id='word_1_254' title='bbox 3319 1886 3354 1945; x_wconf 80' lang='grc' dir='ltr'>ἃ</span> <span class='ocrx_word' id='word_1_255' title='bbox 3382 1891 3448 1966; x_wconf 78' lang='grc' dir='ltr'>τῇ</span> <span class='ocrx_word' id='word_1_256' title='bbox 3483 1888 3579 1947; x_wconf 75' lang='grc' dir='ltr'>κύ-</span> 
     </span>
    </p>
   </div>
   <div class='ocr_carea' id='block_1_6' title="bbox 2038 1969 3578 2130">
    <p class='ocr_par' dir='ltr' id='par_1_23' title="bbox 2038 1969 3578 2130">
     <span class='ocr_line' id='line_1_40' title="bbox 2038 1969 3053 2048; baseline 0.005 -22"><span class='ocrx_word' id='word_1_257' title='bbox 2038 1969 2148 2026; x_wconf 90' lang='grc' dir='ltr'>λικι</span> <span class='ocrx_word' id='word_1_258' title='bbox 2182 1969 3053 2048; x_wconf 39' lang='grc' dir='ltr'>συνωμοσάμεθαὲ-συνουσιάζειν.</span> 
     </span>
     <span class='ocr_line' id='line_1_41' title="bbox 2123 2060 3578 2130; baseline 0.005 -13"><span class='ocrx_word' id='word_1_259' title='bbox 2123 2061 2261 2130; x_wconf 86' lang='grc'><strong>844,</strong></span> <span class='ocrx_word' id='word_1_260' title='bbox 2287 2072 2362 2121; x_wconf 81' lang='grc'>40</span> <span class='ocrx_word' id='word_1_261' title='bbox 2386 2060 2549 2119; x_wconf 83' lang='lat' dir='ltr'>addit</span> <span class='ocrx_word' id='word_1_262' title='bbox 2577 2067 2705 2119; x_wconf 83' lang='lat' dir='ltr'>Put.</span> <span class='ocrx_word' id='word_1_263' title='bbox 2740 2062 2978 2121; x_wconf 83' lang='grc' dir='ltr'>σταθεύω</span> <span class='ocrx_word' id='word_1_264' title='bbox 3005 2061 3066 2121; x_wconf 84' lang='grc' dir='ltr'>τὸ</span> <span class='ocrx_word' id='word_1_265' title='bbox 3093 2062 3277 2122; x_wconf 82' lang='grc' dir='ltr'>ὀπτάω</span> <span class='ocrx_word' id='word_1_266' title='bbox 3305 2066 3368 2123; x_wconf 76' lang='grc' dir='ltr'>ὦ.</span> <span class='ocrx_word' id='word_1_267' title='bbox 3403 2064 3478 2124; x_wconf 88' lang='lat' dir='ltr'>Et</span> <span class='ocrx_word' id='word_1_268' title='bbox 3500 2066 3578 2123; x_wconf 82' lang='lat' dir='ltr'>ad</span> 
     </span>
    </p>
   </div>
   <div class='ocr_carea' id='block_1_7' title="bbox 428 2147 3580 2239">
    <p class='ocr_par' dir='ltr' id='par_1_24' title="bbox 428 2147 3580 2239">
     <span class='ocr_line' id='line_1_42' title="bbox 428 2147 3580 2239; baseline 0 -30"><span class='ocrx_word' id='word_1_269' title='bbox 428 2150 527 2209; x_wconf 86' lang='lat' dir='ltr'>bet</span> <span class='ocrx_word' id='word_1_270' title='bbox 557 2147 970 2230; x_wconf 78' lang='grc' dir='ltr'>βδελυττόμεθα,</span> <span class='ocrx_word' id='word_1_271' title='bbox 1001 2151 1157 2229; x_wconf 86' lang='lat' dir='ltr'><strong>quod</strong></span> <span class='ocrx_word' id='word_1_272' title='bbox 1190 2150 1381 2228; x_wconf 85' lang='lat' dir='ltr'><strong>inepte</strong></span> <span class='ocrx_word' id='word_1_273' title='bbox 1411 2150 1648 2228; x_wconf 79' lang='lat' dir='ltr'><strong>ponitur</strong></span> <span class='ocrx_word' id='word_1_274' title='bbox 1669 2148 1741 2207; x_wconf 88' lang='lat' dir='ltr'>ad</span> <span class='ocrx_word' id='word_1_275' title='bbox 1769 2168 1821 2207; x_wconf 82' lang='grc' dir='ltr'>ν.</span> <span class='ocrx_word' id='word_1_276' title='bbox 1847 2149 1961 2226; x_wconf 89' lang='grc'>796</span> <span class='ocrx_word' id='word_1_277' title='bbox 1997 2198 2009 2239; x_wconf 56' lang='lat'><strong>¹</strong></span> <span class='ocrx_word' id='word_1_278' title='bbox 2042 2147 2187 2220; x_wconf 87' lang='grc'><strong>845,</strong></span> <span class='ocrx_word' id='word_1_279' title='bbox 2221 2152 2250 2207; x_wconf 82' lang='grc' dir='ltr'><strong>ὁ</strong></span> <span class='ocrx_word' id='word_1_280' title='bbox 2273 2149 2516 2226; x_wconf 82' lang='grc' dir='ltr'>σπασμὸς</span> <span class='ocrx_word' id='word_1_281' title='bbox 2543 2148 2635 2207; x_wconf 78' lang='grc' dir='ltr'>καὶ</span> <span class='ocrx_word' id='word_1_282' title='bbox 2662 2152 2693 2208; x_wconf 78' lang='grc' dir='ltr'>ὁ</span> <span class='ocrx_word' id='word_1_283' title='bbox 2713 2148 2956 2225; x_wconf 77' lang='grc' dir='ltr'>τέτανος,</span> <span class='ocrx_word' id='word_1_284' title='bbox 2982 2149 3143 2230; x_wconf 78' lang='grc' dir='ltr'>ἤγουν</span> <span class='ocrx_word' id='word_1_285' title='bbox 3170 2152 3580 2233; x_wconf 80' lang='grc' dir='ltr'>ὁγαργαλισμὸς</span> 
     </span>
    </p>
   </div>
   <div class='ocr_carea' id='block_1_8' title="bbox 431 2236 1966 2580">
    <p class='ocr_par' dir='ltr' id='par_1_25' title="bbox 431 2236 790 2315">
     <span class='ocr_line' id='line_1_43' title="bbox 431 2236 790 2315; baseline 0 -19"><span class='ocrx_word' id='word_1_286' title='bbox 431 2251 565 2315; x_wconf 80' lang='lat' dir='ltr'><strong>post</strong></span> <span class='ocrx_word' id='word_1_287' title='bbox 605 2236 790 2315; x_wconf 69' lang='grc' dir='ltr'>ἐσμέν.</span> 
     </span>
    </p>

    <p class='ocr_par' dir='ltr' id='par_1_26' title="bbox 516 2325 1113 2404">
     <span class='ocr_line' id='line_1_44' title="bbox 516 2325 1113 2404; baseline 0 -20"><span class='ocrx_word' id='word_1_288' title='bbox 516 2329 631 2402; x_wconf 89' lang='lat'>796</span> <span class='ocrx_word' id='word_1_289' title='bbox 659 2325 843 2393; x_wconf 79' lang='grc' dir='ltr'>Διὰτὸ</span> <span class='ocrx_word' id='word_1_290' title='bbox 870 2326 1013 2404; x_wconf 85' lang='grc' dir='ltr'>βδελ.</span> <span class='ocrx_word' id='word_1_291' title='bbox 1037 2331 1113 2384; x_wconf 87' lang='grc' dir='ltr'>Κ.</span> 
     </span>
    </p>

    <p class='ocr_par' dir='ltr' id='par_1_27' title="bbox 435 2402 1966 2580">
     <span class='ocr_line' id='line_1_45' title="bbox 515 2402 1966 2489; baseline 0.001 -20"><span class='ocrx_word' id='word_1_292' title='bbox 515 2413 652 2489; x_wconf 72' lang='grc'><strong>798,</strong></span> <span class='ocrx_word' id='word_1_293' title='bbox 682 2414 755 2479; x_wconf 88' lang='grc'>46</span> <span class='ocrx_word' id='word_1_294' title='bbox 783 2402 914 2472; x_wconf 78' lang='grc' dir='ltr'>Οἶον</span> <span class='ocrx_word' id='word_1_295' title='bbox 948 2431 1149 2470; x_wconf 83' lang='lat' dir='ltr'><strong>omnes</strong></span> <span class='ocrx_word' id='word_1_296' title='bbox 1177 2423 1385 2489; x_wconf 81' lang='lat' dir='ltr'><strong>praeter</strong></span> <span class='ocrx_word' id='word_1_297' title='bbox 1411 2415 1512 2483; x_wconf 64' lang='lat' dir='ltr'>K„</span> <span class='ocrx_word' id='word_1_298' title='bbox 1542 2411 1643 2487; x_wconf 85' lang='lat' dir='ltr'>qui</span> <span class='ocrx_word' id='word_1_299' title='bbox 1663 2430 1778 2470; x_wconf 84' lang='grc'><strong>0111.</strong></span> <span class='ocrx_word' id='word_1_300' title='bbox 1802 2410 1966 2471; x_wconf 77' lang='grc' dir='ltr'>κλαύ-</span> 
     </span>
     <span class='ocr_line' id='line_1_46' title="bbox 435 2494 1958 2580; baseline 0.001 -22"><span class='ocrx_word' id='word_1_301' title='bbox 435 2521 515 2558; x_wconf 88' lang='grc' dir='ltr'>σει</span> <span class='ocrx_word' id='word_1_302' title='bbox 537 2506 600 2556; x_wconf 83' lang='lat' dir='ltr'>R.</span> <span class='ocrx_word' id='word_1_303' title='bbox 625 2504 752 2557; x_wconf 82' lang='lat' dir='ltr'>Put.</span> <span class='ocrx_word' id='word_1_304' title='bbox 779 2502 969 2559; x_wconf 80' lang='lat' dir='ltr'><strong>Ceteri</strong></span> <span class='ocrx_word' id='word_1_305' title='bbox 995 2498 1219 2579; x_wconf 75' lang='grc' dir='ltr'>κλαύσῃ.</span> <span class='ocrx_word' id='word_1_306' title='bbox 1240 2536 1302 2550; x_wconf 89' lang='lat'><em>-</em></span> <span class='ocrx_word' id='word_1_307' title='bbox 1325 2500 1399 2567; x_wconf 90' lang='grc'><strong>48</strong></span> <span class='ocrx_word' id='word_1_308' title='bbox 1429 2494 1515 2556; x_wconf 77' lang='grc' dir='ltr'>ἵνα</span> <span class='ocrx_word' id='word_1_309' title='bbox 1546 2497 1680 2576; x_wconf 80' lang='grc' dir='ltr'>μήτε</span> <span class='ocrx_word' id='word_1_310' title='bbox 1702 2498 1958 2580; x_wconf 73' lang='grc' dir='ltr'>φάγῃς....</span> 
     </span>
    </p>
   </div>
   <div class='ocr_carea' id='block_1_9' title="bbox 2041 2234 3604 2577">
    <p class='ocr_par' dir='ltr' id='par_1_28' title="bbox 2041 2234 3604 2577">
     <span class='ocr_line' id='line_1_47' title="bbox 2041 2234 2676 2318; baseline 0.005 -26"><span class='ocrx_word' id='word_1_311' title='bbox 2041 2234 2130 2293; x_wconf 82' lang='grc' dir='ltr'>καὶ</span> <span class='ocrx_word' id='word_1_312' title='bbox 2163 2234 2326 2314; x_wconf 81' lang='grc' dir='ltr'>ὄρεξις</span> <span class='ocrx_word' id='word_1_313' title='bbox 2348 2240 2441 2296; x_wconf 87' lang='grc' dir='ltr'>τοῦ</span> <span class='ocrx_word' id='word_1_314' title='bbox 2466 2235 2676 2318; x_wconf 78' lang='grc' dir='ltr'>ἔρωτος.</span> 
     </span>
     <span class='ocr_line' id='line_1_48' title="bbox 2121 2324 3534 2407; baseline 0.005 -26"><span class='ocrx_word' id='word_1_315' title='bbox 2121 2324 2257 2399; x_wconf 77' lang='grc'><strong>847,</strong></span> <span class='ocrx_word' id='word_1_316' title='bbox 2290 2335 2356 2395; x_wconf 88' lang='grc'>41</span> <span class='ocrx_word' id='word_1_317' title='bbox 2391 2345 2511 2384; x_wconf 89' lang='grc'><strong>0111.</strong></span> <span class='ocrx_word' id='word_1_318' title='bbox 2543 2330 2697 2400; x_wconf 84' lang='lat' dir='ltr'><strong>Put.,</strong></span> <span class='ocrx_word' id='word_1_319' title='bbox 2722 2327 2963 2404; x_wconf 84' lang='grc'><strong>(1111849</strong></span> <span class='ocrx_word' id='word_1_320' title='bbox 2987 2340 3144 2387; x_wconf 86' lang='lat' dir='ltr'><strong>recte</strong></span> <span class='ocrx_word' id='word_1_321' title='bbox 3170 2333 3207 2402; x_wconf 81' lang='grc' dir='ltr'>ἡ</span> <span class='ocrx_word' id='word_1_322' title='bbox 3236 2330 3290 2387; x_wconf 74' lang='grc' dir='ltr'>ἐν</span> <span class='ocrx_word' id='word_1_323' title='bbox 3318 2332 3417 2407; x_wconf 77' lang='grc' dir='ltr'>ἡμ.</span> <span class='ocrx_word' id='word_1_324' title='bbox 3441 2350 3534 2388; x_wconf 92' lang='grc' dir='ltr'>σκ.</span> 
     </span>
     <span class='ocr_line' id='line_1_49' title="bbox 2122 2412 3604 2487; baseline 0.003 -18"><span class='ocrx_word' id='word_1_325' title='bbox 2122 2412 2258 2487; x_wconf 80' lang='lat'><strong>852,</strong></span> <span class='ocrx_word' id='word_1_326' title='bbox 2293 2422 2366 2482; x_wconf 88' lang='grc'>44</span> <span class='ocrx_word' id='word_1_327' title='bbox 2395 2412 2529 2478; x_wconf 84' lang='grc' dir='ltr'>τινός</span> <span class='ocrx_word' id='word_1_328' title='bbox 2561 2432 2677 2471; x_wconf 89' lang='lat' dir='ltr'>om.</span> <span class='ocrx_word' id='word_1_329' title='bbox 2705 2418 2836 2471; x_wconf 86' lang='lat' dir='ltr'>Put.</span> <span class='ocrx_word' id='word_1_330' title='bbox 3599 2446 3604 2449; x_wconf 84' lang='grc'><em>·</em></span> 
     </span>
     <span class='ocr_line' id='line_1_50' title="bbox 2122 2498 3578 2577; baseline 0.004 -22"><span class='ocrx_word' id='word_1_331' title='bbox 2122 2498 2239 2556; x_wconf 77' lang='lat'>862</span> <span class='ocrx_word' id='word_1_332' title='bbox 2269 2513 2329 2559; x_wconf 89' lang='lat' dir='ltr'>et</span> <span class='ocrx_word' id='word_1_333' title='bbox 2358 2502 2472 2560; x_wconf 83' lang='lat'>863</span> <span class='ocrx_word' id='word_1_334' title='bbox 2503 2499 2895 2560; x_wconf 81' lang='lat' dir='ltr'><strong>continuanda</strong></span> <span class='ocrx_word' id='word_1_335' title='bbox 2915 2513 2984 2558; x_wconf 88' lang='lat' dir='ltr'>ut</span> <span class='ocrx_word' id='word_1_336' title='bbox 3008 2502 3071 2560; x_wconf 88' lang='lat' dir='ltr'>in</span> <span class='ocrx_word' id='word_1_337' title='bbox 3091 2508 3220 2561; x_wconf 90' lang='lat' dir='ltr'>Put.</span> <span class='ocrx_word' id='word_1_338' title='bbox 3249 2514 3308 2561; x_wconf 91' lang='lat' dir='ltr'>et</span> <span class='ocrx_word' id='word_1_339' title='bbox 3335 2503 3408 2561; x_wconf 87' lang='lat' dir='ltr'>ad</span> <span class='ocrx_word' id='word_1_340' title='bbox 3438 2504 3578 2577; x_wconf 87' lang='grc'><strong>863,</strong></span> 
     </span>
    </p>
   </div>
   <div class='ocr_carea' id='block_1_10' title="bbox 434 2585 2552 2668">
    <p class='ocr_par' dir='ltr' id='par_1_29' title="bbox 434 2585 2552 2668">
     <span class='ocr_line' id='line_1_51' title="bbox 434 2585 2552 2668; baseline -0 -22"><span class='ocrx_word' id='word_1_341' title='bbox 434 2586 661 2668; x_wconf 88' lang='grc' dir='ltr'>σκόροδα</span> <span class='ocrx_word' id='word_1_342' title='bbox 682 2592 812 2646; x_wconf 85' lang='lat' dir='ltr'>Put.</span> <span class='ocrx_word' id='word_1_343' title='bbox 843 2589 1216 2647; x_wconf 69' lang='grc' dir='ltr'><strong>01101111ου113.</strong></span> <span class='ocrx_word' id='word_1_344' title='bbox 1243 2587 1405 2645; x_wconf 88' lang='lat' dir='ltr'><strong>Idem</strong></span> <span class='ocrx_word' id='word_1_345' title='bbox 1439 2606 1556 2645; x_wconf 88' lang='grc'><strong>0111.</strong></span> <span class='ocrx_word' id='word_1_346' title='bbox 1600 2587 1876 2665; x_wconf 77' lang='grc' dir='ltr'>μεγάλους.</span> <span class='ocrx_word' id='word_1_347' title='bbox 1901 2624 1965 2638; x_wconf 93' lang='lat'>-</span> <span class='ocrx_word' id='word_1_348' title='bbox 2039 2585 2201 2662; x_wconf 89' lang='grc' dir='ltr'>τοῦθ’,</span> <span class='ocrx_word' id='word_1_349' title='bbox 2227 2588 2552 2647; x_wconf 81' lang='lat' dir='ltr'><strong>reserenda.</strong></span> 
     </span>
    </p>
   </div>
   <div class='ocr_carea' id='block_1_11' title="bbox 427 2672 1964 5122">
    <p class='ocr_par' dir='ltr' id='par_1_30' title="bbox 430 2672 1964 2932">
     <span class='ocr_line' id='line_1_52' title="bbox 435 2672 1964 2757; baseline -0.001 -22"><span class='ocrx_word' id='word_1_350' title='bbox 435 2686 510 2750; x_wconf 88' lang='grc'>47</span> <span class='ocrx_word' id='word_1_351' title='bbox 543 2673 821 2757; x_wconf 74' lang='grc' dir='ltr'>δακρύσεις</span> <span class='ocrx_word' id='word_1_352' title='bbox 843 2673 1000 2734; x_wconf 80' lang='lat' dir='ltr'><strong>rec&#39;te</strong></span> <span class='ocrx_word' id='word_1_353' title='bbox 1025 2681 1177 2748; x_wconf 73' lang='lat' dir='ltr'><strong>Put„</strong></span> <span class='ocrx_word' id='word_1_354' title='bbox 1206 2676 1308 2753; x_wconf 84' lang='lat' dir='ltr'>qui</span> <span class='ocrx_word' id='word_1_355' title='bbox 1338 2694 1452 2733; x_wconf 91' lang='grc'><strong>0111.</strong></span> <span class='ocrx_word' id='word_1_356' title='bbox 1491 2672 1528 2745; x_wconf 75' lang='grc' dir='ltr'>ἢ</span> <span class='ocrx_word' id='word_1_357' title='bbox 1557 2673 1617 2733; x_wconf 86' lang='grc' dir='ltr'>οὗ</span> <span class='ocrx_word' id='word_1_358' title='bbox 1650 2676 1797 2748; x_wconf 86' lang='grc' dir='ltr'>πολ.,</span> <span class='ocrx_word' id='word_1_359' title='bbox 1835 2695 1964 2752; x_wconf 84' lang='lat' dir='ltr'>quae</span> 
     </span>
     <span class='ocr_line' id='line_1_53' title="bbox 434 2769 1963 2843; baseline -0.003 -17"><span class='ocrx_word' id='word_1_360' title='bbox 434 2777 799 2826; x_wconf 82' lang='lat' dir='ltr'><strong>accesserunt</strong></span> <span class='ocrx_word' id='word_1_361' title='bbox 837 2786 912 2824; x_wconf 85' lang='lat' dir='ltr'>ex</span> <span class='ocrx_word' id='word_1_362' title='bbox 947 2771 1017 2825; x_wconf 91' lang='lat' dir='ltr'>R.</span> <span class='ocrx_word' id='word_1_363' title='bbox 1065 2770 1126 2824; x_wconf 85' lang='lat'>1..</span> <span class='ocrx_word' id='word_1_364' title='bbox 1167 2769 1322 2837; x_wconf 64' lang='lat' dir='ltr'><strong>Bar„</strong></span> <span class='ocrx_word' id='word_1_365' title='bbox 1351 2783 1602 2841; x_wconf 83' lang='lat' dir='ltr'><strong>quorum</strong></span> <span class='ocrx_word' id='word_1_366' title='bbox 1638 2776 1963 2843; x_wconf 81' lang='lat' dir='ltr'><strong>postremus</strong></span> 
     </span>
     <span class='ocr_line' id='line_1_54' title="bbox 430 2852 773 2932; baseline -0.003 -17"><span class='ocrx_word' id='word_1_367' title='bbox 430 2852 773 2932; x_wconf 79' lang='grc' dir='ltr'>πολεμήσειν.</span> 
     </span>
    </p>

    <p class='ocr_par' dir='ltr' id='par_1_31' title="bbox 516 2939 1256 3024">
     <span class='ocr_line' id='line_1_55' title="bbox 516 2939 1256 3024; baseline 0.003 -22"><span class='ocrx_word' id='word_1_368' title='bbox 516 2945 654 3018; x_wconf 87' lang='grc'><strong>801,</strong></span> <span class='ocrx_word' id='word_1_369' title='bbox 687 2943 758 3013; x_wconf 88' lang='grc'><strong>54</strong></span> <span class='ocrx_word' id='word_1_370' title='bbox 786 2939 1101 3024; x_wconf 79' lang='grc' dir='ltr'>Οἷνοφῦταις</span> <span class='ocrx_word' id='word_1_371' title='bbox 1125 2946 1256 3004; x_wconf 88' lang='lat' dir='ltr'>Put.</span> 
     </span>
    </p>

    <p class='ocr_par' dir='ltr' id='par_1_32' title="bbox 437 3028 1964 3191">
     <span class='ocr_line' id='line_1_56' title="bbox 517 3028 1964 3111; baseline -0.002 -21"><span class='ocrx_word' id='word_1_372' title='bbox 517 3033 656 3103; x_wconf 89' lang='grc'><strong>804,</strong></span> <span class='ocrx_word' id='word_1_373' title='bbox 694 3041 724 3101; x_wconf 93' lang='grc'><strong>4</strong></span> <span class='ocrx_word' id='word_1_374' title='bbox 752 3030 1049 3109; x_wconf 82' lang='lat' dir='ltr'><strong>legebatur</strong></span> <span class='ocrx_word' id='word_1_375' title='bbox 1067 3030 1329 3091; x_wconf 82' lang='grc' dir='ltr'>Ἀσώπου.</span> <span class='ocrx_word' id='word_1_376' title='bbox 1355 3031 1504 3111; x_wconf 88' lang='lat' dir='ltr'><strong>(Put.</strong></span> <span class='ocrx_word' id='word_1_377' title='bbox 1525 3028 1804 3109; x_wconf 61' lang='grc' dir='ltr'>Ἀσωποῦ).</span> <span class='ocrx_word' id='word_1_378' title='bbox 1826 3032 1964 3089; x_wconf 81' lang='lat' dir='ltr'><strong>Cor·</strong></span> 
     </span>
     <span class='ocr_line' id='line_1_57' title="bbox 437 3116 1905 3191; baseline -0.002 -12"><span class='ocrx_word' id='word_1_379' title='bbox 437 3121 564 3179; x_wconf 83' lang='lat' dir='ltr'><strong>rexi</strong></span> <span class='ocrx_word' id='word_1_380' title='bbox 585 3140 657 3177; x_wconf 83' lang='lat' dir='ltr'>ex</span> <span class='ocrx_word' id='word_1_381' title='bbox 681 3120 860 3178; x_wconf 81' lang='lat' dir='ltr'><strong>schol.</strong></span> <span class='ocrx_word' id='word_1_382' title='bbox 890 3124 1019 3177; x_wconf 86' lang='lat' dir='ltr'><strong>Pac.</strong></span> <span class='ocrx_word' id='word_1_383' title='bbox 1054 3120 1185 3191; x_wconf 88' lang='grc'><strong>347.</strong></span> <span class='ocrx_word' id='word_1_384' title='bbox 1215 3123 1392 3178; x_wconf 80' lang='lat' dir='ltr'>Dum.</span> <span class='ocrx_word' id='word_1_385' title='bbox 1423 3116 1514 3176; x_wconf 69' lang='grc' dir='ltr'>καὶ</span> <span class='ocrx_word' id='word_1_386' title='bbox 1542 3138 1655 3176; x_wconf 88' lang='grc'><strong>0111.</strong></span> <span class='ocrx_word' id='word_1_387' title='bbox 1681 3123 1749 3177; x_wconf 91' lang='lat' dir='ltr'>R.</span> <span class='ocrx_word' id='word_1_388' title='bbox 1775 3122 1905 3176; x_wconf 87' lang='lat' dir='ltr'>Put.</span> 
     </span>
    </p>

    <p class='ocr_par' dir='ltr' id='par_1_33' title="bbox 427 3205 1964 4688">
     <span class='ocr_line' id='line_1_58' title="bbox 516 3205 1964 3286; baseline -0.001 -21"><span class='ocrx_word' id='word_1_389' title='bbox 516 3209 634 3266; x_wconf 82' lang='lat'>808</span> <span class='ocrx_word' id='word_1_390' title='bbox 658 3210 740 3266; x_wconf 85' lang='lat' dir='ltr'>sic</span> <span class='ocrx_word' id='word_1_391' title='bbox 767 3208 827 3265; x_wconf 82' lang='lat' dir='ltr'>in</span> <span class='ocrx_word' id='word_1_392' title='bbox 855 3212 1003 3279; x_wconf 87' lang='lat' dir='ltr'><strong>Put.‚</strong></span> <span class='ocrx_word' id='word_1_393' title='bbox 1029 3206 1219 3285; x_wconf 76' lang='grc' dir='ltr'>Τίμων</span> <span class='ocrx_word' id='word_1_394' title='bbox 1241 3229 1319 3272; x_wconf 90' lang='grc' dir='ltr'>τις</span> <span class='ocrx_word' id='word_1_395' title='bbox 1349 3205 1585 3286; x_wconf 79' lang='grc' dir='ltr'>ἀΐδρυτος</span> <span class='ocrx_word' id='word_1_396' title='bbox 1611 3210 1640 3265; x_wconf 83' lang='grc' dir='ltr'><strong>ὁ</strong></span> <span class='ocrx_word' id='word_1_397' title='bbox 1668 3205 1964 3285; x_wconf 85' lang='grc' dir='ltr'>μισάνθρω-</span> 
     </span>
     <span class='ocr_line' id='line_1_59' title="bbox 433 3285 1964 3376; baseline -0.001 -23"><span class='ocrx_word' id='word_1_398' title='bbox 433 3317 533 3363; x_wconf 83' lang='grc' dir='ltr'>πος</span> <span class='ocrx_word' id='word_1_399' title='bbox 553 3294 890 3372; x_wconf 77' lang='grc' dir='ltr'>καλούμενος.</span> <span class='ocrx_word' id='word_1_400' title='bbox 919 3285 983 3367; x_wconf 73' lang='grc' dir='ltr'>ἦν</span> <span class='ocrx_word' id='word_1_401' title='bbox 1014 3292 1069 3353; x_wconf 80' lang='grc' dir='ltr'>δὲ</span> <span class='ocrx_word' id='word_1_402' title='bbox 1105 3293 1329 3376; x_wconf 75' lang='grc' dir='ltr'>καθάρας</span> <span class='ocrx_word' id='word_1_403' title='bbox 1362 3294 1471 3371; x_wconf 87' lang='lat' dir='ltr'><strong>(sic</strong></span> <span class='ocrx_word' id='word_1_404' title='bbox 1493 3317 1506 3352; x_wconf 71' lang='grc' dir='ltr'><strong><em>ε</em></strong></span> <span class='ocrx_word' id='word_1_405' title='bbox 1526 3294 1731 3354; x_wconf 79' lang='lat' dir='ltr'><strong>Suidas</strong></span> <span class='ocrx_word' id='word_1_406' title='bbox 1759 3315 1815 3352; x_wconf 80' lang='lat' dir='ltr'>v.</span> <span class='ocrx_word' id='word_1_407' title='bbox 1856 3294 1906 3352; x_wconf 84' lang='lat' dir='ltr'>T</span> <span class='ocrx_word' id='word_1_408' title='bbox 1911 3291 1964 3351; x_wconf 85' lang='grc' dir='ltr'>ί-</span> 
     </span>
     <span class='ocr_line' id='line_1_60' title="bbox 435 3378 1963 3461; baseline -0.001 -21"><span class='ocrx_word' id='word_1_409' title='bbox 435 3405 581 3460; x_wconf 84' lang='grc' dir='ltr'>μων,</span> <span class='ocrx_word' id='word_1_410' title='bbox 607 3381 712 3440; x_wconf 85' lang='lat' dir='ltr'>ubi</span> <span class='ocrx_word' id='word_1_411' title='bbox 736 3382 932 3440; x_wconf 80' lang='lat' dir='ltr'><strong>eadem</strong></span> <span class='ocrx_word' id='word_1_412' title='bbox 952 3427 967 3456; x_wconf 87' lang='lat'>‚</span> <span class='ocrx_word' id='word_1_413' title='bbox 996 3380 1243 3461; x_wconf 85' lang='grc' dir='ltr'>καθαρός.</span> <span class='ocrx_word' id='word_1_414' title='bbox 1270 3408 1294 3434; x_wconf 73' lang='grc' dir='ltr'>«ι</span> <span class='ocrx_word' id='word_1_415' title='bbox 1317 3380 1694 3440; x_wconf 72' lang='lat' dir='ltr'><strong>scribendum</strong></span> <span class='ocrx_word' id='word_1_416' title='bbox 1719 3378 1963 3459; x_wconf 83' lang='grc' dir='ltr'>κατάρα-</span> 
     </span>
     <span class='ocr_line' id='line_1_61' title="bbox 432 3467 1962 3551; baseline -0.001 -22"><span class='ocrx_word' id='word_1_417' title='bbox 432 3492 520 3536; x_wconf 89' lang='grc' dir='ltr'>τος</span> <span class='ocrx_word' id='word_1_418' title='bbox 561 3496 608 3527; x_wconf 68' lang='lat' dir='ltr'>n.</span> <span class='ocrx_word' id='word_1_419' title='bbox 657 3468 863 3548; x_wconf 81' lang='lat' dir='ltr'>Kust.)</span> <span class='ocrx_word' id='word_1_420' title='bbox 913 3468 1124 3536; x_wconf 76' lang='grc' dir='ltr'>άὸάτοις</span> <span class='ocrx_word' id='word_1_421' title='bbox 1192 3468 1267 3529; x_wconf 78' lang='grc' dir='ltr'>ἑνὶ</span> <span class='ocrx_word' id='word_1_422' title='bbox 1320 3467 1573 3528; x_wconf 82' lang='grc' dir='ltr'>σκώλοισι</span> <span class='ocrx_word' id='word_1_423' title='bbox 1602 3467 1962 3551; x_wconf 78' lang='grc' dir='ltr'>περιειγμένος</span> 
     </span>
     <span class='ocr_line' id='line_1_62' title="bbox 436 3554 1961 3639; baseline -0.001 -23"><span class='ocrx_word' id='word_1_424' title='bbox 436 3555 729 3638; x_wconf 75' lang='grc' dir='ltr'>Ἐριννύων</span> <span class='ocrx_word' id='word_1_425' title='bbox 753 3555 997 3639; x_wconf 79' lang='grc' dir='ltr'>ἀπορρώξ</span> <span class='ocrx_word' id='word_1_426' title='bbox 1019 3580 1032 3594; x_wconf 94' lang='grc'><em>·</em></span> <span class='ocrx_word' id='word_1_427' title='bbox 1053 3554 1110 3614; x_wconf 83' lang='grc' dir='ltr'>ὅν</span> <span class='ocrx_word' id='word_1_428' title='bbox 1127 3579 1284 3639; x_wconf 88' lang='grc' dir='ltr'>φασιν</span> <span class='ocrx_word' id='word_1_429' title='bbox 1307 3556 1412 3616; x_wconf 78' lang='grc' dir='ltr'>ἀπὸ</span> <span class='ocrx_word' id='word_1_430' title='bbox 1431 3554 1961 3637; x_wconf 75' lang='grc' dir='ltr'>ἀχράδος-γενέσθαι</span> 
     </span>
     <span class='ocr_line' id='line_1_63' title="bbox 433 3635 1960 3725; baseline 0 -22"><span class='ocrx_word' id='word_1_431' title='bbox 433 3635 542 3703; x_wconf 74' lang='grc' dir='ltr'>οἷον</span> <span class='ocrx_word' id='word_1_432' title='bbox 588 3643 841 3711; x_wconf 79' lang='grc' dir='ltr'>ἀκάνθαις</span> <span class='ocrx_word' id='word_1_433' title='bbox 879 3643 1290 3724; x_wconf 76' lang='grc' dir='ltr'>τετριγγωμένον</span> <span class='ocrx_word' id='word_1_434' title='bbox 1337 3642 1427 3703; x_wconf 70' lang='grc' dir='ltr'>καὶ</span> <span class='ocrx_word' id='word_1_435' title='bbox 1455 3646 1702 3725; x_wconf 84' lang='grc' dir='ltr'>σκληροῖς</span> <span class='ocrx_word' id='word_1_436' title='bbox 1738 3644 1960 3724; x_wconf 84' lang='grc' dir='ltr'>σκόλοψι</span> 
     </span>
     <span class='ocr_line' id='line_1_64' title="bbox 436 3729 1961 3812; baseline -0.002 -21"><span class='ocrx_word' id='word_1_437' title='bbox 436 3732 527 3791; x_wconf 79' lang='grc' dir='ltr'>καὶ</span> <span class='ocrx_word' id='word_1_438' title='bbox 553 3730 1401 3812; x_wconf 78' lang='grc' dir='ltr'>παπτάλοις(310)ἠφανισμε’νον.</span> <span class='ocrx_word' id='word_1_439' title='bbox 1433 3729 1547 3789; x_wconf 74' lang='grc' dir='ltr'>ἀντὶ</span> <span class='ocrx_word' id='word_1_440' title='bbox 1584 3736 1677 3789; x_wconf 91' lang='grc' dir='ltr'>τοῦ</span> <span class='ocrx_word' id='word_1_441' title='bbox 1719 3734 1961 3811; x_wconf 74' lang='grc' dir='ltr'>σκυθρω-</span> 
     </span>
     <span class='ocr_line' id='line_1_65' title="bbox 434 3817 1961 3902; baseline -0.001 -26"><span class='ocrx_word' id='word_1_442' title='bbox 434 3818 546 3891; x_wconf 69' lang='grc' dir='ltr'>πός.</span> <span class='ocrx_word' id='word_1_443' title='bbox 566 3856 631 3874; x_wconf 72' lang='grc'>..-</span> <span class='ocrx_word' id='word_1_444' title='bbox 652 3823 686 3879; x_wconf 91' lang='grc'><strong>8</strong></span> <span class='ocrx_word' id='word_1_445' title='bbox 720 3818 824 3878; x_wconf 77' lang='grc' dir='ltr'>ἀπὸ</span> <span class='ocrx_word' id='word_1_446' title='bbox 860 3820 1088 3902; x_wconf 77' lang='grc' dir='ltr'>ἀχράδος</span> <span class='ocrx_word' id='word_1_447' title='bbox 1116 3825 1188 3879; x_wconf 85' lang='lat' dir='ltr'>R.</span> <span class='ocrx_word' id='word_1_448' title='bbox 1222 3824 1341 3876; x_wconf 80' lang='lat' dir='ltr'>Pnt.</span> <span class='ocrx_word' id='word_1_449' title='bbox 1377 3831 1435 3876; x_wconf 86' lang='lat' dir='ltr'>et</span> <span class='ocrx_word' id='word_1_450' title='bbox 1463 3817 1669 3878; x_wconf 69' lang='lat' dir='ltr'><strong>suidas</strong></span> <span class='ocrx_word' id='word_1_451' title='bbox 1690 3839 1736 3876; x_wconf 79' lang='lat' dir='ltr'>S.</span> <span class='ocrx_word' id='word_1_452' title='bbox 1765 3818 1961 3899; x_wconf 80' lang='grc' dir='ltr'>Ἄπορ-</span> 
     </span>
     <span class='ocr_line' id='line_1_66' title="bbox 435 3905 1959 3989; baseline 0.001 -25"><span class='ocrx_word' id='word_1_453' title='bbox 435 3910 605 3989; x_wconf 80' lang='grc' dir='ltr'>ρῶγας</span> <span class='ocrx_word' id='word_1_454' title='bbox 630 3919 688 3964; x_wconf 88' lang='lat' dir='ltr'>et</span> <span class='ocrx_word' id='word_1_455' title='bbox 711 3907 923 3965; x_wconf 70' lang='grc' dir='ltr'>Τίμων.</span> <span class='ocrx_word' id='word_1_456' title='bbox 953 3905 1058 3965; x_wconf 78' lang='grc' dir='ltr'>ἀπὸ</span> <span class='ocrx_word' id='word_1_457' title='bbox 1082 3906 1356 3987; x_wconf 81' lang='grc' dir='ltr'>χαράδρας</span> <span class='ocrx_word' id='word_1_458' title='bbox 1393 3910 1466 3964; x_wconf 89' lang='grc' dir='ltr'>Κ.</span> <span class='ocrx_word' id='word_1_459' title='bbox 1490 3948 1553 3958; x_wconf 90' lang='grc'><strong>-</strong></span> <span class='ocrx_word' id='word_1_460' title='bbox 1575 3927 1612 3982; x_wconf 92' lang='grc'><strong>9</strong></span> <span class='ocrx_word' id='word_1_461' title='bbox 1651 3905 1858 3986; x_wconf 84' lang='grc' dir='ltr'>χλωρὸν</span> <span class='ocrx_word' id='word_1_462' title='bbox 1888 3909 1959 3965; x_wconf 79' lang='lat' dir='ltr'>R.</span> 
     </span>
     <span class='ocr_line' id='line_1_67' title="bbox 433 3991 1962 4075; baseline -0.001 -24"><span class='ocrx_word' id='word_1_463' title='bbox 433 3993 612 4075; x_wconf 80' lang='grc' dir='ltr'>ἰατρὸν</span> <span class='ocrx_word' id='word_1_464' title='bbox 646 3999 776 4053; x_wconf 87' lang='lat' dir='ltr'>Put.</span> <span class='ocrx_word' id='word_1_465' title='bbox 807 4006 865 4051; x_wconf 88' lang='lat' dir='ltr'>et</span> <span class='ocrx_word' id='word_1_466' title='bbox 911 3993 1113 4053; x_wconf 85' lang='lat' dir='ltr'><strong>Snidas</strong></span> <span class='ocrx_word' id='word_1_467' title='bbox 1153 4014 1198 4051; x_wconf 85' lang='lat' dir='ltr'>S.</span> <span class='ocrx_word' id='word_1_468' title='bbox 1230 3991 1362 4067; x_wconf 84' lang='grc' dir='ltr'>Τίμ.</span> <span class='ocrx_word' id='word_1_469' title='bbox 1384 4029 1448 4042; x_wconf 88' lang='grc'><strong>-</strong></span> <span class='ocrx_word' id='word_1_470' title='bbox 1484 4013 1552 4050; x_wconf 88' lang='grc'>10</span> <span class='ocrx_word' id='word_1_471' title='bbox 1591 3992 1678 4051; x_wconf 83' lang='grc' dir='ltr'>τὸν</span> <span class='ocrx_word' id='word_1_472' title='bbox 1703 3992 1866 4072; x_wconf 80' lang='grc' dir='ltr'>τάφον</span> <span class='ocrx_word' id='word_1_473' title='bbox 1900 4004 1962 4050; x_wconf 89' lang='lat' dir='ltr'>et</span> 
     </span>
     <span class='ocr_line' id='line_1_68' title="bbox 440 4077 1959 4157; baseline 0.001 -20"><span class='ocrx_word' id='word_1_474' title='bbox 440 4102 503 4138; x_wconf 86' lang='lat'>11</span> <span class='ocrx_word' id='word_1_475' title='bbox 551 4082 653 4140; x_wconf 75' lang='grc' dir='ltr'>ὑπὸ</span> <span class='ocrx_word' id='word_1_476' title='bbox 693 4081 811 4139; x_wconf 86' lang='grc' dir='ltr'>θαλ.</span> <span class='ocrx_word' id='word_1_477' title='bbox 851 4101 983 4139; x_wconf 90' lang='lat' dir='ltr'>cum</span> <span class='ocrx_word' id='word_1_478' title='bbox 1029 4078 1405 4157; x_wconf 81' lang='lat' dir='ltr'><strong>sequentibus</strong></span> <span class='ocrx_word' id='word_1_479' title='bbox 1440 4099 1553 4137; x_wconf 88' lang='lat' dir='ltr'>om.</span> <span class='ocrx_word' id='word_1_480' title='bbox 1588 4085 1719 4138; x_wconf 87' lang='lat' dir='ltr'>Put.</span> <span class='ocrx_word' id='word_1_481' title='bbox 1763 4077 1959 4139; x_wconf 75' lang='grc' dir='ltr'>ἄὸατον</span> 
     </span>
     <span class='ocr_line' id='line_1_69' title="bbox 434 4165 1956 4249; baseline -0.002 -21"><span class='ocrx_word' id='word_1_482' title='bbox 434 4193 542 4249; x_wconf 87' lang='grc' dir='ltr'>γεν.</span> <span class='ocrx_word' id='word_1_483' title='bbox 573 4177 636 4227; x_wconf 86' lang='lat' dir='ltr'>R.</span> <span class='ocrx_word' id='word_1_484' title='bbox 681 4174 812 4228; x_wconf 88' lang='lat' dir='ltr'>Put.</span> <span class='ocrx_word' id='word_1_485' title='bbox 855 4181 911 4224; x_wconf 89' lang='lat' dir='ltr'>et</span> <span class='ocrx_word' id='word_1_486' title='bbox 955 4167 1177 4226; x_wconf 83' lang='lat' dir='ltr'><strong>Suidas.</strong></span> <span class='ocrx_word' id='word_1_487' title='bbox 1221 4169 1377 4226; x_wconf 84' lang='grc' dir='ltr'>αὗτοῦ</span> <span class='ocrx_word' id='word_1_488' title='bbox 1404 4190 1512 4245; x_wconf 82' lang='grc' dir='ltr'>γεν.</span> <span class='ocrx_word' id='word_1_489' title='bbox 1557 4165 1645 4225; x_wconf 75' lang='grc' dir='ltr'>ἄδ.</span> <span class='ocrx_word' id='word_1_490' title='bbox 1693 4173 1855 4225; x_wconf 77' lang='lat' dir='ltr'>R...</span> <span class='ocrx_word' id='word_1_491' title='bbox 1890 4189 1956 4225; x_wconf 77' lang='lat'>12</span> 
     </span>
     <span class='ocr_line' id='line_1_70' title="bbox 434 4255 1951 4337; baseline -0.002 -21"><span class='ocrx_word' id='word_1_492' title='bbox 434 4260 696 4337; x_wconf 80' lang='grc' dir='ltr'>Πειραιῶς</span> <span class='ocrx_word' id='word_1_493' title='bbox 732 4262 799 4315; x_wconf 88' lang='lat' dir='ltr'>L.</span> <span class='ocrx_word' id='word_1_494' title='bbox 832 4268 889 4314; x_wconf 84' lang='lat' dir='ltr'>et</span> <span class='ocrx_word' id='word_1_495' title='bbox 931 4255 1154 4314; x_wconf 75' lang='lat' dir='ltr'><strong>SuidaS.</strong></span> <span class='ocrx_word' id='word_1_496' title='bbox 1196 4263 1427 4335; x_wconf 83' lang='grc' dir='ltr'>πειραῑος</span> <span class='ocrx_word' id='word_1_497' title='bbox 1471 4261 1542 4313; x_wconf 86' lang='lat' dir='ltr'>R.</span> <span class='ocrx_word' id='word_1_498' title='bbox 1578 4261 1843 4334; x_wconf 83' lang='grc' dir='ltr'>πειραιοῦς</span> <span class='ocrx_word' id='word_1_499' title='bbox 1874 4261 1951 4313; x_wconf 85' lang='grc' dir='ltr'>Κ.</span> 
     </span>
     <span class='ocr_line' id='line_1_71' title="bbox 434 4342 1954 4427; baseline -0.001 -23"><span class='ocrx_word' id='word_1_500' title='bbox 434 4345 658 4427; x_wconf 75' lang='grc' dir='ltr'>φερούσῃ</span> <span class='ocrx_word' id='word_1_501' title='bbox 680 4351 985 4404; x_wconf 73' lang='lat' dir='ltr'><strong>Kusterns..</strong></span> <span class='ocrx_word' id='word_1_502' title='bbox 1020 4342 1348 4420; x_wconf 80' lang='lat' dir='ltr'><strong>Legebatur</strong></span> <span class='ocrx_word' id='word_1_503' title='bbox 1379 4342 1607 4424; x_wconf 77' lang='grc' dir='ltr'>φυγούσῃ</span> <span class='ocrx_word' id='word_1_504' title='bbox 1626 4389 1642 4417; x_wconf 96' lang='grc'>,</span> <span class='ocrx_word' id='word_1_505' title='bbox 1672 4357 1736 4402; x_wconf 89' lang='lat' dir='ltr'>ut</span> <span class='ocrx_word' id='word_1_506' title='bbox 1759 4346 1818 4402; x_wconf 90' lang='lat' dir='ltr'>in</span> <span class='ocrx_word' id='word_1_507' title='bbox 1851 4365 1954 4402; x_wconf 91' lang='lat' dir='ltr'>co-</span> 
     </span>
     <span class='ocr_line' id='line_1_72' title="bbox 436 4429 1957 4512; baseline -0.002 -20"><span class='ocrx_word' id='word_1_508' title='bbox 436 4432 659 4492; x_wconf 85' lang='lat' dir='ltr'><strong>dicibus</strong></span> <span class='ocrx_word' id='word_1_509' title='bbox 681 4432 872 4491; x_wconf 80' lang='lat' dir='ltr'><strong>Suidae</strong></span> <span class='ocrx_word' id='word_1_510' title='bbox 894 4451 942 4490; x_wconf 78' lang='lat' dir='ltr'>s.</span> <span class='ocrx_word' id='word_1_511' title='bbox 971 4429 1323 4512; x_wconf 77' lang='grc' dir='ltr'>Ἀπορρῶγος,</span> <span class='ocrx_word' id='word_1_512' title='bbox 1350 4452 1598 4509; x_wconf 79' lang='lat' dir='ltr'><strong>quorum</strong></span> <span class='ocrx_word' id='word_1_513' title='bbox 1628 4433 1687 4489; x_wconf 89' lang='lat' dir='ltr'>in</span> <span class='ocrx_word' id='word_1_514' title='bbox 1712 4434 1957 4490; x_wconf 83' lang='lat' dir='ltr'><strong>Bruxel—</strong></span> 
     </span>
     <span class='ocr_line' id='line_1_73' title="bbox 430 4517 1958 4601; baseline 0 -23"><span class='ocrx_word' id='word_1_515' title='bbox 430 4521 574 4579; x_wconf 76' lang='lat' dir='ltr'><strong>lensi</strong></span> <span class='ocrx_word' id='word_1_516' title='bbox 622 4520 1073 4599; x_wconf 81' lang='lat' dir='ltr'><strong>superscriptum</strong></span> <span class='ocrx_word' id='word_1_517' title='bbox 1125 4517 1374 4601; x_wconf 81' lang='grc' dir='ltr'>φερούσῃ.</span> <span class='ocrx_word' id='word_1_518' title='bbox 1426 4519 1721 4578; x_wconf 85' lang='lat' dir='ltr'><strong>Editiones</strong></span> <span class='ocrx_word' id='word_1_519' title='bbox 1769 4519 1958 4579; x_wconf 82' lang='lat' dir='ltr'><strong>snidae</strong></span> 
     </span>
     <span class='ocr_line' id='line_1_74' title="bbox 427 4605 646 4688; baseline 0.018 -26"><span class='ocrx_word' id='word_1_520' title='bbox 427 4605 646 4688; x_wconf 64' lang='lat' dir='ltr'>dyo-5¹:31.</span> 
     </span>
    </p>

    <p class='ocr_par' dir='ltr' id='par_1_34' title="bbox 433 4695 1958 5122">
     <span class='ocr_line' id='line_1_75' title="bbox 513 4695 1955 4780; baseline 0.003 -29"><span class='ocrx_word' id='word_1_521' title='bbox 513 4695 648 4769; x_wconf 86' lang='lat'><strong>809,</strong></span> <span class='ocrx_word' id='word_1_522' title='bbox 688 4703 753 4763; x_wconf 90' lang='grc'>14</span> <span class='ocrx_word' id='word_1_523' title='bbox 782 4696 1184 4775; x_wconf 86' lang='grc' dir='ltr'>Τετριχωμένος</span> <span class='ocrx_word' id='word_1_524' title='bbox 1217 4699 1286 4754; x_wconf 84' lang='lat' dir='ltr'>R.</span> <span class='ocrx_word' id='word_1_525' title='bbox 1322 4710 1380 4755; x_wconf 90' lang='lat' dir='ltr'>et</span> <span class='ocrx_word' id='word_1_526' title='bbox 1419 4696 1625 4755; x_wconf 84' lang='lat' dir='ltr'><strong>suidas</strong></span> <span class='ocrx_word' id='word_1_527' title='bbox 1652 4718 1700 4756; x_wconf 84' lang='lat' dir='ltr'>s.</span> <span class='ocrx_word' id='word_1_528' title='bbox 1748 4696 1955 4780; x_wconf 81' lang='grc' dir='ltr'>Ἀπορρ.</span> 
     </span>
     <span class='ocr_line' id='line_1_76' title="bbox 439 4780 1952 4866; baseline 0.001 -26"><span class='ocrx_word' id='word_1_529' title='bbox 439 4784 598 4840; x_wconf 88' lang='lat' dir='ltr'><strong>Idem</strong></span> <span class='ocrx_word' id='word_1_530' title='bbox 645 4801 690 4840; x_wconf 81' lang='lat' dir='ltr'>s,</span> <span class='ocrx_word' id='word_1_531' title='bbox 726 4782 947 4858; x_wconf 86' lang='grc' dir='ltr'>Τίμων,</span> <span class='ocrx_word' id='word_1_532' title='bbox 982 4780 1410 4864; x_wconf 67' lang='grc' dir='ltr'>τεθριγγωμίνος.</span> <span class='ocrx_word' id='word_1_533' title='bbox 1455 4787 1584 4841; x_wconf 84' lang='lat' dir='ltr'>Put.</span> <span class='ocrx_word' id='word_1_534' title='bbox 1630 4806 1952 4866; x_wconf 86' lang='grc' dir='ltr'>τετριγγωμ.</span> 
     </span>
     <span class='ocr_line' id='line_1_77' title="bbox 436 4869 1956 4952; baseline 0.001 -24"><span class='ocrx_word' id='word_1_535' title='bbox 436 4875 618 4928; x_wconf 84' lang='lat' dir='ltr'><strong>Recte</strong></span> <span class='ocrx_word' id='word_1_536' title='bbox 648 4874 929 4928; x_wconf 78' lang='lat' dir='ltr'><strong>Kusterus</strong></span> <span class='ocrx_word' id='word_1_537' title='bbox 965 4869 1390 4951; x_wconf 79' lang='grc' dir='ltr'>τεθριγκωμένος.</span> <span class='ocrx_word' id='word_1_538' title='bbox 1423 4870 1749 4949; x_wconf 76' lang='lat' dir='ltr'><strong>Legebatur</strong></span> <span class='ocrx_word' id='word_1_539' title='bbox 1773 4893 1956 4952; x_wconf 85' lang='grc' dir='ltr'>τετρυ-</span> 
     </span>
     <span class='ocr_line' id='line_1_78' title="bbox 433 4956 1958 5041; baseline 0.001 -24"><span class='ocrx_word' id='word_1_540' title='bbox 433 4956 693 5037; x_wconf 67' lang='grc' dir='ltr'>χωμένος.</span> <span class='ocrx_word' id='word_1_541' title='bbox 716 4957 942 5017; x_wconf 81' lang='lat' dir='ltr'><strong>Deinde</strong></span> <span class='ocrx_word' id='word_1_542' title='bbox 965 4957 1058 5018; x_wconf 81' lang='grc' dir='ltr'>καὶ</span> <span class='ocrx_word' id='word_1_543' title='bbox 1079 4960 1321 5041; x_wconf 84' lang='grc' dir='ltr'>σκληροῖς</span> <span class='ocrx_word' id='word_1_544' title='bbox 1339 4956 1558 5041; x_wconf 80' lang='grc' dir='ltr'>σκόλοψι</span> <span class='ocrx_word' id='word_1_545' title='bbox 1584 4965 1714 5019; x_wconf 88' lang='lat' dir='ltr'>Put.</span> <span class='ocrx_word' id='word_1_546' title='bbox 1742 4972 1803 5018; x_wconf 88' lang='lat' dir='ltr'>et</span> <span class='ocrx_word' id='word_1_547' title='bbox 1823 4959 1958 5019; x_wconf 87' lang='lat' dir='ltr'><strong>Sui-</strong></span> 
     </span>
     <span class='ocr_line' id='line_1_79' title="bbox 435 5044 1950 5122; baseline 0.001 -17"><span class='ocrx_word' id='word_1_548' title='bbox 435 5047 539 5105; x_wconf 67' lang='grc'><strong>1105</strong></span> <span class='ocrx_word' id='word_1_549' title='bbox 564 5065 616 5104; x_wconf 77' lang='grc' dir='ltr'>ε.</span> <span class='ocrx_word' id='word_1_550' title='bbox 654 5044 864 5122; x_wconf 80' lang='grc' dir='ltr'>Τίμων.</span> <span class='ocrx_word' id='word_1_551' title='bbox 888 5080 957 5092; x_wconf 89' lang='grc'><strong>-</strong></span> <span class='ocrx_word' id='word_1_552' title='bbox 1002 5048 1068 5105; x_wconf 87' lang='grc'>15</span> <span class='ocrx_word' id='word_1_553' title='bbox 1099 5044 1296 5113; x_wconf 81' lang='grc' dir='ltr'>Ἄλλως</span> <span class='ocrx_word' id='word_1_554' title='bbox 1325 5054 1390 5107; x_wconf 85' lang='lat' dir='ltr'>R.</span> <span class='ocrx_word' id='word_1_555' title='bbox 1417 5044 1453 5118; x_wconf 79' lang='grc' dir='ltr'>ἢ</span> <span class='ocrx_word' id='word_1_556' title='bbox 1491 5070 1577 5107; x_wconf 87' lang='grc' dir='ltr'>σκ.</span> <span class='ocrx_word' id='word_1_557' title='bbox 1607 5054 1685 5107; x_wconf 83' lang='grc' dir='ltr'>Κ.</span> <span class='ocrx_word' id='word_1_558' title='bbox 1725 5061 1785 5107; x_wconf 86' lang='lat' dir='ltr'>et</span> <span class='ocrx_word' id='word_1_559' title='bbox 1814 5048 1950 5107; x_wconf 89' lang='lat' dir='ltr'><strong>Sui-</strong></span> 
     </span>
    </p>
   </div>
   <div class='ocr_carea' id='block_1_12' title="bbox 2033 2673 3580 5127">
    <p class='ocr_par' dir='ltr' id='par_1_35' title="bbox 2040 2673 3578 2921">
     <span class='ocr_line' id='line_1_80' title="bbox 2120 2673 3578 2756; baseline 0.005 -24"><span class='ocrx_word' id='word_1_560' title='bbox 2120 2676 2256 2746; x_wconf 90' lang='grc'><strong>864,</strong></span> <span class='ocrx_word' id='word_1_561' title='bbox 2289 2677 2361 2733; x_wconf 76' lang='lat'>52</span> <span class='ocrx_word' id='word_1_562' title='bbox 2389 2674 2531 2734; x_wconf 78' lang='grc' dir='ltr'>ἔνθεν</span> <span class='ocrx_word' id='word_1_563' title='bbox 2556 2682 2687 2737; x_wconf 85' lang='lat' dir='ltr'>Put.</span> <span class='ocrx_word' id='word_1_564' title='bbox 2720 2695 2832 2754; x_wconf 84' lang='lat' dir='ltr'>pro</span> <span class='ocrx_word' id='word_1_565' title='bbox 2855 2673 3008 2736; x_wconf 78' lang='grc' dir='ltr'>ὅπου.</span> <span class='ocrx_word' id='word_1_566' title='bbox 3035 2677 3190 2736; x_wconf 90' lang='lat' dir='ltr'><strong>Idem</strong></span> <span class='ocrx_word' id='word_1_567' title='bbox 3226 2679 3301 2737; x_wconf 76' lang='lat' dir='ltr'>ad</span> <span class='ocrx_word' id='word_1_568' title='bbox 3327 2680 3444 2737; x_wconf 88' lang='grc'><strong>866</strong></span> <span class='ocrx_word' id='word_1_569' title='bbox 3466 2724 3485 2756; x_wconf 93' lang='grc'>,</span> <span class='ocrx_word' id='word_1_570' title='bbox 3513 2681 3578 2739; x_wconf 85' lang='grc'>111</span> 
     </span>
     <span class='ocr_line' id='line_1_81' title="bbox 2040 2763 3576 2846; baseline 0.004 -25"><span class='ocrx_word' id='word_1_571' title='bbox 2040 2783 2159 2842; x_wconf 75' lang='lat' dir='ltr'>quo</span> <span class='ocrx_word' id='word_1_572' title='bbox 2227 2765 2454 2824; x_wconf 81' lang='lat' dir='ltr'><strong>codices</strong></span> <span class='ocrx_word' id='word_1_573' title='bbox 2502 2763 2745 2837; x_wconf 74' lang='grc' dir='ltr'>ξυνῆλθεν</span> <span class='ocrx_word' id='word_1_574' title='bbox 2766 2788 2782 2823; x_wconf 74' lang='grc' dir='ltr'>ε</span> <span class='ocrx_word' id='word_1_575' title='bbox 2807 2764 2968 2844; x_wconf 80' lang='grc' dir='ltr'>ἤγουν</span> <span class='ocrx_word' id='word_1_576' title='bbox 3009 2763 3101 2825; x_wconf 71' lang='grc' dir='ltr'>σὺν</span> <span class='ocrx_word' id='word_1_577' title='bbox 3134 2769 3264 2844; x_wconf 84' lang='grc' dir='ltr'>ἡμῖν</span> <span class='ocrx_word' id='word_1_578' title='bbox 3303 2775 3420 2834; x_wconf 86' lang='grc' dir='ltr'>ταῖς</span> <span class='ocrx_word' id='word_1_579' title='bbox 3478 2790 3576 2846; x_wconf 81' lang='grc' dir='ltr'>γυ·</span> 
     </span>
     <span class='ocr_line' id='line_1_82' title="bbox 2040 2849 2195 2921; baseline 0.013 -11"><span class='ocrx_word' id='word_1_580' title='bbox 2040 2849 2195 2921; x_wconf 78' lang='grc' dir='ltr'>ναιξί.</span> 
     </span>
    </p>

    <p class='ocr_par' dir='ltr' id='par_1_36' title="bbox 2038 2939 3580 3196">
     <span class='ocr_line' id='line_1_83' title="bbox 2121 2939 3580 3025; baseline 0.002 -27"><span class='ocrx_word' id='word_1_581' title='bbox 2121 2942 2240 3018; x_wconf 90' lang='grc'>869</span> <span class='ocrx_word' id='word_1_582' title='bbox 2263 2944 2394 2999; x_wconf 87' lang='lat' dir='ltr'>Put.</span> <span class='ocrx_word' id='word_1_583' title='bbox 2422 2961 2437 2997; x_wconf 76' lang='grc'>1</span> <span class='ocrx_word' id='word_1_584' title='bbox 2466 2939 2584 2999; x_wconf 80' lang='grc' dir='ltr'>ἀντὶ</span> <span class='ocrx_word' id='word_1_585' title='bbox 2609 2945 2702 2999; x_wconf 92' lang='grc' dir='ltr'>τοῦ</span> <span class='ocrx_word' id='word_1_586' title='bbox 2721 2939 2930 3010; x_wconf 82' lang='grc' dir='ltr'>ἔστυξα·</span> <span class='ocrx_word' id='word_1_587' title='bbox 2954 2940 3312 3021; x_wconf 69' lang='grc' dir='ltr'>ἔδδελυξάμην</span> <span class='ocrx_word' id='word_1_588' title='bbox 3331 2941 3400 3001; x_wconf 76' lang='grc' dir='ltr'>τὰ</span> <span class='ocrx_word' id='word_1_589' title='bbox 3429 2942 3580 3025; x_wconf 77' lang='grc' dir='ltr'>βρώ-</span> 
     </span>
     <span class='ocr_line' id='line_1_84' title="bbox 2041 3026 3577 3112; baseline 0.004 -25"><span class='ocrx_word' id='word_1_590' title='bbox 2041 3053 2204 3107; x_wconf 87' lang='grc' dir='ltr'>ματα.</span> <span class='ocrx_word' id='word_1_591' title='bbox 2231 3028 2403 3097; x_wconf 80' lang='grc' dir='ltr'>στῦζω</span> <span class='ocrx_word' id='word_1_592' title='bbox 2428 3026 2530 3110; x_wconf 79' lang='grc' dir='ltr'>γὰρ</span> <span class='ocrx_word' id='word_1_593' title='bbox 2558 3029 2650 3088; x_wconf 76' lang='grc' dir='ltr'>καὶ</span> <span class='ocrx_word' id='word_1_594' title='bbox 2681 3030 2857 3111; x_wconf 81' lang='grc' dir='ltr'>στῦγω</span> <span class='ocrx_word' id='word_1_595' title='bbox 2895 3030 2958 3090; x_wconf 78' lang='grc' dir='ltr'>τὸ</span> <span class='ocrx_word' id='word_1_596' title='bbox 2986 3034 3147 3110; x_wconf 78' lang='grc' dir='ltr'>μισῶ.</span> <span class='ocrx_word' id='word_1_597' title='bbox 3180 3032 3216 3105; x_wconf 78' lang='grc' dir='ltr'>ἢ</span> <span class='ocrx_word' id='word_1_598' title='bbox 3244 3028 3577 3112; x_wconf 70' lang='grc' dir='ltr'>ἀνατεταμί-</span> 
     </span>
     <span class='ocr_line' id='line_1_85' title="bbox 2038 3113 2590 3196; baseline 0.005 -23"><span class='ocrx_word' id='word_1_599' title='bbox 2038 3138 2125 3175; x_wconf 91' lang='grc' dir='ltr'>νον</span> <span class='ocrx_word' id='word_1_600' title='bbox 2149 3113 2259 3196; x_wconf 78' lang='grc' dir='ltr'>ἔχω</span> <span class='ocrx_word' id='word_1_601' title='bbox 2290 3115 2352 3175; x_wconf 81' lang='grc' dir='ltr'>τὸ</span> <span class='ocrx_word' id='word_1_602' title='bbox 2376 3115 2590 3177; x_wconf 80' lang='grc' dir='ltr'>αἰδοῖον.</span> 
     </span>
    </p>

    <p class='ocr_par' dir='ltr' id='par_1_37' title="bbox 2037 3201 3576 3547">
     <span class='ocr_line' id='line_1_86' title="bbox 2120 3201 3576 3288; baseline 0.003 -26"><span class='ocrx_word' id='word_1_603' title='bbox 2120 3205 2228 3275; x_wconf 89' lang='grc'>871</span> <span class='ocrx_word' id='word_1_604' title='bbox 2270 3204 2376 3282; x_wconf 87' lang='lat' dir='ltr'>(ad</span> <span class='ocrx_word' id='word_1_605' title='bbox 2410 3201 2486 3281; x_wconf 76' lang='grc' dir='ltr'>μὴ</span> <span class='ocrx_word' id='word_1_606' title='bbox 2524 3202 2718 3283; x_wconf 86' lang='grc' dir='ltr'>κάλει)</span> <span class='ocrx_word' id='word_1_607' title='bbox 2757 3209 2887 3262; x_wconf 86' lang='lat' dir='ltr'>Put.</span> <span class='ocrx_word' id='word_1_608' title='bbox 2913 3226 2927 3262; x_wconf 74' lang='grc' dir='ltr'>ε</span> <span class='ocrx_word' id='word_1_609' title='bbox 2949 3203 3079 3285; x_wconf 83' lang='grc' dir='ltr'>πρὸς</span> <span class='ocrx_word' id='word_1_610' title='bbox 3118 3206 3489 3288; x_wconf 79' lang='grc' dir='ltr'>Λυσιστράτην</span> <span class='ocrx_word' id='word_1_611' title='bbox 3536 3211 3576 3280; x_wconf 73' lang='grc' dir='ltr'><strong>ἦ</strong></span> 
     </span>
     <span class='ocr_line' id='line_1_87' title="bbox 2040 3289 3576 3371; baseline 0.003 -22"><span class='ocrx_word' id='word_1_612' title='bbox 2040 3290 2282 3371; x_wconf 84' lang='grc' dir='ltr'>Μυρρίνη</span> <span class='ocrx_word' id='word_1_613' title='bbox 2329 3295 2497 3349; x_wconf 89' lang='grc' dir='ltr'>ταῦτα</span> <span class='ocrx_word' id='word_1_614' title='bbox 2540 3289 2704 3369; x_wconf 78' lang='grc' dir='ltr'>λέγει.</span> <span class='ocrx_word' id='word_1_615' title='bbox 2735 3289 2904 3371; x_wconf 81' lang='grc' dir='ltr'>τούτῳ</span> <span class='ocrx_word' id='word_1_616' title='bbox 2924 3335 2942 3365; x_wconf 93' lang='grc'><strong>,</strong></span> <span class='ocrx_word' id='word_1_617' title='bbox 2980 3290 3141 3370; x_wconf 78' lang='grc' dir='ltr'>ἤγουν</span> <span class='ocrx_word' id='word_1_618' title='bbox 3190 3291 3342 3352; x_wconf 70' lang='grc' dir='ltr'>ἕνεκα</span> <span class='ocrx_word' id='word_1_619' title='bbox 3387 3292 3576 3353; x_wconf 76' lang='grc' dir='ltr'>τούτου</span> 
     </span>
     <span class='ocr_line' id='line_1_88' title="bbox 2037 3376 3576 3461; baseline 0.003 -24"><span class='ocrx_word' id='word_1_620' title='bbox 2037 3384 2129 3437; x_wconf 88' lang='grc' dir='ltr'>τοῦ</span> <span class='ocrx_word' id='word_1_621' title='bbox 2152 3380 2283 3456; x_wconf 79' lang='grc' dir='ltr'>ἐμοῦ</span> <span class='ocrx_word' id='word_1_622' title='bbox 2316 3376 2498 3458; x_wconf 80' lang='grc' dir='ltr'>ἀνδρὸς</span> <span class='ocrx_word' id='word_1_623' title='bbox 2527 3377 2800 3450; x_wconf 83' lang='grc' dir='ltr'>Κινησίου.</span> <span class='ocrx_word' id='word_1_624' title='bbox 2834 3382 2907 3437; x_wconf 89' lang='lat' dir='ltr'>Et</span> <span class='ocrx_word' id='word_1_625' title='bbox 2938 3380 3014 3437; x_wconf 79' lang='lat' dir='ltr'>ad</span> <span class='ocrx_word' id='word_1_626' title='bbox 3053 3380 3200 3455; x_wconf 72' lang='lat'><strong>872,</strong></span> <span class='ocrx_word' id='word_1_627' title='bbox 3225 3379 3391 3458; x_wconf 83' lang='grc' dir='ltr'>ἤγουν</span> <span class='ocrx_word' id='word_1_628' title='bbox 3421 3381 3478 3441; x_wconf 88' lang='grc' dir='ltr'>τί</span> <span class='ocrx_word' id='word_1_629' title='bbox 3507 3404 3576 3461; x_wconf 85' lang='grc' dir='ltr'>με</span> 
     </span>
     <span class='ocr_line' id='line_1_89' title="bbox 2038 3463 3190 3547; baseline 0.002 -23"><span class='ocrx_word' id='word_1_630' title='bbox 2038 3465 2348 3544; x_wconf 77' lang='grc' dir='ltr'>ἀποφεύγεις</span> <span class='ocrx_word' id='word_1_631' title='bbox 2374 3464 2465 3524; x_wconf 72' lang='grc' dir='ltr'>καὶ</span> <span class='ocrx_word' id='word_1_632' title='bbox 2494 3467 2588 3524; x_wconf 77' lang='grc' dir='ltr'>οὐκ</span> <span class='ocrx_word' id='word_1_633' title='bbox 2620 3463 2751 3547; x_wconf 77' lang='grc' dir='ltr'>ἔρχῃ</span> <span class='ocrx_word' id='word_1_634' title='bbox 2786 3466 3012 3525; x_wconf 77' lang='grc' dir='ltr'>ἐνταῦτα</span> <span class='ocrx_word' id='word_1_635' title='bbox 3044 3468 3190 3547; x_wconf 80' lang='lat' dir='ltr'><strong>(sic).</strong></span> 
     </span>
    </p>

    <p class='ocr_par' dir='ltr' id='par_1_38' title="bbox 2037 3552 3575 3808">
     <span class='ocr_line' id='line_1_90' title="bbox 2118 3552 3573 3634; baseline 0.005 -25"><span class='ocrx_word' id='word_1_636' title='bbox 2118 3552 2232 3625; x_wconf 79' lang='grc'>873</span> <span class='ocrx_word' id='word_1_637' title='bbox 2264 3554 2345 3611; x_wconf 87' lang='lat' dir='ltr'>sic</span> <span class='ocrx_word' id='word_1_638' title='bbox 2371 3557 2530 3626; x_wconf 66' lang='lat' dir='ltr'>Fut„</span> <span class='ocrx_word' id='word_1_639' title='bbox 2556 3552 2618 3612; x_wconf 83' lang='grc' dir='ltr'>τὸ</span> <span class='ocrx_word' id='word_1_640' title='bbox 2637 3554 2835 3634; x_wconf 76' lang='grc' dir='ltr'>πλῆρες</span> <span class='ocrx_word' id='word_1_641' title='bbox 2862 3552 3079 3624; x_wconf 76' lang='grc' dir='ltr'>αὐτόσε,</span> <span class='ocrx_word' id='word_1_642' title='bbox 3109 3554 3226 3613; x_wconf 76' lang='grc' dir='ltr'>ἀντὶ</span> <span class='ocrx_word' id='word_1_643' title='bbox 3264 3560 3358 3614; x_wconf 90' lang='grc' dir='ltr'>τοῦ</span> <span class='ocrx_word' id='word_1_644' title='bbox 3385 3555 3573 3616; x_wconf 81' lang='grc' dir='ltr'>αὖτόσε</span> 
     </span>
     <span class='ocr_line' id='line_1_91' title="bbox 2037 3630 3575 3723; baseline 0.004 -26"><span class='ocrx_word' id='word_1_645' title='bbox 2037 3639 2161 3698; x_wconf 79' lang='grc' dir='ltr'>ἔνθα</span> <span class='ocrx_word' id='word_1_646' title='bbox 2185 3639 2247 3700; x_wconf 78' lang='grc' dir='ltr'>σὺ</span> <span class='ocrx_word' id='word_1_647' title='bbox 2275 3630 2339 3699; x_wconf 64' lang='grc' dir='ltr'>εἴ.</span> <span class='ocrx_word' id='word_1_648' title='bbox 2372 3642 2429 3697; x_wconf 81' lang='grc' dir='ltr'>οὗ</span> <span class='ocrx_word' id='word_1_649' title='bbox 2457 3639 2837 3719; x_wconf 76' lang='grc' dir='ltr'>καταὸήσομαι</span> <span class='ocrx_word' id='word_1_650' title='bbox 2858 3643 2919 3700; x_wconf 73' lang='grc' dir='ltr'>ἐκ</span> <span class='ocrx_word' id='word_1_651' title='bbox 2950 3644 3046 3712; x_wconf 77' lang='grc' dir='ltr'>τῆς</span> <span class='ocrx_word' id='word_1_652' title='bbox 3073 3641 3432 3723; x_wconf 77' lang='grc' dir='ltr'>ἀκροπόλεως,</span> <span class='ocrx_word' id='word_1_653' title='bbox 3453 3645 3575 3703; x_wconf 74' lang='grc' dir='ltr'>ἀλλ’</span> 
     </span>
     <span class='ocr_line' id='line_1_92' title="bbox 2038 3726 2439 3808; baseline 0.002 -23"><span class='ocrx_word' id='word_1_654' title='bbox 2038 3726 2187 3786; x_wconf 81' lang='grc' dir='ltr'>ἄπιθι</span> <span class='ocrx_word' id='word_1_655' title='bbox 2213 3728 2439 3808; x_wconf 87' lang='grc' dir='ltr'>χαίρων.</span> 
     </span>
    </p>

    <p class='ocr_par' dir='ltr' id='par_1_39' title="bbox 2034 3813 3571 4158">
     <span class='ocr_line' id='line_1_93' title="bbox 2120 3813 3363 3897; baseline 0.002 -25"><span class='ocrx_word' id='word_1_656' title='bbox 2120 3815 2234 3886; x_wconf 88' lang='grc'>875</span> <span class='ocrx_word' id='word_1_657' title='bbox 2262 3820 2389 3874; x_wconf 86' lang='lat' dir='ltr'>Put.</span> <span class='ocrx_word' id='word_1_658' title='bbox 2419 3836 2433 3873; x_wconf 73' lang='grc' dir='ltr'>ε</span> <span class='ocrx_word' id='word_1_659' title='bbox 2464 3815 2523 3872; x_wconf 82' lang='grc' dir='ltr'>οὗ</span> <span class='ocrx_word' id='word_1_660' title='bbox 2551 3814 2946 3892; x_wconf 72' lang='grc' dir='ltr'>καταδήσομαι.</span> <span class='ocrx_word' id='word_1_661' title='bbox 2972 3813 3065 3874; x_wconf 72' lang='grc' dir='ltr'>καὶ</span> <span class='ocrx_word' id='word_1_662' title='bbox 3091 3815 3192 3897; x_wconf 74' lang='grc' dir='ltr'>γὰρ</span> <span class='ocrx_word' id='word_1_663' title='bbox 3217 3818 3264 3875; x_wconf 78' lang='grc' dir='ltr'>εἰ</span> <span class='ocrx_word' id='word_1_664' title='bbox 3288 3815 3363 3895; x_wconf 74' lang='grc' dir='ltr'>μὴ</span> 
     </span>
     <span class='ocr_line' id='line_1_94' title="bbox 2038 3894 3568 3982; baseline 0.005 -24"><span class='ocrx_word' id='word_1_665' title='bbox 2038 3905 2140 3977; x_wconf 90' lang='grc' dir='ltr'>μοῦ</span> <span class='ocrx_word' id='word_1_666' title='bbox 2166 3894 2335 3981; x_wconf 70' lang='grc' dir='ltr'>εἶχες,</span> <span class='ocrx_word' id='word_1_667' title='bbox 2377 3902 2472 3961; x_wconf 75' lang='grc' dir='ltr'>οὐκ</span> <span class='ocrx_word' id='word_1_668' title='bbox 2489 3897 2552 3959; x_wconf 78' lang='grc' dir='ltr'>ἃν</span> <span class='ocrx_word' id='word_1_669' title='bbox 2586 3902 2779 3974; x_wconf 72' lang='grc' dir='ltr'>ἐκάλης</span> <span class='ocrx_word' id='word_1_670' title='bbox 2815 3902 2837 3982; x_wconf 93' lang='grc'>(</span> <span class='ocrx_word' id='word_1_671' title='bbox 2855 3902 2973 3981; x_wconf 86' lang='lat' dir='ltr'><strong>sic)</strong></span> <span class='ocrx_word' id='word_1_672' title='bbox 3005 3901 3119 3979; x_wconf 75' lang='grc' dir='ltr'>ἐμέ.</span> <span class='ocrx_word' id='word_1_673' title='bbox 3146 3901 3309 3970; x_wconf 69' lang='grc' dir='ltr'>οὕτως</span> <span class='ocrx_word' id='word_1_674' title='bbox 3334 3925 3364 3961; x_wconf 89' lang='grc' dir='ltr'>ο</span> <span class='ocrx_word' id='word_1_675' title='bbox 3385 3927 3503 3981; x_wconf 87' lang='grc' dir='ltr'>μαι.</span> <span class='ocrx_word' id='word_1_676' title='bbox 3532 3904 3568 3977; x_wconf 75' lang='grc' dir='ltr'>ἢ</span> 
     </span>
     <span class='ocr_line' id='line_1_95' title="bbox 2036 3986 3571 4071; baseline 0.004 -26"><span class='ocrx_word' id='word_1_677' title='bbox 2036 3986 2198 4055; x_wconf 69' lang='grc' dir='ltr'>οὕτως</span> <span class='ocrx_word' id='word_1_678' title='bbox 2219 4012 2231 4025; x_wconf 92' lang='grc'><em>·</em></span> <span class='ocrx_word' id='word_1_679' title='bbox 2260 3989 2444 4071; x_wconf 80' lang='grc' dir='ltr'>χρείαν</span> <span class='ocrx_word' id='word_1_680' title='bbox 2485 3990 2612 4064; x_wconf 79' lang='grc' dir='ltr'>ἐμοῦ</span> <span class='ocrx_word' id='word_1_681' title='bbox 2656 3991 2750 4048; x_wconf 78' lang='grc' dir='ltr'>οὐκ</span> <span class='ocrx_word' id='word_1_682' title='bbox 2777 3988 2945 4069; x_wconf 75' lang='grc' dir='ltr'>ἔχων,</span> <span class='ocrx_word' id='word_1_683' title='bbox 2975 3992 3046 4057; x_wconf 81' lang='grc' dir='ltr'>εἰς</span> <span class='ocrx_word' id='word_1_684' title='bbox 3075 3989 3241 4069; x_wconf 82' lang='grc' dir='ltr'>μηδὲν</span> <span class='ocrx_word' id='word_1_685' title='bbox 3265 3993 3455 4058; x_wconf 86' lang='grc' dir='ltr'>καλεῖς.</span> <span class='ocrx_word' id='word_1_686' title='bbox 3483 3992 3571 4051; x_wconf 80' lang='grc' dir='ltr'>διὰ</span> 
     </span>
     <span class='ocr_line' id='line_1_96' title="bbox 2034 4076 2581 4158; baseline -0.004 -23"><span class='ocrx_word' id='word_1_687' title='bbox 2034 4081 2189 4135; x_wconf 84' lang='grc' dir='ltr'>τοῦτο</span> <span class='ocrx_word' id='word_1_688' title='bbox 2207 4078 2302 4135; x_wconf 81' lang='grc' dir='ltr'>οὐκ</span> <span class='ocrx_word' id='word_1_689' title='bbox 2333 4076 2581 4158; x_wconf 72' lang='grc' dir='ltr'>ἔρχομαι.</span> 
     </span>
    </p>

    <p class='ocr_par' dir='ltr' id='par_1_40' title="bbox 2035 4163 3573 4322">
     <span class='ocr_line' id='line_1_97' title="bbox 2117 4163 3573 4237; baseline 0.004 -16"><span class='ocrx_word' id='word_1_690' title='bbox 2117 4166 2229 4237; x_wconf 92' lang='grc'>877</span> <span class='ocrx_word' id='word_1_691' title='bbox 2259 4169 2385 4223; x_wconf 86' lang='lat' dir='ltr'>Put.</span> <span class='ocrx_word' id='word_1_692' title='bbox 2415 4163 2590 4223; x_wconf 80' lang='lat' dir='ltr'><strong>habet</strong></span> <span class='ocrx_word' id='word_1_693' title='bbox 2615 4163 2732 4225; x_wconf 74' lang='grc' dir='ltr'>ἀντὶ</span> <span class='ocrx_word' id='word_1_694' title='bbox 2757 4171 2851 4224; x_wconf 89' lang='grc' dir='ltr'>τοῦ</span> <span class='ocrx_word' id='word_1_695' title='bbox 2876 4164 3030 4225; x_wconf 80' lang='grc' dir='ltr'>ἕνεκα</span> <span class='ocrx_word' id='word_1_696' title='bbox 3047 4171 3140 4227; x_wconf 89' lang='grc' dir='ltr'>τοῦ</span> <span class='ocrx_word' id='word_1_697' title='bbox 3160 4166 3362 4235; x_wconf 76' lang='grc' dir='ltr'>παιδός.</span> <span class='ocrx_word' id='word_1_698' title='bbox 3387 4169 3573 4229; x_wconf 85' lang='lat' dir='ltr'><strong>Omit-</strong></span> 
     </span>
     <span class='ocr_line' id='line_1_98' title="bbox 2035 4252 2272 4322; baseline 0.004 -14"><span class='ocrx_word' id='word_1_699' title='bbox 2035 4252 2107 4310; x_wconf 85' lang='lat' dir='ltr'>tit</span> <span class='ocrx_word' id='word_1_700' title='bbox 2135 4253 2272 4322; x_wconf 91' lang='grc'><strong>878.</strong></span> 
     </span>
    </p>

    <p class='ocr_par' dir='ltr' id='par_1_41' title="bbox 2118 4342 3562 4441">
     <span class='ocr_line' id='line_1_99' title="bbox 2118 4342 3562 4441; baseline 0.004 -42"><span class='ocrx_word' id='word_1_701' title='bbox 2118 4343 2228 4400; x_wconf 85' lang='grc'>881</span> <span class='ocrx_word' id='word_1_702' title='bbox 2267 4342 2558 4441; x_wconf 55' lang='grc' dir='ltr'>ἀθήλατονζ</span> <span class='ocrx_word' id='word_1_703' title='bbox 2595 4342 3106 4425; x_wconf 72' lang='grc' dir='ltr'>ἄτροφον-μαστοῦ</span> <span class='ocrx_word' id='word_1_704' title='bbox 3142 4351 3268 4404; x_wconf 88' lang='lat' dir='ltr'>Put.</span> <span class='ocrx_word' id='word_1_705' title='bbox 3304 4347 3414 4420; x_wconf 90' lang='lat' dir='ltr'>Qui</span> <span class='ocrx_word' id='word_1_706' title='bbox 3441 4366 3562 4405; x_wconf 89' lang='lat' dir='ltr'>om.</span> 
     </span>
    </p>

    <p class='ocr_par' dir='ltr' id='par_1_42' title="bbox 2039 4517 3568 4685">
     <span class='ocr_line' id='line_1_100' title="bbox 2116 4517 3568 4602; baseline 0.005 -29"><span class='ocrx_word' id='word_1_707' title='bbox 2116 4518 2228 4589; x_wconf 90' lang='grc'>887</span> <span class='ocrx_word' id='word_1_708' title='bbox 2262 4521 2394 4575; x_wconf 85' lang='lat' dir='ltr'>Put.</span> <span class='ocrx_word' id='word_1_709' title='bbox 2430 4517 2554 4575; x_wconf 79' lang='lat' dir='ltr'>haec</span> <span class='ocrx_word' id='word_1_710' title='bbox 2584 4517 2780 4592; x_wconf 81' lang='lat' dir='ltr'><strong>habet,</strong></span> <span class='ocrx_word' id='word_1_711' title='bbox 2798 4518 3144 4598; x_wconf 83' lang='grc' dir='ltr'>χαλεπαίνει,</span> <span class='ocrx_word' id='word_1_712' title='bbox 3170 4533 3228 4579; x_wconf 88' lang='lat' dir='ltr'>et</span> <span class='ocrx_word' id='word_1_713' title='bbox 3248 4530 3568 4602; x_wconf 80' lang='grc' dir='ltr'>μεγαφρονεί</span> 
     </span>
     <span class='ocr_line' id='line_1_101' title="bbox 2039 4603 2656 4685; baseline 0 -20"><span class='ocrx_word' id='word_1_714' title='bbox 2039 4605 2159 4685; x_wconf 85' lang='lat' dir='ltr'><strong>(sic)</strong></span> <span class='ocrx_word' id='word_1_715' title='bbox 2175 4649 2192 4678; x_wconf 91' lang='lat'>‚</span> <span class='ocrx_word' id='word_1_716' title='bbox 2220 4603 2656 4683; x_wconf 73' lang='grc' dir='ltr'>ἀποσεμνύνεται.</span> 
     </span>
    </p>

    <p class='ocr_par' dir='ltr' id='par_1_43' title="bbox 2035 4691 3563 4840">
     <span class='ocr_line' id='line_1_102' title="bbox 2114 4691 3563 4776; baseline 0.003 -25"><span class='ocrx_word' id='word_1_717' title='bbox 2114 4696 2230 4771; x_wconf 86' lang='grc'>894</span> <span class='ocrx_word' id='word_1_718' title='bbox 2256 4699 2384 4776; x_wconf 62' lang='grc' dir='ltr'>Βιη.</span> <span class='ocrx_word' id='word_1_719' title='bbox 2411 4691 2473 4751; x_wconf 83' lang='grc' dir='ltr'>τὸ</span> <span class='ocrx_word' id='word_1_720' title='bbox 2502 4692 2562 4752; x_wconf 78' lang='grc' dir='ltr'>δέ</span> <span class='ocrx_word' id='word_1_721' title='bbox 2590 4692 2707 4753; x_wconf 78' lang='grc' dir='ltr'>ἀντὶ</span> <span class='ocrx_word' id='word_1_722' title='bbox 2729 4694 2822 4752; x_wconf 87' lang='grc' dir='ltr'>τοῦ</span> <span class='ocrx_word' id='word_1_723' title='bbox 2848 4692 2975 4776; x_wconf 86' lang='grc' dir='ltr'>γάρ,</span> <span class='ocrx_word' id='word_1_724' title='bbox 3005 4709 3066 4754; x_wconf 88' lang='lat' dir='ltr'>et</span> <span class='ocrx_word' id='word_1_725' title='bbox 3087 4696 3162 4755; x_wconf 83' lang='lat' dir='ltr'>ad</span> <span class='ocrx_word' id='word_1_726' title='bbox 3198 4696 3316 4773; x_wconf 86' lang='grc'>895</span> <span class='ocrx_word' id='word_1_727' title='bbox 3341 4698 3563 4776; x_wconf 81' lang='grc' dir='ltr'>(χεῖρον)</span> 
     </span>
     <span class='ocr_line' id='line_1_103' title="bbox 2035 4779 2539 4840; baseline -0.004 0"><span class='ocrx_word' id='word_1_728' title='bbox 2035 4781 2151 4840; x_wconf 72' lang='grc' dir='ltr'>ἀντὶ</span> <span class='ocrx_word' id='word_1_729' title='bbox 2176 4787 2266 4840; x_wconf 90' lang='grc' dir='ltr'>τοῦ</span> <span class='ocrx_word' id='word_1_730' title='bbox 2293 4779 2539 4840; x_wconf 83' lang='grc' dir='ltr'>κάκιστα.</span> 
     </span>
    </p>

    <p class='ocr_par' dir='ltr' id='par_1_44' title="bbox 2033 4868 3566 5127">
     <span class='ocr_line' id='line_1_104' title="bbox 2115 4868 3566 4950; baseline 0.001 -18"><span class='ocrx_word' id='word_1_731' title='bbox 2115 4872 2252 4949; x_wconf 87' lang='grc'><strong>896,</strong></span> <span class='ocrx_word' id='word_1_732' title='bbox 2288 4891 2351 4944; x_wconf 90' lang='grc'>17</span> <span class='ocrx_word' id='word_1_733' title='bbox 2380 4891 2470 4948; x_wconf 89' lang='lat' dir='ltr'>sq.</span> <span class='ocrx_word' id='word_1_734' title='bbox 2499 4868 2647 4948; x_wconf 79' lang='grc' dir='ltr'>μέλει</span> <span class='ocrx_word' id='word_1_735' title='bbox 2670 4893 2753 4930; x_wconf 90' lang='grc' dir='ltr'>σοι</span> <span class='ocrx_word' id='word_1_736' title='bbox 2773 4891 2889 4930; x_wconf 88' lang='grc'><strong>0111.</strong></span> <span class='ocrx_word' id='word_1_737' title='bbox 2920 4875 2994 4931; x_wconf 95' lang='lat' dir='ltr'>R.</span> <span class='ocrx_word' id='word_1_738' title='bbox 3023 4905 3102 4917; x_wconf 91' lang='lat'>-—</span> <span class='ocrx_word' id='word_1_739' title='bbox 3134 4892 3204 4949; x_wconf 88' lang='lat'>19</span> <span class='ocrx_word' id='word_1_740' title='bbox 3222 4892 3306 4949; x_wconf 86' lang='lat' dir='ltr'>sq.</span> <span class='ocrx_word' id='word_1_741' title='bbox 3338 4890 3448 4950; x_wconf 82' lang='lat' dir='ltr'>pro</span> <span class='ocrx_word' id='word_1_742' title='bbox 3469 4872 3566 4934; x_wconf 74' lang='lat' dir='ltr'>his</span> 
     </span>
     <span class='ocr_line' id='line_1_105' title="bbox 2033 4956 3560 5041; baseline 0 -21"><span class='ocrx_word' id='word_1_743' title='bbox 2033 4965 2159 5020; x_wconf 84' lang='lat' dir='ltr'>Put.</span> <span class='ocrx_word' id='word_1_744' title='bbox 2182 4957 2346 5040; x_wconf 84' lang='grc' dir='ltr'>κρόκη</span> <span class='ocrx_word' id='word_1_745' title='bbox 2360 4956 2421 5016; x_wconf 77' lang='grc' dir='ltr'>τὸ</span> <span class='ocrx_word' id='word_1_746' title='bbox 2438 4957 2695 5018; x_wconf 72' lang='grc' dir='ltr'>ἰδιωτικὸν</span> <span class='ocrx_word' id='word_1_747' title='bbox 2707 4958 2836 5036; x_wconf 71' lang='lat' dir='ltr'><strong>(i...-</strong></span> <span class='ocrx_word' id='word_1_748' title='bbox 2849 4959 2974 5037; x_wconf 71' lang='grc' dir='ltr'>κῦς)</span> <span class='ocrx_word' id='word_1_749' title='bbox 2985 4958 3218 5041; x_wconf 77' lang='grc' dir='ltr'>δφάδιον.</span> <span class='ocrx_word' id='word_1_750' title='bbox 3235 4959 3397 5018; x_wconf 83' lang='lat' dir='ltr'><strong>Idem</strong></span> <span class='ocrx_word' id='word_1_751' title='bbox 3411 4960 3486 5019; x_wconf 74' lang='lat' dir='ltr'>ad</span> <span class='ocrx_word' id='word_1_752' title='bbox 3503 4982 3560 5021; x_wconf 75' lang='lat' dir='ltr'>V.</span> 
     </span>
     <span class='ocr_line' id='line_1_106' title="bbox 2036 5044 3562 5127; baseline 0.002 -22"><span class='ocrx_word' id='word_1_753' title='bbox 2036 5050 2151 5124; x_wconf 89' lang='grc'>897</span> <span class='ocrx_word' id='word_1_754' title='bbox 2184 5045 2340 5123; x_wconf 61' lang='lat' dir='ltr'>:lp-oi</span> <span class='ocrx_word' id='word_1_755' title='bbox 2374 5044 2438 5118; x_wconf 81' lang='grc' dir='ltr'>νὴ</span> <span class='ocrx_word' id='word_1_756' title='bbox 2464 5046 2567 5106; x_wconf 84' lang='grc' dir='ltr'>Δία</span> <span class='ocrx_word' id='word_1_757' title='bbox 2606 5048 2665 5106; x_wconf 85' lang='grc' dir='ltr'>οὐ</span> <span class='ocrx_word' id='word_1_758' title='bbox 2717 5046 2839 5127; x_wconf 76' lang='grc' dir='ltr'>περὶ</span> <span class='ocrx_word' id='word_1_759' title='bbox 2878 5045 3070 5126; x_wconf 80' lang='grc' dir='ltr'>κρόκης</span> <span class='ocrx_word' id='word_1_760' title='bbox 3109 5045 3258 5124; x_wconf 84' lang='grc' dir='ltr'>με’λει</span> <span class='ocrx_word' id='word_1_761' title='bbox 3279 5069 3293 5083; x_wconf 90' lang='grc'><em>·</em></span> <span class='ocrx_word' id='word_1_762' title='bbox 3322 5047 3459 5107; x_wconf 74' lang='grc' dir='ltr'>ἀλλὰ</span> <span class='ocrx_word' id='word_1_763' title='bbox 3489 5047 3562 5108; x_wconf 71' lang='grc' dir='ltr'>τὰ</span> 
     </span>
    </p>
   </div>
   <div class='ocr_carea' id='block_1_13' title="bbox 3828 0 3832 805">
    <p class='ocr_par' dir='ltr' id='par_1_45' title="bbox 3828 0 3832 805">
     <span class='ocr_line' id='line_1_107' title="bbox 3828 0 3832 805; baseline 0 0"><span class='ocrx_word' id='word_1_764' title='bbox 3828 0 3832 805; x_wconf 95' lang='lat' dir='ltr'> </span> 
     </span>
    </p>
   </div>
  </div>
 </body>
</html>
