3859 5725
1740 226 2055 288 NUBuJM.

3357 243 3461 296 421

357 360 580 422 6άλλετο
602 358 676 419 δὲ.
701 364 902 438 Inepta
928 371 1064 417 sunt
1092 379 1221 437 quae
1248 329 1554 418 scholissta
1580 358 1652 417 de
1677 362 1870 434 Mega·
1961 358 2146 436 τροφῇ.
2187 361 2398 415 Totum
2445 357 2703 416 scholion
2749 378 2861 416 om.
2894 360 2963 420 Θ.
2988 395 3050 407 -
3093 379 3163 434 ι9
3196 362 3468 443 λαφυγμὸν

358 449 446 512 ,cle
483 447 687 519 tradit,
730 447 802 505 de
828 467 947 523 quo
980 466 1034 505 v.
1069 447 1293 504 Boeckh.
1319 448 1600 524 Explicat.
1636 443 1867 503 Piudar.
1926 440 2304 524 -γὰρ-ἐσθίειν
2331 463 2444 502 om.
2473 450 2543 504 R.
2564 481 2626 495 --
2645 446 2719 503 25
2747 445 2850 504 ἀπὸ
2868 445 3127 506 additum
3151 466 3225 505 ex
3246 449 3471 508 scholio

360 554 417 613 p.
466 537 598 593 303.
626 538 833 593 Servus
865 533 961 591 ille
986 553 1103 591 nou
1144 533 1323 610 magis
1358 533 1468 591 fuit
1496 551 1668 610 quam
1704 548 1871 588 serva

359 626 610 699 Coesyra,
635 622 794 698 quod
838 620 1082 679 traditur
1114 620 1176 678 in
1207 620 1425 679 scholio
1457 640 1513 677 v.
1547 620 1621 687 64
1649 631 1706 677 et
1739 623 1869 676 Pac.

363 709 498 776 450.
520 711 699 768 Dum.
728 711 757 765 ὁ
776 719 835 766 et
856 707 889 764 5
911 706 1038 785 παρ’
1060 705 1406 787 Ἐρετριεῦσιν
1430 726 1545 764 om.
1567 707 1637 766 Θ.

441 803 533 867 47.
564 794 837 854 Scholion
867 806 1051 851 totum
1075 791 1249 852 habet
1271 792 1472 852 suidas
1498 813 1543 852 s.
1580 790 1869 871 Ἄγροικος.

360 881 454 939 οὐκ
480 881 784 961 ἀργῶς-(ι
800 877 1148 951 3)λεληθότως
1178 899 1292 938 om.
1320 880 1391 939 Θ.
1416 916 1479 930 -
1506 900 1597 953 17,
1631 881 1701 936 18
1721 876 1870 945 δόξαν

357 970 616 1045 γυναικῶν
660 988 734 1027 ex
769 968 947 1028 suida
987 978 1126 1025 sunt
1145 968 1360 1044 (inquit
1394 964 1751 1043 Dindorfius)
1780 983 1871 1022 re-

359 1054 749 1131 dintegranda,
765 1052 959 1122 ἀδοξεῖν
976 1052 1079 1134 γὰρ
1094 1051 1346 1127 εἰώθαμεν
1366 1053 1455 1112 ἐπὶ
1471 1062 1578 1120 τοῖς
1595 1051 1869 1135 ἀγροίκως.

359 1140 541 1200 ἔπειτα
574 1139 631 1199 δὲ
657 1140 897 1213 κάκείνην
941 1139 1210 1221 θεραπεύει
1247 1139 1342 1213 τὴν
1367 1141 1620 1200 ἀντίθεσιν
1649 1144 1780 1219 (scr.
1803 1142 1869 1218 τῇ

359 1225 657 1302 ἀντιθέσει),
679 1229 756 1306 τῷ
777 1225 1129 1306 ὑποτετάχθαι
1153 1225 1310 1286 αὐτὸν
1336 1230 1401 1305 τῇ
1434 1226 1655 1305 γυναικί.
1681 1225 1873 1286 δεσπό-

358 1314 462 1380 ζειν
491 1311 592 1394 γὰρ
614 1312 854 1372 εἰώθασιν
883 1316 932 1373 οἱ
962 1312 1145 1395 ἄνδρες
1179 1316 1286 1372 τῶν
1326 1318 1605 1392 γυναικῶν.
1643 1313 1871 1374 Omittit

359 1400 480 1459 haec
509 1413 568 1460 et
597 1402 896 1479 sequentia
921 1401 992 1460 Θ.

440 1489 535 1560 48,
562 1488 752 1546 23-25
773 1508 888 1548 om.
913 1490 985 1549 Θ.
1008 1524 1069 1540 -
1092 1498 1163 1557 24
1190 1485 1474 1568 ὑπέρογκον
1506 1487 1597 1547 καὶ
1626 1487 1709 1546 ἐπ’
1737 1489 1869 1567 αὐτῇ

355 1571 496 1653 μέγα
518 1580 803 1654 φρονοῦσαν
835 1577 906 1634 R.
928 1612 989 1628 --
1010 1577 1192 1647 27-31
1220 1596 1336 1634 om.
1370 1582 1442 1632 V.
1473 1576 1545 1635 Θ.
1587 1580 1721 1633 Haec
1750 1587 1869 1632 tan-

358 1673 479 1722 tum
508 1661 678 1721 hahet
712 1667 819 1734 Rq
839 1662 1358 1740 κεκαλλωπισμένην.
1384 1661 1498 1722 ἐστι
1522 1663 1576 1721 δὲ
1598 1663 1870 1745 Ἐρετρια-

356 1745 810 1830 κὸν-τυραννεῖν,
838 1747 874 1819 ἢ
913 1746 1365 1832 ἔθνος--μυσαρδν
1404 1748 1440 1822 ἢ
1484 1771 1598 1813 om.
1640 1751 1866 1810 Snidas.

356 1835 474 1905 Qui
497 1836 570 1892 32
590 1847 721 1912 post
740 1844 1005 1915 τυραννεῖν
1024 1835 1202 1907 addit,
1223 1834 1365 1913 λέγει
1383 1832 1440 1894 δὲ
1458 1834 1553 1908 τὴν
1573 1837 1867 1917 περιεργίαν

355 1923 451 1991 τῆς
488 1926 851 1999 κομμωτικῆς.
895 1923 1106 1989 πολλοῖς
1126 1921 1256 2004 γὰρ,
1283 1915 1368 1983 οἶα
1410 1922 1574 1996 εἰκὸς,
1616 1922 1869 2003 ἐκέχρητο

356 2008 829 2086 καλλωπίσμασιν,
869 2008 1107 2068 τουτέστι
1144 2010 1371 2089 νίμμασι
1399 2009 1489 2069 καὶ
1513 2018 1621 2077 τοῖς
1644 2016 1737 2083 τῆς
1774 2035 1867 2071 κε-

356 2097 525 2177 φαλῆς
548 2096 818 2177 πλέγμασι
843 2097 933 2157 καὶ
960 2106 1065 2165 τοῖς
1091 2096 1266 2165 ἄλλοις
1311 2088 1386 2165 οἶς
1433 2103 1742 2177 κοσμεῖσθαι
1779 2122 1870 2178 γυ·

353 2190 536 2249 ναῖκας
557 2182 685 2250 ἔθος.
710 2181 1192 2267 ἐγκεκοισυρωμένη
1222 2176 1310 2244 οὖν
1333 2176 1439 2245 οἷον
1465 2190 1736 2268 τρυφῶσα,
1763 2185 1868 2245 ἀπὸ

358 2267 621 2350 Κοισύρας
644 2271 885 2346 γυναικὸς
910 2272 1196 2341 πλουσίας,
1237 2271 1589 2351 Ἀλκμαίωνος
1619 2278 1866 2351 γαμετῆς.

355 2356 426 2416 Θ.
465 2357 667 2431 habet,
706 2358 931 2436 ἱματίοις
959 2359 1048 2418 καὶ
1098 2363 1165 2439 τῇ
1215 2358 1350 2439 ἄλλῃ
1377 2359 1587 2439 δαπάνῃ
1611 2364 1870 2441 περισσῶς

356 2445 779 2524 κεκοσμημένην,
812 2444 1315 2524 κεκαλλωπισμένην
1347 2449 1413 2527 τῇ
1436 2446 1692 2529 Κοισύρφ.

439 2532 534 2604 50,
562 2535 633 2605 37
662 2537 820 2615 τριῶν
842 2554 957 2592 om.
979 2540 1122 2592 V.-
1143 2543 1216 2603 [0²
1239 2531 1417 2592 πόκων
1439 2535 1738 2615 περιουσίας
1754 2557 1871 2594 του·

354 2616 501 2682 τέστι
522 2618 750 2691 πλήθους
777 2626 920 2679 G.-
940 2630 1012 2689 44
1036 2641 1123 2698 sq.
1162 2626 1232 2680 R.
1271 2620 1442 2680 habet
1470 2625 1564 2692 τῆς
1595 2626 1687 2680 τοῦ
1724 2620 1867 2680 οἴνου

354 2705 1071 2788 ὓποστάθμης-ψύχεταιτὰ
1097 2711 1347 2776 evm-l.
1357 2709 1502 2778 5-47
1529 2705 1565 2779 ἢ
1585 2721 1716 2768 ante
1737 2707 1867 2767 ὅπου

355 2803 414 2849 et
436 2792 528 2851 καὶ
560 2792 1048 2876 ταριχεύεται-καὶ
1070 2791 1141 2852 τὰ
1165 2793 1365 2867 ἐκείνης
1388 2794 1443 2852 δέ
1467 2814 1583 2852 om.
1620 2795 1692 2855 Θ.
1710 2832 1774 2845 -
1792 2796 1865 2854 53

355 2883 424 2937 R.
469 2878 641 2938 habet
679 2882 979 2962 περιουσίας
1023 2880 1259 2941 τουτέστι
1306 2880 1550 2941 πλούτου.
1591 2883 1866 2942 Scholion

354 2968 640 3044 excerpsit
663 2971 867 3028 suidas
897 2990 943 3029 s.
969 2969 1198 3050 Τρασία.

436 3057 532 3127 5ι,
568 3076 599 3129 7
624 3068 681 3114 et
716 3057 751 3113 8
776 3077 891 3115 om.
930 3064 1000 3115 V.
1037 3057 1273 3132 suidas,
1306 3056 1864 3135 Καταγλωττίσματαε

351 3140 602 3221 περίεργα
637 3141 933 3225 φιλήματα,
962 3144 1211 3203 καταπάσ
1256 3167 1383 3217 ατα,
1410 3152 1654 3203 παντοῖαι
1693 3168 1866 3226 μυρα-

352 3227 576 3307 λοιφίαι,
605 3228 641 3301 ἢ
662 3231 1068 3312 περιλαλήματα
1084 3255 1097 3269 ·
1125 3231 1159 3304 ἢ
1191 3166 1325 3298 ἕδος
1349 3229 1640 3313 φιλήματος
1664 3253 1868 3314 περιερ-

350 3312 562 3396 γότερον
581 3314 642 3375 τὸ
659 3315 1136 3396 καταγλώτιισμα·
1159 3316 1194 3389 ἢ
1219 3318 1539 3396 κολάκευμα.
1563 3323 1632 3377 In
1655 3319 1867 3396 quibus

350 3401 533 3461 verba
572 3403 996 3481 καταπάσματα,
1050 3413 1294 3465 παντοῖαι
1340 3406 1680 3486 μυραλοιφίαι
1694 3449 1712 3476 ,
1740 3427 1869 3485 quae

353 3489 496 3547 nihil
538 3510 838 3566 commune
888 3491 1104 3552 habent
1141 3512 1271 3551 cum
1312 3491 1867 3569 καταγλωττίσμασιν,

349 3597 425 3635 ex
456 3576 675 3637 scholio
718 3579 1026 3639 verborum
1055 3580 1503 3659 praecedeutium
1529 3585 1564 3653 ἡ
1594 3582 1639 3639 δ’
1672 3573 1740 3640 αὗ
1765 3581 1865 3661 μύ·

353 3685 473 3743 ρου,
497 3663 705 3745 κρόκου,
727 3667 880 3725 illata
902 3667 1189 3729 videntur.
1212 3671 1390 3725 Dum.
1421 3667 1617 3729 Codex
1636 3670 1866 3731 Taurin.

350 3748 795 3827 καταγλώττισμα
825 3752 1012 3836 κυρίως
1037 3752 1160 3812 ὅταν
1184 3755 1237 3813 ἐν
1261 3753 1731 3835 καιριῖι-ψσ-ιόματι.
1760 3759 1789 3814 ὅ
1811 3752 1867 3814 δέ

347 3838 619 3919 λαφυγμδς
647 3839 780 3899 κατὰ
809 3839 906 3919 μέν
932 3864 1073 3908 τινας
1100 3840 1160 3900 τὸ
1186 3839 1313 3901 αὐτό
1355 3842 1468 3900 ἐστι
1508 3843 1867 3921 καταγλωττί-

351 3945 533 4001 σματι·
562 3924 701 3987 κατὰ
728 3926 1071 4000 δέ--δαπάνη.
1098 3927 1287 4009 κυρίως
1310 3925 1412 4011 γὰρ
1437 3928 1624 3988 λάπτω
1654 3928 1746 3988 καὶ
1773 3932 1867 3989 λα-

349 4009 536 4090 φύσσω
571 4012 633 4072 τὸ
671 4018 813 4095 φορῶ
829 4037 844 4053 ·
876 4012 988 4075 ὅθεν
1019 4013 1611 4095 παράγεται-γυναῖκες
1651 4021 1866 4076 τοιαῦτα

348 4096 662 4178 πράττουσιν
713 4099 814 4160 ὑπὸ
870 4104 964 4174 τῆς
1018 4101 1150 4180 ἄγαν
1201 4104 1414 4182 τρυφῆς.
1463 4101 1676 4169 Κωλιὰς
1714 4101 1782 4160 δὲ
1832 4107 1865 4175 ἡ

351 4181 624 4264 Ἀφροδίτη
650 4185 810 4254 οὕτως
837 4185 1056 4270 εἴρηται.
1080 4185 1210 4270 ἀνὴρ
1236 4188 1336 4268 γάρ
1367 4211 1444 4253 τις
1477 4187 1685 4269 φθείρας
1708 4188 1865 4270 κόρην

354 4271 418 4328 ἐκ
445 4275 550 4330 τῶν
578 4272 762 4333 κώλων
789 4274 907 4346 ἤτοι
924 4279 1028 4333 τῶν
1051 4277 1241 4356 χειρῶν
1261 4274 1351 4334 καὶ
1371 4275 1544 4333 ποδῶν
1569 4274 1864 4355 ἐκρεμάσθη

347 4356 442 4415 καὶ
463 4359 631 4426 λυθεὶς
652 4361 713 4419 ἐκ
734 4364 827 4432 τῆς
850 4365 963 4421 θεοῦ
987 4361 1121 4443 ἱερὸν
1144 4359 1390 4443 ἱδρύσατο
1413 4362 1667 4428 κωλιάδος
1693 4361 1866 4444 Ἀφρο-

348 4442 494 4515 δίτης
518 4446 864 4524 ἐπονομάσας.
895 4447 1198 4514 Γενετυλλὶς
1220 4446 1279 4513 δὲ
1299 4447 1494 4520 ἐκλήθη
1520 4451 1589 4515 ’ὣς
1616 4448 1867 4526 γενέσεως

346 4530 588 4589 attia...
610 4541 789 4607 14-17
825 4536 883 4592 in
913 4535 1039 4593 Ald.
1066 4534 1287 4593 scholio
1312 4554 1365 4593 v.
1394 4536 1466 4592 52
1495 4535 1568 4594 ad
1591 4538 1866 4616 λαφυγμοῦ

346 4631 484 4676 sunt
498 4621 836 4698 postposita.
854 4628 1140 4683 Mutatum
1160 4641 1236 4683 ex
1251 4620 1483 4680 scholiis
1507 4625 1867 4684 Brunckiano

348 4720 410 4766 et
426 4709 783 4768 Tauriuensi.

429 4797 531 4875 52,
568 4792 1102 4870 ιδ’Τῆς-ἀσωτίας,
1142 4799 1225 4857 sic
1265 4799 1444 4857 habet
1468 4800 1537 4859 R.
1572 4799 1866 4882 ἀδηφαγίας

345 4882 438 4943 καὶ
463 4887 559 4957 τῆς
583 4884 713 4965 πρὸς
743 4883 810 4944 τὰ
831 4884 1093 4965 ἐδέσματα
1120 4884 1470 4959 πολυτελείας,
1487 4890 1557 4944 V.
1576 4886 1868 4967 ἀδηφαγίας

346 4970 439 5031 καὶ
470 4972 835 5048 πολυτελείας,
875 4972 1111 5033 τουτέστι
1137 4970 1569 5053 ἐκδεδιῃτημένης
1594 4975 1867 5039 πολυτελεῖ

1958 531 2244 607 proximo,
2264 567 2328 580 -
2349 550 2421 603 27
2458 532 2562 588 τῶν
2588 530 2789 591 κώλων.
2823 533 3053 591 Reizius
3080 533 3150 590 τὰ
3190 536 3336 593 κῶλα
3364 539 3470 594 τῶν

1958 617 2183 693 δεσμῶν.
2207 654 2270 668 -
2292 620 2366 679 33
2392 617 2679 698 Τυρρηνῶν
2707 640 2739 678 a
2781 620 3006 680 valesio
3037 621 3307 698 positum.
3335 622 3468 681 Ald.

1957 703 2238 784 τυράννων.
2266 742 2331 756 -
2365 706 2439 763 35
2466 708 2739 787 Τυρρηνοῦ
2789 710 3150 766 Her-mannus
3174 731 3190 766 ε
3220 709 3471 791 τυράννου

1958 792 2163 850 Ald.-
2181 802 2253 862 4ο
2287 793 2376 852 καὶ
2404 791 2674 870 δεσμώτης
2696 792 2950 852 δουλεύων
2974 794 3101 876 παρ’
3125 797 3295 862 αὐτοῖς
3314 801 3386 856 V.
3414 810 3470 854 ct

1958 879 2161 938 Suidas
2188 900 2234 938 s.
2272 878 2565 945 Κωλιάδος.
2604 881 2783 961 δεσμῷ
2823 879 3075 938 δουλεύων
3104 885 3175 940 R.
3197 918 3259 932 —-
3282 891 3356 951 42
3387 883 3472 941 le-

1958 966 2197 1044 gebatur
2221 966 2411 1040 οἰκίαν,
2441 980 2760 1027 correctum
2792 987 2825 1026 e
2853 965 3018 1025 libris
3058 968 3245 1026 Suidae
3270 969 3473 1028 mello-

1959 1053 2139 1113 ribus.
2168 1059 2304 1114 Post
2340 1054 2508 1115 οἰκίαν
2551 1056 2760 1114 iterum
2807 1058 2899 1113 τοῦ
2944 1050 3152 1133 ἔχοντος
3192 1055 3356 1114 addit
3398 1061 3469 1115 R.

1958 1139 2122 1206 οὕτως
2158 1142 2235 1200 ἐλ.
2260 1141 2348 1200 καὶ
2376 1147 2445 1202 R.
2474 1154 2534 1200 et
2562 1141 2785 1201 suidas.
2802 1177 2867 1191 -
2887 1149 2960 1210 44
2990 1160 3152 1219 seqq.
3183 1140 3394 1209 Κωλιὸις
3417 1142 3473 1201 δὲ

1959 1227 2151 1299 ἐκλήθη
2192 1226 2274 1286 ὅτι
2316 1226 2523 1296 θύοντος
2564 1235 2656 1288 τοῦ
2692 1226 2868 1310 ἱερέως
2909 1229 3098 1308 ἱερεῖον
3129 1230 3302 1300 κωλῆς
3329 1229 3471 1311 ἱέραξ

1958 1312 2187 1393 ἥρπαζεν
2227 1314 2316 1374 καὶ
2354 1314 2592 1375 ἐπέκεινα
2621 1318 2699 1397 τῷ
2721 1314 2869 1396 τόπῳ
2896 1313 3250 1388 ἐπεκαθέσθη,
3294 1313 3408 1375 ὅθεν
3444 1323 3474 1376 δ

1957 1398 2113 1468 τόπος
2135 1397 2326 1467 κωλιὰς
2355 1399 2570 1475 ἐκλήθη.
2592 1407 2661 1460 V.
2686 1402 2896 1460 Eadem
2929 1401 3067 1472 fere,
3094 1402 3194 1461 sed
3222 1415 3353 1481 post
3378 1426 3478 1462 κα-

1957 1495 2220 1547 τεπονεῖτο
2252 1487 2472 1564 addita,
2504 1488 2682 1547 habet
2722 1488 2948 1562 SuidaS,
2993 1490 3042 1546 οἱ
3074 1485 3151 1561 δὲ,
3175 1488 3255 1549 ὅτι
3295 1487 3476 1557 Ἴωνος

1958 1574 2159 1638 θύοντος
2211 1577 2393 1654 ἱερεῖον
2442 1575 2617 1647 κωλῆς
2671 1576 2692 1654 (
2706 1595 2809 1634 scr.
2867 1574 3054 1655 ἱερείου
3115 1577 3291 1646 κωλῆν
3340 1595 3472 1635 cum

1958 1660 2199 1739 Hemst.)
2233 1660 2495 1742 ἐξήρπασε
2534 1660 2761 1743 (ἥρπασε
2795 1662 2981 1721 codex
3025 1662 3210 1739 Leid.)
3257 1662 3349 1721 καὶ
3385 1663 3472 1721 ἐπ’

1956 1747 2137 1828 ἐκείνῳ
2170 1750 2250 1829 τῷ
2284 1746 2430 1829 τόπερ
2466 1748 2723 1808 ἐκάθισεν.
2768 1748 3167 1821 ὅθεν-ἐκλήθη.
3210 1749 3472 1827 μέμνηται

1956 1833 2046 1892 καὶ
2067 1834 2476 1917 Καλλίμαχοςέν
2492 1834 2840 1918 Ἑκάλῃ..-5.
2858 1835 3127 1913 σοιτίςεῆ
3146 1836 3221 1895 ’πὶ
3243 1836 3471 1897 Κωλιάδ’

1955 1919 1991 1993 ἢ
2020 1921 2062 1989 ’ς
2089 1925 2208 1984 Γεν.
2911 1959 2918 1966 -

2040 2010 2130 2078 54.
2163 2009 2391 2069 Scholia
2417 2011 2491 2069 ad
2521 2011 2676 2069 hunc
2701 2030 2758 2068 v.
2788 2031 2901 2070 om.
2930 2012 3000 2072 Θ.
3033 2024 3091 2070 et
3109 2010 3179 2069 ad
3201 2011 3474 2088 reliquam

1958 2094 2161 2155 fabulae
2183 2098 2519 2175 partem-vix
2540 2098 2656 2155 ulla
2678 2097 2849 2157 hahet
2874 2121 2889 2155 ε
2913 2096 3087 2156 habet
3111 2116 3251 2155 vero
3281 2100 3474 2156 tenuia

1957 2201 2226 2266 excerpta
2255 2188 2603 2247 scholiorum
2629 2201 2687 2247 et
2713 2190 3068 2267 glossemata.
3091 2188 3288 2248 Codex
3310 2191 3472 2247 Tau-

1957 2275 2063 2332 rin.
2083 2278 2312 2346 σπαθᾶν,
2335 2275 2439 2333 ἀπὸ
2460 2274 2600 2335 πάνυ
2628 2275 2924 2335 σπουδαίων
2948 2278 3208 2353 γυναικῶν
3228 2272 3474 2346 εῑληπται

1957 2361 2060 2420 ἀπὸ
2083 2366 2174 2421 τοῦ
2204 2361 2473 2441 συντόμως
2508 2371 2666 2423 κινεῖν
2703 2362 2986 2444 ὓφαντικὰς
3010 2360 3300 2428 σπάθας.-
3318 2383 3356 2439 9
3382 2363 3474 2421 καὶ

1960 2444 2044 2506 διὰ
2072 2448 2200 2507 Ald.
2226 2486 2289 2499 -
2315 2471 2383 2508 xo
2405 2439 2546 2508 εἶπεν
2569 2448 2822 2510 additum
2848 2469 2922 2509 ex
2944 2450 3138 2509 Suida.
3162 2454 3299 2509 Post
3324 2447 3477 2531 ἀργὸς

1956 2525 2021 2605 ἦν
2062 2536 2322 2613 sequitur
2345 2536 2406 2594 in
2432 2536 2565 2594 Ald.
2600 2536 3052 2595 additamentum
3087 2556 3161 2595 ex
3189 2536 3476 2614 Gregorio

1957 2621 2091 2680 Cor.
2119 2642 2178 2700 p.
2219 2624 2294 2680 62
2326 2622 2576 2695 illatum,
2611 2621 2833 2682 Ἀττικοὶ
2870 2620 2927 2681 δὲ
2968 2623 3055 2682 int
3089 2625 3195 2683 τῶν
3236 2622 3474 2694 θηλυκῶν

1959 2710 2243 2791 ἀρσενικῶν
2270 2708 2541 2787 ὀνομάτων
2565 2707 2850 2791 κέχρηνται
2882 2708 3079 2780 λέξεσιν
3105 2707 3472 2787 (καταλήξεσιν

1957 2816 2027 2854 ex
2052 2798 2217 2856 codd.
2245 2796 2586 2876 quibusdam
2627 2810 2950 2856 correctum
2987 2796 3142 2875 apud
3185 2800 3475 2875 Gregor.),

1957 2886 2027 2951 ὥς
2046 2886 2285 2959 ἐνταῦθα,
2309 2885 2399 2943 καὶ
2426 2884 2553 2965 παρ’
2574 2883 2801 2968 Ὁμήρῳ
2825 2911 2850 2939 ε
2866 2883 3051 2951 κλυτὸς
3076 2883 3475 2961 Ἱπποδάμεια.-

1957 2969 2046 3029 καὶ
2095 2971 2383 3053 Εὗριπίδης
2402 2998 2427 3025 σι
2449 2970 2511 3030 τὸ
2536 2971 2586 3030 δ’
2623 2963 2692 3030 αὗ
2730 2972 2848 3030 λίαν
2885 2973 3127 3052 παρεῦες
3166 2969 3474 3047 ἀγγελθεῖσά

1959 3078 2048 3134 μοι
2076 3065 2326 3134 γενναῖος.
2348 3084 2372 3110 ν
2392 3095 2454 3108 -
2479 3076 2548 3116 ια
2573 3054 2837 3139 ἐχρήσατο
2858 3058 3083 3118 Suidas.
3119 3059 3316 3136 χρῆται
3340 3056 3471 3115 Ald.

1957 3144 2114 3221 quod
2136 3164 2251 3202 om.
2279 3149 2347 3203 R.
2377 3150 2446 3203 V.

2037 3229 2108 3290 57
2138 3229 2301 3304 πότης
2325 3236 2352 3289 ὁ
2377 3229 2511 3291 πολὺ
2537 3230 2831 3290 ἀναλίσκων
2858 3229 3046 3310 λύχνος
3066 3235 3139 3290 V.
3170 3250 3222 3288 a.
3256 3249 3330 3288 m.
3359 3250 3471 3290 sec.

1957 3317 2186 3379 Omittit
2208 3323 2278 3378 G.

2038 3407 2111 3483 59
2134 3427 2247 3465 om.
2273 3412 2342 3467 V.
2364 3406 2482 3466 ἀντὶ
2517 3411 2609 3467 τοῦ
2635 3404 2942 3486 ἐλλυχνίων.
2969 3402 3006 3475 ἢ
3046 3401 3105 3482 (ἢ
3132 3403 3470 3479 delendum)

1958 3490 2062 3551 ἀπὸ
2081 3490 2235 3575 θρύου
2269 3492 2331 3552 τὸ
2354 3492 2578 3553 παλαιὸν
2611 3491 2679 3551 τὰ
2714 3491 2962 3571 ἐλλύχνια
2987 3489 3161 3549 habet
3181 3493 3252 3547 R.
3277 3490 3474 3551 Codex

1956 3581 2190 3639 Taurin.
2217 3579 2484 3661 Θρυαλλὶς
2508 3578 2704 3661 κυρίως
2725 3583 2761 3652 ἡ
2787 3577 2963 3659 ἔξαψις
2987 3581 3080 3639 ’τοῦ
3104 3573 3243 3634 κατὰ
3264 3575 3352 3636 τὸν
3373 3576 3476 3636 λύ-

1956 3690 2079 3746 χνον
2100 3665 2269 3748 φωτός
2286 3689 2300 3704 ·
2329 3672 2420 3727 νῦν
2452 3665 2509 3725 δὲ
2533 3666 2971 3745 καταχρηστικῶς
2998 3659 3058 3721 τὸ
3090 3664 3275 3730 κοινῶς
3317 3662 3474 3743 λεγό-

1957 3777 2109 3830 μενον
2147 3752 2397 3836 φιτύλιον.
2436 3751 2848 3830 Corrigendum
2872 3748 3104 3830 φυτίλιον
3138 3769 3212 3808 ex
3251 3749 3472 3808 scholio

1954 3841 2194 3901 Thomae
2210 3847 2285 3901 M.
2311 3862 2403 3920 ap.
2431 3845 2686 3917 Ducang.
2708 3841 2961 3898 Glossar.
2985 3857 3045 3915 p.
3078 3839 3225 3910 1673
3248 3858 3261 3893 :
3288 3840 3473 3918 θρυαλ-

1956 3926 2034 3993 λὶς
2069 3926 2130 3986 τὸ
2162 3949 2213 3986 κ.
2242 3924 2521 4005 λεγόμενον
2545 3924 2777 4006 φυτίλιον
2796 3948 2810 3963 ·
2832 3923 3030 4004 γίνεται
3068 3920 3169 4004 γὰρ
3204 3920 3309 3981 ἀπὸ
3335 3924 3471 4003 (τοῦ)

1956 4012 2099 4095 φύειν
2128 4013 2340 4093 τρίειον.
3391 4042 3398 4047 -

2035 4103 2143 4172 60,
2173 4100 2246 4159 35
2276 4102 2583 4176 ἐπιτιμῆσαι
2610 4098 2700 4158 τὸν
2731 4097 2988 4170 δεσπότην
3021 4102 3081 4156 V.
3113 4098 3239 4156 sine
3267 4098 3345 4176 τῷ
3371 4094 3473 4154 οἰκ.

1954 4223 2018 4244 -ι-
2040 4189 2109 4259 37
2143 4185 2257 4244 ἀλλ’
2295 4183 2651 4264 ἀναγνωστέον
2682 4189 2742 4243 F.
2775 4189 2844 4242 A.
2882 4183 3142 4241 NVolfius.
3182 4180 3314 4241 Ald.
3354 4181 3475 4240 ἀλλ’

1955 4273 2333 4346 ἀναπαυστέον,
2361 4276 2519 4353 quod
2548 4294 2662 4335 om.
2685 4279 2756 4332 V.
2773 4309 2838 4323 --
2857 4276 2932 4350 39
2963 4271 3122 4339 οὕτως
3142 4273 3213 4337 ὡς
3239 4275 3309 4329 G.

2036 4364 2144 4437 62,
2180 4364 2251 4432 43
2281 4358 2696 4438 Ἐστασιάζομεν
2728 4380 2802 4418 ex
2828 4359 3007 4419 Suida
3029 4360 3108 4436 (v.
3138 4355 3471 4436 Ἐλοιδορού·

1956 4450 2113 4528 μεθα)
2150 4450 2514 4520 Dindorfius,
2555 4449 2658 4526 qui
2696 4447 2817 4508 haec
2861 4457 3017 4505 recte
3052 4444 3472 4521 digessit.‚Ald.

1955 4536 2376 4617 στασιαζόμενος.
2406 4538 2610 4597 Suidas
2632 4538 2703 4602 ὥς
2727 4534 2829 4594 ὕπὸ
2854 4557 2923 4608 τ.,
2954 4543 3026 4603 44
3050 4535 3329 4610 τραπῆναι.

2034 4628 2130 4697 64,
2159 4634 2350 4703 47-49
2375 4627 2457 4684 sic
2478 4630 2545 4685 R.
2571 4628 2640 4681 V.
2683 4621 2822 4700 μέγα
2861 4624 3120 4702 φρονοῦσα
3144 4617 3355 4683 πάντως
3383 4617 3471 4676 ἐπὶ

1954 4714 2030 4793 τῷ
2061 4709 2301 4793 προγόνῳ
2345 4711 2617 4790 Μεγακλεῖ
2641 4712 2719 4789 τῶ
2741 4706 3016 4778 νικήσαντι
3041 4705 3151 4787 τρὶς
3174 4704 3291 4766 Ὀλ.
3314 4741 3376 4755 -
3398 4705 3472 4764 50

1954 4795 2253 4856 κατελθόντι
2279 4794 2367 4855 τὸν
2391 4794 2553 4856 ἵππον
2583 4802 2669 4869 R„
2686 4799 2777 4853 τοῦ
2806 4792 2972 4853 ἵππου
3002 4797 3066 4850 V.
3096 4793 3220 4850 sine
3239 4792 3300 4849 ἐκ
3329 4813 3380 4849 τ.
3409 4812 3464 4869 φ.

1954 4887 2102 4946 -ψόα
2130 4886 2325 4946 malim
2343 4881 2525 4952 ἔπειτα
2545 4883 2636 4942 καὶ
2662 4886 2755 4958 Κ.,
2777 4882 2888 4941 nisi
2914 4881 3037 4940 baec
3057 4881 3204 4940 alius
3230 4879 3468 4938 scholia-

1954 4987 2053 5033 stae
2079 4971 2252 5031 verba
2280 4983 2430 5030 sunt.
2458 4976 2639 5031 Dran.
2659 5006 2717 5018 —
2738 4971 2771 5028 3
2805 4968 3100 5039 πλουτῆσαι
3143 4963 3474 5026 Palmerius.
