3859 5725
541 314 657 369 53⁴

1669 293 2123 355 ADNOTATIO
2163 292 2249 352 IN
2290 290 2547 354 Senot..

539 433 611 494 Θ.
640 436 781 509 Reg.
816 451 828 486 :
857 421 1096 508 Ἤρρησε
1137 425 1423 497 ποιητικῶς
1441 468 1458 498 ,
1490 421 1519 482 ὃ
1545 422 1636 481 καὶ
1665 419 1947 505 εἶσήρρησε
1973 419 2071 481 λέ-
2159 420 2364 498 Κάδμε.
2381 425 2557 495 »Qnae
2572 424 2846 479 Musurus
2868 420 3149 480 intulitex
3165 420 3473 481 scholiasta
3494 424 3702 506 Eurip.

540 542 691 600 γεται
711 562 729 591 ,
753 514 814 576 τὸ
846 512 992 599 παρὰ
1011 522 1118 582 τοῖς
1149 520 1341 580 κοινοῖς
1369 510 1652 594 εἷσεφθάρη
1672 511 1792 584 Ιἤτοι
1822 510 1960 588 μετὰ
1985 515 2070 591 φθ.

541 609 797 680 εἰσῆλθεν.
827 595 889 664 οὗ
910 602 972 663 τὸ
991 600 1127 680 θέμα
1148 599 1284 685 ἐρρω
1302 599 1365 660 τὸ
1390 601 1728 684 φθείρομαι,δ
1744 597 1952 679 με’λλων
1981 601 2073 682 ἐρ-

542 695 688 778 ρήσω
713 691 1067 777 ἑτεροκλίτως.

2161 512 2442 570 Phoeniss.
2470 511 2605 578 641.
2629 514 2816 568 Dum.

2248 619 2431 673 1227,
2468 599 2541 658 53
2571 620 2698 679 sqq.
2742 600 2910 659 sicin
2939 606 3033 673 R.,
3060 602 3115 660 ἐν
3154 598 3584 684 ἴσῳ-πρίωμαι.
3607 605 3705 665 άλ-

2161 692 2282 757 λως.
2307 688 2503 760 ὠνήσει
2525 688 2622 759 τὴν
2650 689 2878 762 λήκυθον
2897 688 2990 749 καὶ
3013 687 3208 756 ἀπόδος
3234 690 3352 749 ἀντὶ
3371 697 3470 762 τῆς
3494 696 3705 754 320)...-

629 807 650 844 1
670 787 779 863 196
801 828 819 856 ‚
871 792 937 852 14
975 779 1348 862 Ἄργέννουσαν
1385 778 1505 837 duo
1541 778 1768 838 codices
1795 779 1990 839 Suidae
2029 800 2074 840 s.
2162 778 2327 845 λυίας.
2351 783 2494 856 Reg.
2515 776 2713 860 πρίημι
2737 777 3027 859 ἄχρηστον,
3055 778 3264 840 deinde
3290 782 3549 860 explicat
3568 786 3707 843 ἀπο-

542 871 965 956 Ἐστρατήγησε.
1003 868 1376 930 scribebatur
1407 867 1760 948 Ἆργίνουσαν.
1792 869 1958 928 Conf.
2003 869 2075 928 ad
2165 865 2306 947 πρίω
2330 867 2592 924 formam.

541 964 720 1022 schol.
746 960 903 1021 Nub.
934 962 989 1018 6.
1015 996 1081 1010 -
1107 959 1176 1016 15
1212 958 1482 1036 δυστυχῶς
1500 962 1570 1016 R.
1593 954 1853 1036 δυστυχής
1878 958 2071 1016 ceteri.

540 1089 604 1102 —
639 1053 708 1109 16
753 1048 1031 1130 Θράσυλος
1059 1053 1140 1108 Μ.
1191 1045 1540 1130 θρασύλλογος
1566 1052 1637 1105 V.
1673 1082 1734 1097 -
1784 1066 1848 1119 17
1877 1045 2078 1113 Λυσίας

543 1138 739 1199 addidi
762 1158 834 1198 ex
866 1143 972 1211 R.,
1002 1148 1262 1196 correcta
1304 1134 1523 1194 codicis
1559 1135 1848 1213 scriptura
1889 1132 2079 1214 χύσις,

543 1225 702 1305 quod
732 1223 899 1291 Λύσις
924 1225 1121 1305 potius
1147 1243 1270 1283 esse
1299 1223 1581 1281 videatur.
1615 1223 1728 1282 Sed
1757 1223 1958 1300 Lysias
1980 1222 2078 1281 di-

542 1316 696 1374 citur
723 1335 757 1373 a
797 1314 1191 1391 Xenophonte
1221 1312 1369 1371 nist.
1396 1315 1496 1369 Gr.
1540 1331 1590 1382 1,
1623 1332 1678 1382 7,
1710 1332 1765 1369 2.
1791 1316 1975 1370 Dum.
1997 1346 2078 1357 —

547 1423 622 1460 2ο
667 1400 1002 1472 ἐλλήσποντα
1053 1405 1147 1475 V.‚
1186 1419 1303 1457 non
1341 1402 1408 1459 G.
1459 1402 1597 1475 Reg.
1625 1420 1640 1456 t
1667 1396 1738 1458 ‘0
1776 1398 1893 1481 Ἐρ.
1933 1390 2081 1465 οὗτος

543 1486 834 1571 στρατηγὸς
852 1478 918 1560 ἦν
940 1486 1225 1559 Ἀθηναίων
1248 1484 1387 1545 πάνυ
1406 1487 1614 1568 ἀχρεῖος
1630 1485 1722 1545 καὶ
1741 1485 1940 1566 ἀτυχής
1955 1510 1970 1524 ·
1990 1485 2079 1546 καὶ

544 1575 809 1658 κεκλοφὼς
839 1573 1069 1653 δημόσια
1109 1573 1420 1656 πράγματα.
1457 1573 1661 1647 ἐξώσθη
1701 1572 1756 1633 δὲ
1789 1574 2042 1657 πατρίδος
2062 1618 2078 1648 ,

545 1663 707 1723 ἔπειτ’
758 1666 829 1732 εἰς
871 1663 1085 1744 Πέρσας
1148 1659 1391 1722 ἀπελθὼν
1415 1707 1432 1736 ,
1479 1663 1696 1724 κάκεῖσε
1739 1670 1847 1729 τοῖς
1887 1662 2083 1740 ὁμοίοις

545 1752 850 1834 ἐπιχειρῶν,
896 1750 1097 1825 ὑπέστη
1145 1748 1318 1811 πολλὰ
1366 1749 1511 1810 δεινὰ
1568 1748 1659 1810 καὶ
1703 1749 1946 1832 πονήρως
1990 1749 2080 1810 τὸν

548 1837 659 1918 βίον
685 1838 988 1899 κατέλυσεν.

631 1948 804 2000 1202,
835 1929 909 1988 23
947 1949 1031 2007 sq.
1066 1930 1438 2010 μικροπρεπῶς
1461 1925 1561 2009 γὰρ
1586 1924 1765 2007 ἐλεγον
1797 1927 2080 2008 κωδάριον,

545 2014 830 2089 ληκύθιον,
858 2016 1101 2076 θυλάκιον
1134 2015 1342 2077 Suidas
1372 2037 1424 2073 v.
1464 2015 1744 2089 Ληκύθιον.
1767 2053 1833 2067 -
1865 2025 1941 2085 24
1971 2018 2084 2075 hoc

544 2106 687 2165 dicit
729 2106 1070 2180 scholiasta,
1115 2127 1232 2165 non
1276 2102 1534 2179 θύλακον,
1573 2105 1733 2184 quod
1776 2106 1945 2166 metri
1988 2106 2082 2164 lex

548 2192 898 2272 postulabat,
920 2194 1021 2253 sed
1041 2193 1286 2253 θυλάκιον
1310 2194 1522 2253 dixisse
1537 2207 1788 2273 poetam,
1808 2195 2082 2272 quoniam

545 2282 808 2359 exempla
834 2300 1109 2339 versuum
1128 2281 1580 2359 Euripideomm
1601 2279 1753 2338 infra
1782 2282 2086 2361 proposita

546 2369 794 2429 θυλάκιον
835 2367 1107 2427 ἀπώλεσεν
1141 2369 1465 2448 postulent,
1510 2387 1628 2426 non
1669 2370 1857 2428 ferant
1891 2383 2083 2430 autem

547 2456 771 2518 θύλακον
801 2453 1091 2515 ἀπώλεσεν.
1122 2462 1306 2515 Dum.

636 2564 803 2614 1211,
833 2544 908 2602 32
930 2539 1286 2625 ’ΠΛ-ἀρχὴ
1325 2563 1440 2601 om.
1485 2547 1558 2600 V.
1593 2545 1627 2613 ἡ
1655 2563 1771 2602 om.
1799 2549 1869 2604 R.
1897 2578 1970 2591 —
2007 2547 2083 2606 35

547 2629 718 2715 ἔτερος
742 2637 814 2690 V.

635 2740 704 2778 12
721 2721 798 2778 13
813 2715 1502 2801 Προσήρτησε-ἀπώλεσεν
1531 2732 1668 2798 post
1697 2719 1950 2802 Δελφίσιν
1971 2722 2082 2781 ha-

547 2806 650 2867 bet
671 2813 741 2868 V.
768 2808 850 2867 sic
877 2807 1122 2886 scripta,
1163 2805 1293 2889 πρὸς
1319 2806 1382 2867 τὸ
1418 2804 1651 2889 χορεύων
1683 2807 2087 2891 προσήρτησε-

547 2895 840 2956 ἀπώλεσεν.

635 3005 814 3062 1219,
852 2995 926 3053 4ο
954 2985 1017 3043 ἐκ
1043 2981 1357 3051 Σθενεὸοίας
1383 2982 1507 3040 Ald.
1534 2984 1595 3042 ἐκ
1616 3004 1734 3046 0111.
1769 2991 1867 3061 V.,
1899 2987 2001 3064 qui
2030 2986 2085 3047 δὲ

547 3085 860 3151 utrumque
899 3071 1135 3130 omittit.
1172 3071 1420 3148 Regius:
1455 3070 1710 3153 Ὑφέσθαι
1748 3077 1782 3146 ἧ
1818 3074 2087 3156 μεταφορὰ

546 3158 652 3218 ἀπὸ
682 3162 788 3218 τῶν
826 3158 1068 3241 σφοδροῖς
1094 3155 1306 3236 ἀνέμοις
1346 3155 1614 3218 πλεόντων
1651 3159 1744 3219 καὶ
1781 3161 2086 3222 ἐνδιδόντων

547 3246 615 3307 τὰ
635 3245 728 3307 λαί
806 3291 819 3305 .

637 3269 812 3409 12Ῑ5η,
839 3336 913 3404 48
943 3333 1118 3395 Σιδὼν
1148 3333 1298 3402 πόλις
1321 3337 1435 3395 ἐστι
1459 3334 1738 3408 Φοινίκης.
1772 3334 1886 3396 ἐστι
1914 3337 1972 3398 δὲ
1994 3343 2088 3398 τοῦ

548 3424 678 3484 Ald.
705 3421 919 3504 Φρύξου
939 3429 1013 3482 G.
1038 3425 1108 3484 Θ.
1132 3424 1253 3482 ΑΜ.
1280 3462 1342 3475 -
1379 3439 1452 3499 49
1481 3423 1620 3504 ἀρχή
1644 3426 1756 3484 ἐστι
1778 3431 1845 3484 V.
1872 3427 1964 3500 Θ.,
1988 3430 2089 3505 qui

548 3513 849 3589 sequentia
874 3512 1110 3572 omittit.
1132 3516 1344 3570 Totum
1368 3512 1632 3571 scholion
1667 3533 1781 3572 om.
1814 3520 1896 3573 Μ.
1924 3552 1989 3566 —
2016 3518 2088 3575 5ο

552 3598 711 3657 addit
743 3597 871 3659 Ald.
913 3600 972 3657 οὐ
1007 3606 1182 3679 χεῖρον
1212 3598 1258 3656 δ’
1285 3596 1349 3656 ἂν
1390 3597 1470 3669 εἴη
1516 3598 1606 3658 καὶ
1632 3598 1722 3659 τὸν
1762 3600 1974 3682 Κάδμῳ
1998 3603 2088 3662 δο-

550 3683 705 3746 θέντα
724 3685 968 3769 χρησμὸν
989 3685 1169 3769 ὥσπερ
1202 3711 1256 3747 τι
1282 3686 1573 3746 ἐπεισόδιον
1600 3691 1906 3768 εἰσενεγκεῖν
1926 3690 2089 3761 οὕτως

550 3771 744 3855 ἔχοντα
766 3797 780 3811 ·
811 3801 836 3826 ι
859 3773 1052 3856 φράζεο
1083 3774 1148 3847 δή
1199 3797 1293 3854 μοι
1343 3779 1542 3853 μῦθον,
1587 3775 1861 3857 Ἀγήνορος
1908 3778 2090 3859 ἔκγονε

552 3861 765 3942 Κάδμε.
812 3861 973 3930 Ἠοῦς
1018 3862 1297 3946 ἐγρόμενος
1322 3862 1596 3943 προλιπὼν
1633 3868 1704 3924 ἴθι
1746 3867 1907 3924 nuo&
1936 3870 2050 3928 δῖαν
2070 3914 2087 3945 ,

549 3948 707 4022 ‘aazia’
733 3948 874 4029 ἔχων
902 3953 1095 4010 ἐσθῆτα
1123 3949 1213 4010 καὶ
1246 3950 1492 4029 αἶγανίην
1518 3952 1654 4028 μετὰ
1681 3953 1852 4033 χερσὶ,
1874 3956 1970 4029 τὴν
2000 3957 2089 4018 διά

548 4060 610 4098 τε
636 4036 896 4116 Φλεγύων
936 4038 1027 4098 καὶ
1063 4038 1309 4106 Φωκίδος
1329 4082 1345 4108 ,
1376 4038 1430 4105 ἔς
1470 4039 1518 4098 τ’
1546 4039 1609 4099 ἂν
1649 4039 1800 4114 ἵκηαι
1838 4043 2087 4123 βουκόλον

551 4122 645 4197 ἠδὲ
670 4123 796 4204 βόας
818 4123 1156 4207 κηριτρεφέος
1178 4124 1530 4204 Πελάγοντος.
1569 4128 1752 4189 ἐνθάδε
1778 4132 2089 4211 προσπελά-

551 4236 647 4280 σας
672 4211 1005 4291 ξυλλάμὸανε
1027 4216 1146 4293 βοῦν
1173 4213 1417 4296 ἐρίμυκον
1438 4258 1453 4287 ,
1478 4213 1515 4287 ἥ
1537 4240 1627 4276 κεν
1655 4216 1718 4289 δὴ
1738 4218 1951 4279 νώτοισι
1973 4220 2090 4299 μετ’

551 4299 925 4383 ἀμφοτέροισιν
952 4297 1109 4381 ἔχῃσι
1129 4300 1314 4360 λευκὸν
1350 4303 1518 4381 σχῆμ’
1551 4303 1796 4388 ἑκάτερθε
1832 4307 2090 4388 περίπλο-

552 4409 673 4462 κον,
693 4385 819 4460 ἠΰτε
854 4387 1027 4467 μήνης
1047 4413 1061 4426 ·
1091 4388 1246 4461 τήνδε
1271 4387 1336 4449 σὺ
1360 4389 1597 4469 ἡγεμόνα
1629 4402 1775 4472 σχεῖν
1810 4396 2090 4478 ἀτρέπτοιο

552 4474 817 4536 κελεύθου.
847 4481 999 4555 σῆμα
1028 4475 1087 4536 δέ
1109 4500 1190 4537 τοι
1215 4476 1345 4558 ἐρέω
1377 4479 1504 4556 μάλ’
1544 4481 1853 4564 ἀριφραδὲς,
1881 4485 2000 4545 οὐδέ
2030 4508 2090 4547 σε

552 4560 722 4634 λήσει.
752 4561 874 4621 ἔνθα
925 4562 987 4622 κέ
1022 4588 1105 4624 τοι
1151 4564 1424 4648 πρώτιστα
1467 4567 1586 4646 βοὸς
1620 4568 1778 4651 κέρας
1808 4572 2090 4653 ἀγραύλοιο

553 4647 653 4730 ἥξῃ
674 4673 767 4725 τε,
804 4650 959 4732 κλίνῃ
995 4675 1052 4711 τε
1091 4650 1237 4735 πέδῳ
1276 4654 1400 4733 γόνυ
1428 4655 1692 4732 ποιήεντι,
1726 4660 1816 4719 καὶ
1848 4661 1967 4721 τότε
1991 4661 2088 4736 τὴν

556 4735 652 4815 μὲν
675 4736 862 4797 ἔπειτα
896 4739 1260 4824 μελαμφύλλῳ
1283 4743 1432 4823 χθονὶ
1467 4742 1630 4826 ῥέζειν
1667 4747 1838 4826 ἁγνῶς
1865 4749 1954 4809 καὶ
1984 4774 2088 4811 κα-

554 4826 723 4906 θαρῶς
740 4871 756 4900 ,
778 4825 906 4906 γαίῃ
932 4827 977 4885 δ’
1004 4825 1130 4888 ὅταν
1159 4830 1277 4910 ἱερὰ
1308 4830 1456 4914 ῥέξῃς
1474 4879 1490 4908 ,
1529 4833 1675 4916 ὄχθῳ
1704 4837 1788 4895 ἐπ’
1811 4838 2089 4922 ἀκροτάτῳ

554 4911 745 4982 κτίζειν
785 4912 939 4973 πόλιν
964 4917 1300 4999 εὗρυάγειαν,
1349 4921 1511 4981 δεινὸν
1548 4923 1828 4985 Ἐνυαλίου
1874 4927 2089 5008 πέμψας

555 4998 748 5082 φύλακ’
771 5001 944 5069 Ἄϊδος
977 5004 1121 5066 εἴσω.
1163 5005 1253 5067 καὶ
1282 5007 1345 5067 σύ
1371 5010 1425 5088 γ’
1461 5013 1544 5070 ἐπ’
1582 5013 1883 5094 ἀνθρώπους
1918 5015 2088 5096 ὄνομα

557 5089 745 5157 κλυτὸς
774 5088 954 5150 ἔσσεαι
975 5085 1139 5170 αὖθις,
1162 5094 1435 5156 ἀθανάτων
1453 5101 1652 5181 λεχέων
1673 5103 1920 5181 ἀντήσας,
1941 5105 2087 5165 ὅλὸιε

2254 974 2424 1031 1229,
2448 954 2485 1011 8
2517 953 2580 1014 τὸ
2598 952 2875 1033 ὠνήσομαι
2894 960 2964 1017 R.

2253 1063 2274 1101 1
2289 1045 2404 1104 233
2424 1045 2536 1115 Τῆς
2554 1044 2609 1101 ἐν
2634 1044 2860 1127 Ταύροις
2879 1043 3181 1127 Ἰφιγενείας
3200 1048 3235 1117 ἡ
3259 1045 3419 1128 ἀρχή.
3438 1047 3503 1108 τὸ
3520 1048 3709 1109 λοιπὸν

2168 1131 2370 1212 (λεῖπον
2395 1131 2493 1211 Θ.)
2512 1174 2582 1186 -
2605 1131 2769 1213 κόρην
2796 1136 2865 1191 R.
2891 1134 2963 1194 Θ.
2992 1130 3049 1191 δὲ
3076 1153 3192 1192 0111.
3224 1139 3286 1193 V.

2255 1221 2426 1293 1235,
2465 1241 2531 1279 12
2554 1218 2803 1293 ληκύθιον
2827 1225 2899 1280 R.
2924 1225 3000 1279 Μ.
3026 1220 3159 1281 Ald.
3180 1219 3372 1288 ἀπόδος
3394 1220 3430 1281 ὅ
3448 1225 3569 1283 ἐστι
3591 1223 3713 1283 πώ·-

2168 1309 2332 1378 λησον
2353 1310 2424 1370 Θ.
2455 1313 2539 1369 Μ.
2560 1337 2624 1359 -ι
2660 1312 2727 1367 13
2758 1310 2898 1367 ἐπιλ.
2927 1304 3029 1390 γὰρ
3050 1313 3116 1368 V.
3141 1311 3213 1369 Θ.
3239 1314 3322 1370 Μ.
3348 1310 3501 1391 λήψῃ
3526 1319 3603 1372 V.
3630 1320 3713 1372 M.

2168 1394 2464 1470 ...‘13-17
2512 1397 2811 1477 διὰ-αύτῷ
2853 1417 2969 1456 0111.
3018 1399 3090 1457 Θ.
3110 1434 3174 1447 -
3201 1399 3271 1456 16
3315 1399 3489 1468 δοκεῖς
3529 1399 3715 1483 ὅσπερ

2170 1484 2393 1566 ὀφείλειν
2418 1483 2582 1558 αὐτὴν
2603 1490 2749 1564 Reg.
2779 1498 2954 1544 recte.

2258 1594 2279 1630 1
2295 1576 2433 1648 238,
2458 1576 2640 1633 21-36
2663 1594 2778 1633 0111.
2807 1575 2983 1633 etiam
3003 1575 3077 1634 Θ.
3106 1579 3187 1633 Μ.
3205 1611 3269 1627 --
3292 1594 3365 1634 21
3396 1578 3718 1636 Piersonns

2172 1662 2329 1738 apud
2347 1663 2684 1723 Valckenar.
2707 1663 2892 1722 Diatr.
2912 1663 3112 1741 Eurip.
3134 1682 3192 1741 p.
3222 1685 3242 1721 ι
3258 1666 3353 1737 37,
3378 1663 3525 1724 θύων
3545 1667 3721 1745 dmp-

2171 1746 2273 1827 χᾶις
2292 1751 2388 1808 οὐκ
2415 1748 2566 1809 ἔθυσε
2592 1748 2837 1831 παρθένῳ
2871 1748 2881 1826 Ι
2918 1748 3200 1829 Ἀρτέμιδι.
3220 1788 3284 1801 -
3314 1771 3392 1810 22
3416 1754 3721 1835 εὔφορησά-

2174 1859 2272 1908 σης
2302 1851 2360 1896 et
2382 1840 2459 1897 26
2489 1838 2834 1898 συνεκάλεσεν
2857 1844 3164 1900 Kustems.
3192 1840 3720 1922 εὗφορήσας-συνε-

2172 1924 2403 1985 κάλεσαν
2428 1925 2555 1985 Ald.

2261 2022 2412 2082 1240
2437 2010 2765 2096 πολύὸοτρυν
2791 2013 2854 2071 in
2881 2011 3043 2071 libris
3062 2012 3411 2091 quibusdam
3441 2017 3561 2094 legi
3582 2017 3723 2077 dicii

2174 2120 2286 2178 pro
2323 2098 2687 2181 πολύμετρον,
2721 2120 2794 2159 ex
2827 2099 3161 2177 conjectura
3199 2105 3571 2179 grammatici
3595 2148 3616 2177 ,
3662 2119 3725 2163 nt

2175 2188 2424 2247 videtur.
2450 2193 2632 2248 Dum.
2655 2225 2721 2240 —
2739 2190 2869 2265 39⁶4
2884 2208 2905 2245 1
2931 2187 3231 2271 ἀκόλ.-γρ.
3253 2189 3532 2251 omittere
3552 2194 3719 2253 vido>

2176 2287 2272 2335 tur
2298 2280 2393 2349 R.,
2417 2295 2536 2334 non
2567 2281 2636 2335 V.

2263 2370 2432 2436 1247,
2465 2372 2536 2436 47
2569 2362 2864 2442 συκώματα
2889 2363 3231 2423 Dindorfius
3261 2382 3337 2423 ex
3364 2366 3604 2426 scholio
3641 2370 3731 2428 in-

2177 2452 2406 2512 feriore.
2455 2451 2781 2531 Legebatur
2829 2450 3181 2533 σαρκώματα.
3214 2491 3279 2504 -
3317 2461 3395 2530 49
3441 2454 3480 2527 ἢ
3518 2458 3599 2516 Θ.
3644 2463 3727 2517 Μ.

2177 2560 2288 2619 pro
2314 2536 2532 2608 Ἄλλως.
2574 2541 2758 2600 Iidem
2802 2560 2916 2599 om.
2955 2541 3027 2599 53
3064 2554 3123 2599 et
3152 2561 3311 2619 seqq.
3345 2555 3402 2601 et
3430 2544 3731 2606 scholium

2185 2628 2352 2687 1251.
2375 2665 2437 2679 -
2461 2649 2494 2686 2
2511 2629 2827 2710 προήρπασε
2842 2623 2932 2689 τὸν
2956 2627 3131 2705 λόγον.
3153 2629 3305 2712 φησὶ,
3333 2630 3425 2691 καὶ
3447 2632 3563 2709 μὴν
3594 2633 3727 2716 ἔχω,

2176 2719 2247 2784 ὣς
2272 2716 2427 2777 αὗτὸν
2455 2717 2716 2786 ἀποδείξω
2732 2763 2749 2792 ,
2776 2720 2808 2776 3
2845 2718 3182 2795 μετατίθεται
3206 2723 3235 2776 ὁ
3259 2742 3309 2777 τ.
3344 2725 3494 2799 Reg-

2265 2805 2435 2881 1251,
2469 2809 2539 2865 18
2567 2803 2769 2865 ἐκθέσει
2792 2811 3020 2866 Portus.
3044 2803 3270 2866 εῖσθίσει
3300 2806 3435 2869 ΔΜ.

2265 2895 2440 2970 1259,
2471 2914 2543 2967 27
2576 2884 2683 2954 οἷον
2710 2915 2826 2952 0111.
2858 2894 2930 2953 Θ.

2266 3004 2286 3040 1
2301 2985 2436 3056 262,
2456 2984 2529 3042 33
2558 2982 2768 3042 ἅπαντα
2791 2984 2861 3044 Θ.
2883 2980 2990 3041 ἀπὸ
3010 2982 3261 3056 ληκυθίου
3282 2996 3343 3043 et
3362 2984 3439 3054 34
3460 2985 3728 3069 διαφθερὸ

2180 3077 2250 3132 R.
2270 3073 2341 3133 Θ.
2364 3060 2874 3143 ἀποληκυθιῶ-οἷον
2897 3072 3177 3152 ἀποφθερῶ
3196 3072 3396 3131 ceteri.
3410 3096 3499 3133 σοι
3514 3074 3721 3144 wige.

2265 3161 2437 3233 1263,
2464 3159 2539 3218 35
2568 3158 2926 3240 ἀπαριθμήσω
2960 3158 3095 3217 libri
3124 3172 3337 3238 praeter
3360 3165 3436 3221 R.
3458 3199 3526 3213 -
3556 3165 3632 3238 37
3662 3165 3722 3224 τὸ

2179 3246 2317 3326 με’λη
2336 3247 2513 3307 πάντα
2524 3249 2597 3309 Θ.
2620 3286 2682 3299 -
2704 3249 2777 3306 38
2803 3250 2881 3329 τῷ
2899 3245 3061 3329 ψήφῷ
3075 3247 3205 3327 [sic]
3219 3249 3290 3309 Θ.
3309 3251 3386 3330 τῷ
3412 3248 3445 3308 8
3466 3254 3638 3333 ψηφᾷ
3658 3260 3719 3312 V.

2181 3335 2510 3414 Legebatm·
2536 3339 2642 3396 τῶν
2665 3334 2875 3418 ψήφων.
2909 3337 3127 3415 Scripsi
3163 3334 3241 3395 τὼ
3267 3335 3451 3419 ψήφω.
3482 3341 3721 3399 Videtur

2179 3446 2249 3481 ex
2276 3425 2383 3484 hac
2409 3426 2786 3484 annotatione
2818 3426 3013 3502 colligi
3044 3444 3215 3503 posse
3242 3425 3303 3483 in
3334 3425 3561 3485 sabulis
3600 3430 3723 3506 qui·

2178 3509 2421 3571 busdam
2460 3512 2707 3589 spuriis,
2745 3513 2905 3571 velut
2949 3512 3283 3571 Μεταλλεῦσι
3320 3511 3722 3586 Ρίιετεειτιῑίε,

2178 3601 2443 3678 exempla
2481 3599 2744 3677 quaedam
2776 3600 3074 3659 masculini
3108 3600 3341 3660 articuli
3367 3597 3448 3659 τὼ
3476 3621 3617 3660 cum
3646 3603 3725 3660 fe-

2180 3687 2411 3745 mininis
2425 3688 2773 3760 nominibus,
2788 3687 2957 3765 quale
2968 3698 3055 3746 est
3067 3688 3257 3768 ffiqoe,
3271 3688 3453 3748 fuisse
3467 3691 3723 3750 inventa.

2178 3778 2266 3833 De
2295 3777 2577 3835 orationis
2603 3790 2795 3836 autem
2824 3796 2931 3836 usu
2962 3777 3019 3836 in
3045 3776 3240 3836 fabula
3266 3778 3363 3837 illa
3392 3778 3723 3838 Pherecrati

2179 3862 2467 3943 adscripta
2511 3867 2843 3943 quaesivisse
2901 3864 3344 3925 Eratosthenem
3395 3886 3473 3926 ex
3536 3869 3725 3926 photii

2178 3951 2365 4027 glossa
2396 3951 2540 4012 Εὖθὺ
2571 3953 2796 4014 Λυκείου
2822 3975 2880 4033 p.
2925 3956 2995 4013 32
3013 3998 3031 4027 ,
3060 3968 3129 4011 12
3157 3955 3510 4033 colligimus.
3546 3961 3723 4016 Dum.

2178 4076 2241 4089 -
2268 4050 2341 4109 4ο
2368 4041 2720 4102 ἐσολοικίσθαι
2750 4044 2823 4104 Θ.

2268 4131 2436 4202 1264,
2467 4141 2539 4201 42
2570 4131 2782 4192 δίαυλον
2808 4138 2882 4193 V.
2908 4132 3004 4191 hic
3038 4144 3096 4191 et
3123 4132 3441 4192 infra—43
3476 4133 3726 4193 fortasse

2180 4216 2268 4276 καὶ
2317 4220 2557 4299 ἀλλαχῶ
2588 4218 2860 4288 πολλάκις.
2897 4226 3078 4281 Dum.
3123 4222 3383 4300 Regius:
3412 4225 3478 4280 Δ.
3515 4221 3725 4302 λέγεται

2178 4307 2303 4365 ὅταν
2331 4308 2560 4387 ἡσυχίας
2583 4307 2834 4373 παντοίας
2861 4307 3146 4388 γενομένης
3171 4315 3205 4382 ἡ
3240 4310 3497 4389 αὐλητρὶς
3520 4309 3652 4392 ᾄσῃ.
3671 4348 3728 4360 -

2183 4395 2257 4463 48
2290 4410 2348 4455 et
2376 4398 2678 4475 sequentia
2720 4397 2794 4456 ad
2839 4399 3011 4456 finem
3040 4399 3245 4458 scholii
3287 4418 3407 4457 om.
3434 4399 3622 4457 etiam
3656 4400 3725 4459 Θ.

2179 4488 2256 4541 Μ.
2290 4486 2500 4563 Regius
2529 4508 2543 4544 τ
2572 4483 2653 4546 Τὸ
2681 4487 2790 4546 Φθ.
2815 4484 2930 4564 Ἆχ.
2955 4484 3048 4544 καὶ
3074 4487 3143 4544 τὰ
3172 4484 3288 4557 ἑξῆς
3308 4485 3490 4544 πάντα
3522 4484 3726 4565 Αἰσχύ-

2178 4573 2271 4631 λου
2305 4572 2400 4651 μέν
2422 4577 2524 4634 εἶσι
2546 4573 2681 4653 μέλη
2698 4617 2714 4647 ,
2742 4574 2992 4658 προφέρει
3027 4574 3085 4634 δὲ
3122 4575 3251 4655 Εὖρ.
3290 4576 3365 4639 εἷς
3386 4571 3505 4651 γε’λ.
3532 4588 3648 4633 etc.
3676 4611 3731 4625 -

2184 4660 2257 4717 50
2281 4658 2334 4730 ἐξ
2356 4661 2535 4722 ἄλλων
2577 4662 2863 4746 δραμάτων
2892 4668 3056 4740 Ριθς.,
3084 4662 3245 4739 quod
3273 4658 3534 4719 malebat
3574 4662 3731 4719 Diu·

2178 4748 2411 4809 dorliuS.
2435 4793 2494 4804 -
2525 4752 2592 4809 51
2621 4751 2713 4810 καὶ
2737 4750 3122 4810 εἰσὶν-οὐκοῦν
3148 4750 3241 4808 καὶ
3269 4746 3426 4815 αὐτὸς
3476 4747 3560 4826 μὴ
3584 4748 3729 4821 ζήτει

2177 4836 2352 4896 πάντα
2380 4837 2600 4914 εἰδέναι,
2628 4839 2746 4899 ἀλλ’
2770 4838 2871 4899 ὅσα
2892 4831 3058 4900 οἷόντε
3082 4840 3240 4918 Reg.‚
3265 4838 3369 4916 qui
3391 4851 3599 4897 cetera
3614 4860 3729 4897 om.

2265 4929 2446 5001 1266,
2473 4931 2545 4988 23
2580 4928 3105 5010 Ἐκ-Ψυχαγωγῶν
3146 4922 3261 4986 om.
3291 4931 3367 4986 G.
3391 4964 3461 4977 -
3486 4937 3567 4998 24
3595 4925 3731 4987 αὐτὰ

2178 5035 2291 5074 om.
2318 5019 2413 5086 6.,
2445 5017 2545 5094 qui
2576 5017 2648 5074 25
2677 5016 2767 5076 καὶ
2791 5015 3059 5099 ἐπιφέρει,
3095 5028 3153 5074 et
3190 5035 3305 5075 0111.
3338 5017 3420 5075 26
3441 5034 3539 5096 sq.
3564 5052 3635 5068 —
3662 5036 3727 5089 27

2176 5104 2538 5165 scribebatur
2558 5105 2780 5187 Ἀχιλεῦ.
