3859 5725
429 245 550 300 4⁷2

432 369 567 442 584,
600 366 847 425 refertur
864 361 938 420 ad
959 360 1221 437 δαιμονια,
1246 358 1403 436 quod
1422 362 1493 418 R.
1508 361 1574 416 V.
1595 377 1704 436 pro
1726 357 1963 434 vulgato

431 456 658 534 δαίμονα
684 452 1077 533 praebuerunt.
1109 452 1293 506 Dran.

516 545 655 615 585,
684 544 718 601 5
741 540 916 622 ἕρπειν
942 558 1057 597 0111.
1080 542 1151 594 V.

1603 223 2056 289 ADNoTA‘no
2096 225 2181 286 ΓΝ
2222 225 2489 288 seflot..

2131 358 2269 430 612,
2300 358 2372 425 34
2396 354 2495 427 τὴν
2521 375 2639 415 om.
2660 360 2736 416 V.
2872 417 2882 424 ,

2133 444 2279 518 616,
2306 446 2382 513 43
2405 442 2547 521 λέγει
2571 449 2645 503 V.
2664 478 2748 494 —
2767 451 2842 513 44
2864 442 3050 525 ἐκείνῳ
3069 446 3191 504 Ald.

2135 533 2283 608 619,
2320 533 2354 588 3
2380 531 2620 609 πολέμου
2643 529 2734 598 τὰς
2763 531 2934 598 αἰτίας
2960 538 3031 591 V.
3053 579 3115 595 ...
3133 554 3165 605 7
3189 535 3327 610 May.
3346 530 3599 594 πινάκιο-

516 643 632 702 586
654 636 878 709 Ἐπειδὴ
904 641 943 709 ἡ
963 619 1349 714 εἰρΪπλέον-’τῷ
1375 631 1591 709 γεωργῷ
1620 626 1873 711 συμφέρει
1894 631 1966 686 R,
2056 619 2184 676 Ald.
2212 655 2295 669 ...
2327 640 2396 678 η
2423 623 2552 701 φησι
2573 620 2630 678 δὲ
2653 619 2779 679 ΑΜ,
2801 663 2866 677 ,-
2892 621 2964 677 16
2987 641 3074 700 ,ᾧ
3096 620 3439 700 ἐμμόνως
3469 618 3601 680 δύο,

519 732 657 809 593,
679 752 717 807 9
741 720 885 788 οὗτοι
905 745 1020 784 0111.
1055 727 1213 782 V.—-
1237 723 1305 778 13
1332 718 1630 797 legebatur
1654 717 1846 796 λέγειν.

518 827 671 905 595,
711 822 1008 901 ιδ’Χίδρα,
1050 821 1120 877 18
1147 817 1183 891 ἢ
1206 807 1340 885 εἶδος
1373 821 1444 873 V.
1472 816 1605 876 Ald.
1632 844 1697 856 ·-·
1726 834 1796 873 21
1827 815 1972 886 ἀλη-

434 916 689 996 λεσμένον
717 913 920 972 codex.

519 1006 633 1064 603
651 1047 668 1075 ‚
695 1011 766 1071 24
794 990 839 1059 ὦ
858 996 1080 1057 addidit
1106 993 1454 1054 Dindorfius.
1489 1024 1563 1036 —
1599 991 1675 1048 28
1698 994 1870 1054 αὐτοῖς
1896 993 1969 1047 V.

435 1093 528 1152 ἀπ’
565 1094 736 1151 αὐτῶν
769 1095 839 1148 G.
864 1134 930 1146 -
961 1106 1036 1162 29
1066 1081 1232 1143 αἴτιον
1270 1081 1610 1141 Dindorfius
1644 1091 1718 1137 ex
1750 1077 1969 1135 codicis

437 1187 583 1240 Ven.
617 1181 907 1259 scriptura
932 1172 1106 1233 αὐτόν.

517 1267 666 1342 605,
700 1270 776 1326 30
811 1259 1114 1342 Φεοδώρου.
1142 1258 1306 1317 Libri
1340 1250 1675 1335 Πυθοδώρου.
1717 1258 1825 1311 «In
1858 1273 1970 1311 no-

437 1357 691 1416 minibus
713 1354 1061 1414 archontum
1090 1359 1344 1406 erratum
1371 1357 1473 1403 est.
1500 1344 1697 1401 Primo
1717 1343 1848 1401 loco
1876 1363 1971 1400 re·-

438 1443 626 1503 scribe
647 1440 944 1521 Φιλόχορος
974 1436 1062 1497 ἐπὶ
1098 1441 1190 1494 τοῦ
1229 1430 1528 1513 Θεοδώρου.
1555 1430 1819 1490 Secundo
1839 1432 1972 1488 loco

439 1533 498 1604 (l.
532 1530 630 1611 38)
654 1529 759 1589 ὑπὸ
794 1527 1019 1589 Ἠλείων
1049 1522 1134 1583 ἐπὶ
1161 1520 1495 1603 Πυθοδώρου.
1528 1528 1678 1582 Nam
1717 1540 1790 1579 ex
1827 1520 1973 1579 Dio-

436 1621 585 1679 doro
611 1620 709 1696 (12
727 1663 744 1693 ,
774 1619 905 1694 31),
932 1611 1185 1674 Eusebio
1214 1623 1271 1669 et
1307 1611 1437 1688 ipso
1464 1611 1770 1669 sclioliaste
1797 1629 1974 1687 supra

438 1719 665 1766 constat
695 1704 1001 1784 legendum
1037 1698 1312 1780 Θεόδωρον
1343 1699 1534 1777 primo
1559 1700 1687 1757 loco
1704 1742 1721 1772 ,
1750 1710 1972 1775 septem

436 1815 622 1855 annos
660 1807 793 1855 ante
841 1792 981 1851 belli
1025 1788 1503 1867 Peloponnesiaci
1548 1787 1803 1855 initium,
1852 1805 1973 1863 quo

438 1898 704 1962 tempore
730 1881 1099 1960 Pythodorus
1128 1878 1235 1936 suit
1252 1878 1488 1950 archon,
1507 1875 1713 1934 iisdem
1733 1878 1975 1933 auctori·

436 1973 548 2032 bus
568 1985 627 2030 et
648 1971 777 2051 ipso
795 1966 1131 2046 Thucydide
1150 1966 1249 2025 lib.
1270 1985 1306 2023 2
1327 1965 1511 2024 initio.
1540 1970 1616 2023 Et
1643 1983 1842 2022 rursus
1869 1962 1972 2020 ubi

434 2061 650 2140 legitur
693 2059 819 2137 (54)
865 2060 936 2123 ὡς
973 2051 1271 2134 Φιλόχορός
1316 2075 1472 2133 φησιν
1514 2052 1600 2109 ἐπὶ
1636 2047 1974 2132 Πυθοδώρου,

435 2152 563 2228 lege
581 2148 671 2209 ἐπὶ
689 2144 987 2226 Θεοδώρου.
1008 2149 1267 2204 Paua.
1292 2143 1672 2201 Consentiunt
1696 2141 1974 2199 Corsinus

434 2245 588 2301 Fast.
612 2244 732 2296 Att.
753 2241 859 2300 111,
889 2255 946 2312 p.
976 2235 1113 2303 218,
1144 2231 1453 2290 Elmsleius'
1470 2228 1542 2286 ad
1562 2229 1810 2287 Acharn.
1833 2248 1892 2308 p.
1916 2248 1973 2297 2,

437 2341 496 2389 et
514 2329 609 2387 alii
635 2351 648 2386 :
675 2325 1051 2385 nihilominus
1072 2331 1227 2377 recte
1248 2317 1573 2375 observavit
1589 2318 1870 2375 Miillerus
1898 2316 1974 2376 ad

438 2418 756 2494 fragmenta
787 2406 1150 2476 Philochori‚
1186 2403 1420 2461 minime
1444 2404 1823 2462 necessariam
1851 2425 1974 2463 esse

437 2501 903 2562 emendationem
933 2497 1091 2554 illam
1121 2506 1179 2550 et
1209 2488 1529 2571 Πυθοδώρου
1564 2493 1975 2569 percommode

439 2611 612 2673 posse
639 2587 937 2667 explicari.
959 2618 1038 2629 -
1068 2583 1140 2638 32
1170 2578 1259 2638 τὸν
1276 2576 1406 2636 νεὼν
1426 2578 1513 2637 τὸν
1537 2578 1722 2657 μέγαν,
1743 2581 1973 2639 Parthe-

437 2698 673 2738 nonem.
692 2722 755 2735 ....
779 2677 853 2734 33
876 2669 981 2751 μδ’.
1008 2666 1403 2743 Quadraginta
1430 2679 1693 2723 numerat
1708 2668 1972 2745 Thucyd.

438 2790 507 2842 2,
538 2768 606 2826 13
628 2788 644 2837 3
668 2762 1086 2843 qninquaginta
1113 2754 1406 2816 Diodorus
1444 2774 1514 2811 12
1534 2796 1551 2825 ,
1582 2763 1658 2823 40
1685 2759 1863 2816 Dum.
1896 2799 1973 2812 -..

1292 2851 1317 2884 Ε

439 2911 516 2969 38
544 2908 683 2969 libri
712 2901 1079 2985 Σκυθοδώρου.
1100 2945 1163 2958 ...
1182 2909 1258 2967 40
1279 2919 1322 2955 π
1339 2897 1786 2968 Λακεδαιμονίους
1804 2897 1974 2975 λέγων

437 2999 631 3065 ἀδίκως
664 2995 928 3077 εἴργεσθαι
956 2998 1025 3050 R.
1054 3035 1117 3047 ...
1146 2997 1222 3065 49
1250 2984 1518 3061 ἐξήνεγκεν
1542 2988 1612 3041 V.
1646 2985 1775 3044 Ald.
1805 3032 1865 3043 .-
1900 2987 1973 3043 52

434 3094 472 3160 ἡ
509 3085 647 3147 κατὰ
691 3077 1081 3165 Ἀριστοφάνους
1129 3072 1346 3133 ὑπόνοια
1398 3072 1806 3148 corrigendum
1851 3092 1974 3131 esse

438 3191 607 3256 putat
632 3171 1060 3233 Maximilianus
1080 3165 1151 3223 de
1170 3163 1428 3242 Seguier.
1449 3207 1512 3219 ..
1541 3162 1612 3228 54
1642 3160 1778 3219 libri
1798 3163 1977 3221 Πυθο-

439 3264 624 3346 δώρου.
653 3309 715 3321 .-
735 3263 772 3318 6
798 3258 899 3318 ὑπὸ
922 3255 1051 3316 Ald.
1072 3251 1157 3333 ὑφ’
1175 3258 1267 3325 V„
1293 3272 1408 3308 non
1429 3253 1497 3308 G.
1532 3253 1665 3307 Non
1685 3249 1973 3325 ingratum

437 3366 583 3432 puto
637 3346 950 3409 lectoribus
1007 3344 1132 3401 sore
1183 3338 1255 3397 de
1304 3349 1491 3395 morte
1551 3335 1768 3394 Phidiae
1820 3338 1974 3395 hunc

438 3442 672 3520 Apsiuae
691 3440 883 3497 locum
910 3454 984 3492 ex
996 3428 1315 3490 Rhetorica
1338 3426 1588 3485 inedita:
1608 3422 1762 3484 Κατὰ
1788 3425 1973 3485 στάσιν

439 3525 894 3608 ἀνακεφαλαίωσις
920 3521 1149 3600 γίνεται,
1177 3515 1302 3575 ὅταν
1325 3517 1393 3574 τὰ
1415 3518 1535 3594 περὶ
1570 3514 1805 3581 στάσεως
1831 3516 1976 3574 ἑκτι-

438 3617 678 3695 θώμεθα·
703 3606 837 3674 οἷον·
864 3609 1002 3669 ἔστω
1020 3603 1270 3675 Φειδίας,
1299 3605 1369 3669 ὥς
1395 3600 1491 3679 μὲν
1514 3601 1893 3682 νοσφισάμενος
1918 3605 1974 3662 ἐν

437 3712 531 3766 τοῦ
550 3701 847 3780 Ὀλυμπίου
864 3697 993 3779 (sic)
1009 3692 1243 3773 χρυσίον,
1265 3688 1671 3769 βασανιζόμενος
1690 3691 1779 3750 καὶ
1796 3696 1976 3765 τεθνη-

437 3792 569 3860 κώς·
622 3795 661 3863 ἡ
708 3782 1159 3868 ἀνακεφαλαίωσις
1177 3803 1190 3816 ·
1235 3805 1259 3830 α
1288 3776 1565 3845 Ἐπέδειξα
1614 3778 1785 3836 τοίνυν
1838 3780 1975 3857 μήτε

438 3878 775 3962 ἀφῃρημένον
805 3872 1029 3935 Φειδίαν
1057 3865 1268 3950 χρυσίον
1299 3864 1447 3945 (ὅπερ
1476 3866 1867 3945 στοχαστικόν),
1892 3872 1973 3929 ὅτι

438 3970 518 4043 τε,
547 3970 592 4026 εί
616 3965 706 4026 καὶ
730 3961 987 4043 ὑφείλετο,
1018 3955 1279 4027 κλέπτης,
1308 3954 1407 4032 οὐχ
1433 3952 1697 4032 ἱερόσυλος
1729 3945 1793 4026 ἦν
1824 3956 1974 4040 (ὅπερ

441 4055 582 4116 ἐστὶν
613 4049 928 4135 δριστικόν)·
958 4043 1109 4118 εἰδὲ,
1145 4046 1191 4101 εἰ
1223 4039 1314 4100 καὶ
1350 4040 1613 4121 ἱερόσυλος
1646 4032 1708 4114 ἦν
1727 4086 1744 4114 ,
1781 4043 1974 4124 κρίνειν

441 4147 604 4224 ἐχρῆν
644 4139 927 4223 πρότερον,
955 4137 1015 4194 οὗ
1057 4129 1351 4212 βασανίζειν
1382 4127 1555 4193 εὐθύς·
1580 4129 1658 4189 ἔτι
1682 4129 1767 4204 δὲ,
1795 4135 1841 4191 εἰ
1870 4130 1975 4190 ἔδει

439 4231 724 4314 κρίνεσθαι,
735 4225 862 4306 παρ’
880 4220 1164 4295 Ἀθηναίοις
1184 4218 1288 4278 ἔδει
1307 4217 1452 4296 (ὅπερ
1471 4217 1582 4278 ἐστὶ
1602 4221 1935 4301 μετάληψις).
1949 4246 1974 4272 n

524 4321 671 4392 606,
708 4320 743 4375 8
772 4311 953 4379 δεδιὼς
978 4306 1114 4370 κατὰ
1137 4310 1232 4377 τῆς
1254 4304 1416 4385 τύχης
1440 4305 1683 4372 κοινωνὸς
1708 4308 1778 4367 V.
1812 4352 1872 4364 ...
1904 4317 1971 4378 14

440 4412 547 4468 τῶν
568 4429 680 4466 om.
706 4411 778 4464 V.
800 4436 881 4448 ·-·
910 4401 981 4459 15
1000 4402 1286 4474 κατασχεῖν
1306 4400 1370 4451 V.
1392 4393 1530 4473 ἔχειν
1552 4394 1681 4454 Ald.
1706 4396 1975 4453 Correxit

439 4497 750 4557 BekkeruS.

522 4592 660 4664 607,
685 4591 755 4648 16
771 4608 857 4666 sq.
874 4583 984 4645 Τὸν
1009 4580 1267 4641 δάκνοντα
1290 4577 1377 4637 τὸν
1395 4575 1693 4657 ἐμπεσόντα
1713 4574 1749 4649 ἢ
1772 4576 1974 4650 αὐθάδη

440 4680 536 4740 καὶ
558 4678 766 4760 ὀργίλον
794 4682 866 4737 R.
883 4719 949 4733 ...
973 4694 1040 4746 17
1072 4678 1180 4737 τοῖς
1197 4670 1372 4729 ὀδοῦσι
1395 4674 1459 4726 R.
1482 4680 1540 4726 et
1561 4665 1758 4726 Suidas
1782 4687 1828 4726 s.
1861 4669 1973 4726 Αὐ-

440 4768 618 4837 τοδάξ.
666 4764 999 4844 Legebatur
1043 4759 1162 4827 τοὺς
1208 4757 1435 4824 ὀδόντας.
1485 4802 1547 4814 -
1598 4754 1804 4815 δάκνειν
1844 4755 1974 4815 κλέ-

442 4879 644 4917 πτοντα
671 4861 744 4914 V.

526 4949 677 5025 609,
707 4964 783 5003 22
810 4942 897 5021 ἀγ.
920 4941 1033 5000 ἔστι
1053 4944 1124 4998 R.
1155 4943 1224 5001 V·

527 5036 673 5110 610,
705 5032 780 5088 28
809 5036 975 5111 φυσᾶν
997 5030 1066 5087 V.
1085 5026 1219 5084 Ald.
1243 5066 1308 5081 ..
1338 5044 1360 5080 1
1378 5044 1399 5080 1
1432 5023 1603 5100 ἔμεινε
1626 5028 1694 5082 R.

2054 727 2171 772 νους
2194 705 2374 787 ἔχουσι
2402 714 2471 766 V.
3077 749 3084 755 -

2138 797 2275 866 621,
2301 817 2374 854 22
2397 793 2620 868 ὑπήκοοι
2643 801 2872 855 Portus..
2896 795 3155 876 ὑπηρέται
3175 802 3243 853 V.
3264 796 3391 856 Ald.

2136 883 2271 954 622,
2302 889 2376 944 30
2401 888 2494 956 τῆς
2527 884 2856 956 ἱππηλασίας
2880 888 2950 943 V.

2138 972 2250 1042 627
2281 976 2351 1030 Β.
2376 972 2555 1030 habet
2584 972 2829 1047 glossam
2849 975 2956 1034 τῶν
2985 969 3277 1031 Λακώνων.
3515 1015 3520 1022 »

2138 1060 2253 1116 628
2271 1104 2289 1134 ,
2318 1060 2389 1131 37
2422 1059 2720 1139 κορώναιως
2743 1061 2815 1126 ὣς
2836 1059 3100 1141 φιφάλεως
3125 1066 3191 1118 R.
3216 1058 3512 1141 κορώναιον
3533 1059 3600 1123 ὧι

2058 1144 2320 1226 φιὸάλεως
2332 1152 2402 1207 V.
2420 1148 2662 1228 κρώνεων
2678 1150 2752 1214 ὣς
2804 1147 3026 1206 ιὸάλεων
3038 1147 3247 1208 Ald...
3264 1149 3336 1205 38
3357 1145 3452 1206 καὶ
3471 1158 3606 1223 post

2059 1231 2115 1292 δὲ
2130 1235 2392 1294 additum
2408 1258 2479 1295 ex
2497 1237 2675 1295 Suida
2693 1257 2737 1295 s.
2801 1234 3053 1318 ορώνεως.
3065 1278 3128 1290 .-
3145 1239 3220 1314 39
3235 1235 3602 1317 κορακίοναᾙ.

2142 1316 2280 1390 629,
2308 1317 2380 1384 43
2411 1319 2498 1394 ἀγ.
2529 1314 2667 1374 κατὰ
2688 1314 2842 1394 λόγον
2865 1323 2935 1375 V.

2141 1403 2251 1460 631
2272 1447 2291 1477 ,
2321 1405 2395 1472 45
2426 1381 2811 1470 εἶδος.σκεύους
2837 1402 3074 1464 δεκτικόν
3107 1405 3302 1485 κριθῶν
3330 1401 3368 1473 ἢ
3401 1403 3604 1483 πυρῶν,

2064 1497 2139 1566 49
2161 1492 2216 1546 αἶ
2244 1489 2515 1572 κυψελίδες
2541 1503 2599 1549 et
2628 1490 2901 1570 κεράμειοι
2931 1495 2997 1549 V.

2141 1576 2278 1648 633,
2307 1578 2380 1644 54
2406 1577 2488 1649 εἴη
2510 1584 2581 1638 R.
2598 1584 2672 1637 V.
2691 1611 2770 1623 —-
2798 1597 2831 1636 2
2852 1576 3054 1636 ἀνιέναι
3079 1582 3148 1637 V.
3173 1619 3258 1634 —-.
3285 1586 3318 1645 4
3339 1575 3466 1638 οὐδὲ
3485 1596 3602 1634 0111.

2060 1666 2130 1720 V.
2158 1711 2220 1721 ...
2246 1666 2279 1724 5
2317 1670 2511 1737 συνῆκε
2549 1668 2618 1725 V.
2645 1666 2776 1724 Ald.
2802 1711 2868 1724 -.
2895 1667 2934 1726 6
2959 1665 3224 1747 σωτηρίας
3256 1665 3513 1747 πονηρίας
3533 1668 3600 1723 R.

2060 1791 2124 1804 -
2145 1773 2178 1825 7
2210 1755 2300 1811 ὑπ’
2324 1755 2497 1812 αὐτῶν
2515 1752 2914 1832 πολιτευόμενοι
2939 1754 3071 1814 Ald.

2141 1843 2280 1914 636,
2316 1843 2386 1900 15
2411 1843 2633 1901 καλοῦσι
2660 1863 2779 1900 0111.
2805 1847 2877 1901 R.

2143 1931 2254 2003 637
2275 1973 2294 2002 ,
2328 1932 2397 1988 18
2425 1951 2509 2008 sq.
2539 1930 2876 1989 Callimachi
2911 1929 3092 1990 verba
3113 1931 3175 1988 in
3200 1933 3394 2005 Etym.
3423 1933 3516 1988 M.
3543 1947 3599 2005 p.

2065 2019 2203 2090 276,
2248 2019 2321 2076 23
2363 2018 2448 2076 sic
2497 2018 2745 2095 scripta,
2789 2017 2995 2097 δίκροον
3040 2017 3253 2096 φίλτρον
3293 2013 3597 2096 ἀειραμένη.

2062 2105 2448 2164 Scribendum
2474 2105 2680 2185 δίκροον
2703 2104 2867 2187 ἤρυγε
2891 2104 3070 2185 φιτρὸν
3090 2103 3398 2184 ἀειραμένη.
3429 2110 3597 2159 Dum.

2063 2190 2232 2261 ξύλοις
2252 2193 2460 2252 Suidas
2475 2213 2519 2250 s.
2540 2198 2767 2275 Δικροῖς.
2791 2192 3118 2271 Legebatur
3137 2192 3303 2261 ξύλοις
3323 2190 3597 2272 δικράνοις.

2062 2286 2214 2340 Tum
2241 2282 2406 2340 addit
2429 2282 2558 2340 Ald.
2584 2280 2824 2340 τουτέστι
2851 2279 3069 2362 διφυέσι.
3094 2326 3158 2340 ....
3189 2300 3262 2339 20
3287 2281 3597 2361 κεκράγμα-

2062 2393 2143 2429 σιν
2180 2375 2249 2430 R.
2283 2384 2342 2429 et
2369 2371 2592 2433 Suidas,
2621 2369 2878 2451 δικράνοις
2900 2369 3262 2449 κεκράγμασιν
3290 2374 3361 2428 V.
3386 2369 3520 2429 Ald.
3540 2411 3600 2430 ...

2066 2470 2140 2529 24
2163 2457 2408 2538 ἐξέχοντα
2434 2458 2791 2538 παρεοικότων
2821 2463 2890 2516 V.

2142 2549 2280 2620 640,
2307 2549 2374 2605 31
2405 2547 2492 2605 ἐπὶ
2517 2547 2691 2613 αὐτοῖς
2718 2551 2790 2604 R.

2143 2639 2258 2705 642
2286 2641 2359 2695 R.
2391 2634 2570 2694 habet
2600 2635 2846 2713 glossam
2879 2636 3190 2693 ἀσθενοῦσα.
3211 2675 3277 2691 ...
3303 2634 3377 2691 33
3397 2630 3595 2713 9060&-

2063 2745 2218 2802 μενον
2238 2730 2309 2783 V.

2142 2813 2258 2882 645
2288 2809 2550 2895 ἔφρασσον
2572 2816 2640 2870 V.
2664 2811 2795 2870 Ald.

2143 2902 2282 2976 648,
2313 2903 2387 2969 48
2411 2902 2506 2959 οὐκ
2531 2899 2649 2971 ἐξῆν
2670 2902 2806 2959 τεθν.
2828 2904 2899 2957 V.
2924 2898 3054 2958 Ald.

2071 3052 2096 3069 ..
2119 2990 2252 3054 ,651
2275 3032 2292 3061 ,
2318 2991 2390 3048 53
2412 3009 2535 3066 sqq.
2562 2988 2723 3046 sicin
2757 2993 2851 3059 V.,
2876 2978 2938 3046 οἷ
2965 2987 3009 3043 δ’
3037 2983 3135 3065 μὲν
3158 2986 3261 3045 εἰσὶ
3280 2988 3434 3047 κῶλα
3457 2986 3596 3065 δίμε-

2061 3100 2163 3159 τρα
2181 3075 2543 3146 ἀκατάληκτα,
2562 3077 2862 3133 τελευταῖον
2887 3070 2946 3131 δέ
2964 3075 3105 3132 ἐστιν
3127 3075 3183 3131 ἐν
3204 3073 3405 3135 ἐκθέσει
3423 3075 3594 3158 στίχος

2061 3162 2407 3245 τετράμετρος
2435 3161 2820 3235 καταληκτικὸς
2841 3161 3141 3244 τροχαικός.

2144 3253 2281 3323 658,
2308 3273 2346 3328 9
2369 3271 2456 3328 sq.
2490 3249 2624 3328 μετὰ
2650 3249 2733 3321 λς’
2756 3249 2872 3309 ἔστι
2894 3255 2958 3309 V.

2144 3345 2281 3417 663,
2313 3345 2382 3402 18
2408 3342 2565 3401 αὑτὸν
2590 3347 2663 3403 V.

2142 3431 2293 3503 665,
2330 3451 2399 3488 21
2434 3429 2490 3490 δὲ
2530 3428 2653 3509 περὶ
2678 3435 2747 3487 V.
2774 3427 3080 3509 ἐπίμψαντο
3123 3451 3217 3513 πρ.
3263 3432 3438 3491 idem.
3473 3430 3593 3511 παρ’

2064 3519 2169 3580 Ἀθ.
2200 3519 2507 3601 ἐπέμψαντο
2540 3519 2715 3578 etiam
2749 3518 2875 3575 ΔΜ.
2911 3563 2975 3575 ...
3015 3519 3090 3574 26
3135 3538 3220 3596 sq.
3260 3517 3396 3597 μετὰ
3430 3518 3502 3578 τὰ
3542 3520 3591 3576 ἐν

2061 3607 2215 3688 πύλῳ
2242 3627 2357 3666 0111.
2383 3613 2454 3666 V.
2487 3652 2547 3664 ...
2578 3626 2649 3678 27
2682 3603 2770 3663 ἐπὶ
2800 3601 3123 3681 Κλεωνύμου
3148 3610 3221 3663 R.
3253 3643 3320 3656 -
3346 3610 3418 3664 30
3442 3604 3593 3665 ἔλιόε

2064 3696 2270 3769 Κλέων,
2298 3698 2367 3754 31
2402 3694 2494 3753 καὶ
2519 3696 2707 3771 ἐπαγγ.
2736 3703 2795 3748 et
2820 3691 3124 3770 εἷλήφεισαν
3156 3696 3221 3750 V.

2143 3786 2293 3857 666,
2338 3786 2409 3855 37
2455 3780 2640 3842 κυτίδα
2662 3785 2875 3839 Coraes
2913 3777 2987 3836 ad
3025 3778 3327 3839 Heliodor.
3358 3801 3417 3858 p.
3469 3781 3588 3839 155.

2063 3872 2389 3951 Legebatur
2414 3869 2641 3929 κυτίδια.
2663 3913 2728 3926 ....
2750 3877 2829 3937 40
2847 3866 3082 3946 λαμπρῷ
3099 3867 3227 3924 Ald.

2143 3963 2289 4036 669,
2318 3959 2390 4030 45
2432 3957 2468 4029 ἢ
2492 3956 2660 4028 σκύτη
2688 3975 2806 4014 0111.
2834 3959 2908 4012 G.
2940 3998 3004 4011 ...
3040 3955 3116 4021 46
3149 3974 3239 4033 sq.
3267 3956 3590 4037 ἀντὶ-,ἡμῦν

2063 4070 2178 4108 0111.
2203 4054 2269 4107 V.

2141 4137 2285 4209 675,
2312 4135 2378 4194 51
2408 4131 2688 4194 κατέλειπε
2710 4135 2802 4203 V.‚
2828 4147 2948 4186 non
2968 4132 3040 4185 G.

2142 4225 2279 4299 676,
2310 4244 2333 4279 1
2361 4221 2450 4281 ml
2476 4241 2591 4279 om.
2617 4226 2686 4277 V.

2142 4314 2280 4385 678,
2301 4312 2334 4368 3
2351 4310 2464 4386 ἅμα
2481 4306 2574 4387 μὲν
2591 4315 2659 4366 V.
2675 4307 2803 4367 Ald.
2818 4306 3114 4367 διὰτὸΑῙά.
3127 4316 3234 4375 ..4
3247 4298 3589 4370 εἶναιοηΒ.

2142 4405 2278 4473 680,
2304 4402 2341 4457 6
2368 4397 2538 4457 πνύκα
2559 4401 2628 4454 R.
2650 4441 2714 4453 .-
2738 4417 2767 4468 7
2798 4418 2927 4477 φησι
2952 4415 3065 4454 0111.
3087 4399 3157 4452 V.

2142 4491 2280 4561 681,
2312 4510 2349 4566 9
2375 4485 2635 4568 Χρέμιδος
2655 4485 2782 4544 Ald.
2803 4485 2994 4542 Schol.
3017 4482 3258 4542 Luciani
3288 4483 3516 4542 Timon.
3538 4496 3586 4541 c.

2063 4596 2161 4654 29,
2191 4578 2304 4634 vol.
2338 4597 2388 4648 1,
2412 4595 2467 4652 p.
2499 4584 2625 4642 142,
2654 4574 2790 4629 citat
2820 4571 3085 4630 Dindorf.
3118 4606 3183 4618 —
3213 4589 3281 4625 12
3304 4564 3359 4626 δὲ
3379 4591 3494 4629 0111.
3522 4570 3586 4627 V.

2143 4666 2289 4742 689,
2316 4664 2389 4721 33
2417 4665 2571 4720 τοῦτο
2582 4661 2661 4740 τῷ
2677 4659 3031 4718 Dindorfius.
3055 4657 3380 4735 Legebatur
3397 4655 3581 4735 τούτῳ.

2059 4759 2212 4814 τοῦτο
2230 4756 2302 4810 V.
2681 4763 2692 4773 ·

2143 4843 2281 4918 692,
2308 4841 2379 4908 43
2416 4834 2779 4895 scribebatur
2805 4832 3034 4913 λύχνοις.

2143 4928 2279 5008 695,
2306 4924 2625 4996 44Γελοίως
2648 4928 2716 4981 R.

2146 5021 2291 5095 697,
2335 5016 2409 5085 48
2455 5018 2484 5074 ὁ
2525 5014 2652 5091 Σιμ.
2687 5017 2759 5071 R.
2786 5047 2844 5062 -
2878 5010 2954 5070 50
2988 5008 3361 5086 Ἰσθμισνικαῖς
3379 5008 3446 5066 V.
3479 5002 3587 5064 Πυ-
