3859 5725
1693 260 1950 324 PLUTI.

245 407 528 487 Aglaoph.
558 426 619 484 p.
652 405 788 478 876.
816 407 1003 462 Dum.
1027 433 1087 447 -
1106 408 1140 468 4
1171 402 1302 481 ἀγορ
1331 441 1345 457 .
1371 440 1387 457 .
1410 442 1426 457 .
1451 440 1467 455 .
1496 397 1568 457 Θ.
1598 396 1769 455 Plene

241 502 406 573 Reg„
438 495 541 574 qui
568 492 868 571 sequentia
896 509 1134 570 quoque
1166 487 1439 548 habet.-
1456 507 1496 565 9
1537 482 1770 566 Καρικὲν

239 589 381 661 Reg.
405 588 438 642 J
442 595 566 643 unt.
588 586 931 642 correctum
958 597 1032 636 ex
1052 576 1313 653 synesio.

323 674 381 743 8,
417 691 487 729 10
518 668 645 749 παρ’
676 669 939 748 ἐπιγραφῇ
964 664 1245 723 codex.—
1269 665 1338 721 18
1366 660 1772 740 corrigendum

240 755 418 826 λοξοὺς
439 753 532 814 καὶ
557 759 788 837 ἀσαφεῖς.
816 759 955 831 Reg.
994 748 1170 819 λοξοὺς
1191 749 1312 820 ἤτοι
1349 751 1514 809 ἀσ.-
1541 770 1611 827 19
1639 763 1774 828 post

242 843 427 904 δίδωσι
469 845 660 922 pergit
699 849 769 901 V.
815 840 1004 906 ἄλλως.
1052 838 1263 921 τρίποδι
1300 838 1682 921 χρῆται-πρό
1724 838 1773 897 τ’

242 935 414 996 ἐόντα.
447 931 639 1013 χρυσὸς
661 928 718 988 δὲ
744 934 773 989 ὃ
798 924 1281 1009 τρίπους-τίμιοι.
1329 925 1519 992 ἄλλως.
1553 927 1771 1006 ἔτραγι-

242 1018 606 1080 κεύσατο-δὲ
649 1016 740 1078 καὶ
781 1014 1097 1094 τὸ-ὅλμος.
1126 1012 1263 1080 τινὲς
1302 1012 1459 1096 φασὶν
1487 1012 1775 1082 οὔτω-ὥς

243 1110 408 1186 ἰχθῦς.
432 1110 481 1165 οἱ
509 1104 566 1166 δὲ
589 1102 1180 1187 ἀγοράσαντες-αὐτὸν
1201 1101 1291 1162 τὸν
1312 1101 1554 1184 τρίποδα.

324 1216 382 1271 9,
416 1195 490 1252 26
538 1193 624 1251 διὰ
659 1191 778 1259 τοὺς
817 1202 956 1276 τρεῖς
993 1190 1235 1273 καιροὺς,
1281 1192 1482 1249 confer
1511 1190 1771 1269 Fulgent.

241 1282 484 1359 Mythol.
515 1303 564 1349 ι,
601 1285 690 1341 16.
720 1287 983 1341 Knsr.—
1017 1284 1112 1340 28.
1141 1281 1232 1339 Ad
1270 1299 1501 1339 versum
1535 1280 1772 1338 Homeri

240 1370 422 1431 schol.
449 1371 565 1432 ἔστι
587 1369 691 1452 γὰρ
717 1369 917 1431 τελείου
961 1369 1196 1449 μάντεως
1222 1368 1285 1428 τὸ
1313 1366 1629 1428 ἐπίστασθαι
1655 1367 1775 1436 τοὺς

236 1469 378 1542 τρεῖς
413 1464 632 1546 χρόνους
672 1460 918 1543 ἀκριὸῶς.
963 1465 1187 1521 Ηιιιιετ.
1236 1458 1291 1526 ὃς
1316 1463 1391 1518 V.
1418 1457 1540 1527 8ςτ’
1575 1460 1772 1518 ceteri.

234 1547 353 1620 ἤδει
375 1557 449 1612 V.
467 1589 533 1603 -
553 1572 628 1628 29
653 1571 782 1628 sqq.
811 1550 1032 1609 Dehac
1061 1550 1301 1608 historia
1326 1548 1463 1607 vide
1486 1568 1616 1625 quae
1637 1567 1774 1606 con-

234 1639 422 1714 gessit
457 1639 756 1715 Menagius
780 1638 853 1696 ad
877 1639 1054 1715 Diog.
1105 1640 1293 1698 Laert.
1345 1657 1398 1710 1,
1446 1637 1540 1694 28.
1586 1640 1774 1694 Kos-r.

232 1762 297 1775 -
321 1729 404 1784 30
439 1723 836 1804 μισθωσάμενοι
867 1729 941 1782 G.
979 1725 1179 1804 βῶλον,
1217 1726 1284 1782 31
1328 1713 1364 1802 ᾖ
1411 1736 1470 1781 et
1510 1724 1679 1803 βῶλον
1704 1729 1773 1782 V.

229 1812 469 1874 Deinde
515 1814 705 1891 pergit
731 1809 1004 1890 ἠγόρασαν
1032 1802 1121 1869 οὖν
1160 1809 1328 1877 τινές·
1352 1803 1468 1868 εἶτα
1512 1810 1775 1890 ἀνηνέχθη

226 1901 462 1984 τρίπους
511 1905 756 1981 χρυσοῦς.
795 1898 1146 1980 ἐφιλονείκουν
1189 1889 1278 1957 οὖν
1315 1897 1438 1981 περὶ
1485 1900 1643 1957 αὐτοῦ
1686 1897 1776 1957 καὶ

232 1990 424 2069 ἔλεγον
452 1992 504 2048 οἱ
532 1989 699 2055 ἁλιεῖς
724 1989 796 2054 ὡς
822 1990 996 2066 ἰχθῦς,
1024 1989 1072 2045 οἱ
1097 1983 1154 2044 δὲ
1183 1985 1537 2067 ἀγοράσαντες
1572 1988 1644 2055 ὡς
1671 1995 1777 2044 πᾶν

238 2078 300 2137 τὸ
319 2077 469 2137 ἀνιὸν
506 2075 847 2158 ἠγοράσαμεν
873 2078 939 2154 τῇ
974 2077 1173 2134 ἑαυτῶν
1217 2073 1374 2155 τύχῃ.
1415 2073 1579 2140 οὕτως
1610 2066 1775 2133 οὖν-

242 2166 578 2227 Ἀπόλλωνα.
612 2169 642 2224 ὃ
670 2161 726 2223 δὲ
750 2162 950 2244 ᾔτησεν
969 2162 1133 2222 ἀὐτὸν
1173 2162 1387 2234 δοθῆναι
1411 2164 1489 2243 τῷ
1533 2165 1776 2244 σοφιστῇ.

241 2254 587 2337 προσήγαγον
625 2247 713 2312 οὖν
753 2258 936 2312 τοῦτον
958 2260 1066 2319 τοῖς
1103 2253 1239 2311 ἑπτὰ
1276 2259 1468 2334 σοφοῖς.
1490 2290 1553 2302 -
1573 2253 1646 2310 35
1677 2252 1781 2311 de—

242 2344 479 2403 lendum
505 2341 820 2402 secundum
843 2340 988 2400 illud
1011 2338 1103 2399 καὶ
1127 2349 1271 2399 πᾶνε
1299 2342 1413 2399 nisi
1435 2342 1629 2418 potius
1654 2342 1783 2399 exi-

243 2434 474 2504 stimes,
513 2450 691 2509 quum
747 2449 820 2488 ex
865 2428 1019 2487 binis
1060 2428 1489 2506 exemplaribus
1531 2429 1685 2487 inter
1722 2449 1784 2488 se

244 2520 626 2601 comparatis,
660 2537 911 2596 quorum
937 2518 996 2574 in
1030 2536 1149 2575 uno
1174 2524 1282 2574 πᾶν
1308 2515 1371 2575 τὸ
1408 2514 1579 2590 ἀνιὸν,
1612 2517 1672 2574 in
1698 2518 1784 2576 al—

246 2622 370 2668 tero
393 2618 512 2668 πᾶν
540 2606 574 2666 8
595 2630 651 2666 τι
678 2605 829 2685 τύχοι
858 2605 1066 2679 fuerit,
1097 2605 1221 2663 haec
1249 2605 1466 2663 scholia
1491 2604 1785 2663 describe-

245 2711 476 2773 rentur,
525 2707 770 2773 utraque
805 2693 1104 2753 librarium
1146 2694 1529 2770 conjunxisse.
1563 2697 1783 2751 Ηειετ.

249 2791 464 2865 Recte3
497 2806 555 2844 v.
573 2785 755 2843 schol.
777 2783 956 2841 Paris».
983 2782 1132 2840 infra
1147 2782 1185 2839 l.
1204 2783 1326 2840 3.-
1347 2782 1422 2855 39
1445 2800 1528 2859 sq.
1554 2784 1782 2840 Oracu-

253 2875 372 2933 lum
404 2876 516 2933 hoc
547 2874 862 2932 attulertmt
887 2869 1133 2929 Diodor.
1158 2874 1299 2928 Exc.
1329 2875 1456 2929 Vat.
1481 2890 1539 2948 p.
1588 2870 1659 2928 15
1696 2870 1783 2927 ed.

253 2965 393 3022 Mai.
419 2975 478 3021 et
497 2964 670 3039 Diog.
692 2967 881 3020 Laert.
904 2981 956 3032 1,
987 2960 1085 3016 28.
1106 2996 1171 3009 -
1192 2957 1269 3017 4ο
1305 2956 1384 3024 τίς
1415 2981 1465 3016 σ.
1504 2958 1672 3016 Diod.
1708 2957 1786 3023 τὶς

256 3048 321 3128 (i.
354 3070 404 3107 e.
432 3046 598 3129 ὅστις)
639 3070 690 3107 σ.
728 3048 919 3124 Πίος.,
960 3058 1131 3104 recte.
1174 3051 1355 3105 Dum.
1384 3045 1543 3127 σοφίᾳ
1582 3049 1788 3128 πρῶτος

258 3135 472 3195 πάντων
504 3137 679 3196 Diod.
708 3132 890 3193 τούτου
921 3134 1091 3211 Πίος.
1114 3133 1440 3211 Legebatur
1460 3132 1631 3217 τούτῳ
1654 3156 1786 3195 cum

257 3223 436 3282 Diod.
460 3220 660 3303 τρίποδ’
691 3223 832 3281 αὐδῶ
857 3220 1028 3280 Diod.
1053 3234 1111 3279 et
1129 3222 1301 3299 Diog.
1328 3221 1656 3300 Legebatur
1672 3223 1789 3304 τρί-

221 3352 228 3359 -
259 3311 401 3369 ποδα
445 3312 706 3379 δῶ.--4ι
753 3310 972 3376 ἕκαστος
998 3300 1086 3369 οὖν
1113 3314 1259 3368 V.-
1295 3319 1366 3379 42
1408 3330 1497 3389 sq.
1537 3300 1672 3371 εἶναι
1710 3312 1784 3390 μὴ

261 3396 437 3477 (corr.
461 3394 582 3474 μὲν)
604 3396 789 3476 λέγων,
816 3395 955 3476 ἔχειν
982 3394 1037 3454 δὲ
1061 3393 1355 3479 σοφώτερον
1379 3399 1586 3457 έαυτοῦ.
1617 3396 1786 3468 ἔδοξεν

259 3475 352 3546 οὖν
383 3487 654 3547 ἀναθεῖναι
677 3484 915 3566 αὐτὸντῷ
939 3483 1230 3545 Ἀπόλλωνι
1252 3485 1534 3567 σοφωτέρῳ
1553 3486 1785 3550 πάντων.

256 3572 375 3634 ὅθεν
412 3579 441 3634 ὁ
477 3574 630 3654 λόγος
666 3575 949 3655 ἐσχηκέναι
982 3571 1140 3635 αὐτὸν
1188 3573 1367 3655 (αὗ-τὸν
1406 3594 1519 3636 om.
1562 3576 1663 3654 G.)
1697 3575 1786 3635 τὸν

254 3663 483 3745 τρίποδα
503 3670 573 3721 V.
592 3701 655 3714 -
671 3666 745 3734 45
768 3663 952 3724 θέσπιν
978 3664 1121 3747 ᾠδὴν
1146 3669 1368 3724 Hemst.
1389 3668 1692 3746 θεσπιῳδεῖν
1717 3669 1786 3728 R.

254 3753 599 3813 θεοπεδωδεῖν
624 3755 832 3813 Md...
854 3758 928 3823 46
956 3752 1129 3833 Θέμιν
1172 3759 1241 3813 R.
1284 3768 1342 3812 et
1373 3756 1578 3814 suidas
1602 3776 1646 3815 s.
1675 3758 1790 3818 Θε-

253 3842 500 3922 σπιῳδεῑ.
527 3841 805 3921 θεόμαντιν
831 3841 955 3899 Ald.
986 3841 1313 3901 Hemsterh.
1345 3864 1359 3900 t
1388 3868 1412 3894 α
1432 3843 1789 3904 Θεοπεδωδεῖν

252 3930 447 3989 suidae
469 3932 596 4009 jam
623 3943 794 3989 aetate
823 3950 938 3989 vox
978 3930 1269 3990 mendosa.
1299 3930 1677 3990 Scribendum
1707 3947 1792 3992 est

251 4020 381 4081 sine
436 4020 837 4079 controversia
877 4018 1027 4102 παρὰ
1081 4019 1175 4098 τὸ,
1220 4017 1402 4079 θέσπιν
1447 4019 1656 4092 ἀοιδήν·
1710 4023 1793 4079 sic

251 4109 410 4167 enim
439 4107 600 4166 malo
629 4127 803 4185 quam
822 4152 839 4180 ,
867 4128 991 4184 quae
1023 4109 1264 4186 propius
1293 4108 1364 4167 ad
1406 4108 1599 4168 literas
1626 4129 1795 4169 acce-

251 4195 393 4255 dere
419 4195 755 4268 videantur,
787 4194 967 4255 θέσπιν
1003 4193 1173 4277 ᾠδὴν,
1198 4196 1294 4254 vel
1318 4193 1501 4255 θέσπιν
1528 4196 1700 4280 ᾅδειν,
1731 4212 1794 4257 ut

250 4285 447 4360 ipsum
471 4282 620 4341 illud
643 4284 1014 4343 Homericum
1034 4283 1147 4342 Od.
1171 4290 1242 4356 A,
1268 4284 1402 4359 328,
1419 4285 1492 4342 ad
1514 4286 1792 4364 originem

251 4373 415 4431 vocis
463 4370 976 4431 demonstrandam
1028 4370 1380 4430 adhibuerit.
1426 4374 1690 4431 Eustath.
1738 4394 1795 4452 p.

260 4470 432 4531 ι42ο,
475 4480 542 4533 ι7
579 4481 595 4517 2
630 4458 837 4519 Θέσπιν
866 4457 1077 4531 ἀοιδὴν,
1119 4458 1238 4529 ἤτοι
1282 4459 1423 4520 θείαν
1468 4459 1559 4520 καὶ
1600 4464 1671 4528 ὣς
1695 4461 1797 4521 ὑπὸ

250 4550 367 4606 θεοῦ
393 4544 704 4624 ἑσπομένην
743 4546 862 4619 ἤτοι
895 4547 1213 4626 λεγομένην·
1249 4552 1406 4607 τοῦτο
1437 4547 1493 4608 δὲ
1530 4547 1797 4616 συνθέντες

249 4639 299 4695 οἱ
351 4638 468 4716 μεθ’
513 4633 774 4718 Ὅμηρον
824 4637 1133 4717 θεσπιῳδεῖν
1169 4635 1439 4713 λέγουσιν,
1476 4636 1505 4697 δ
1547 4639 1698 4709 δηλοῖ
1737 4637 1798 4698 τὸ

253 4722 629 4801 μαντεύεσθαι.
657 4724 882 4783 Deinde
905 4725 1110 4785 Suidas
1138 4745 1247 4804 pro
1270 4725 1549 4803 θεόμαντιν
1578 4727 1799 4805 praebet

253 4811 453 4890 Θέμιν.
485 4813 762 4873 Themidi
783 4831 921 4872 sane
939 4834 1107 4872 suum
1134 4815 1195 4873 in
1221 4815 1509 4893 tripodem
1531 4828 1589 4874 et
1615 4829 1798 4876 sortes

255 4900 568 4977 Delphicas
615 4899 720 4978 jus
779 4913 1007 4960 constat
1065 4901 1189 4979 jam
1251 4915 1383 4962 ante
1432 4904 1795 4983 Apollinem:

259 4987 376 5045 imo
427 4988 706 5048 omnibus
748 4988 996 5047 oraculis
1043 5003 1102 5048 et
1143 4991 1409 5049 vaticinis
1445 4991 1640 5050 verbis
1683 5014 1798 5052 nu·

261 5095 394 5134 meu
428 5096 680 5155 praeesse
728 5078 941 5138 dicitur
983 5078 1313 5155 Themidis,
1343 5092 1408 5138 ut
1436 5081 1516 5140 ait
1549 5082 1799 5142 Ammia-

3269 277 3381 330 5⁴8

1861 412 1972 452 nus
2020 394 2333 454 Marcellin.
2382 412 2454 452 2ῐ
2488 438 2507 469 ,
2565 415 2587 452 1
2607 437 2623 466 ,
2690 415 2746 473 p.
2796 394 2908 469 287
2936 415 2951 452 t
3001 396 3157 455 unde
3209 401 3390 459 ratio-

1861 502 1995 540 nem
2036 481 2201 541 verbi
2244 480 2567 559 θεμιστεύειν
2605 494 2870 561 repetere
2908 486 3271 561 grammatici
3301 507 3392 545 so-

1860 570 1998 629 lent.
2040 575 2255 630 Verum
2290 590 2410 630 non
2449 569 2622 629 video
2662 571 2965 645 Themidi,
3001 594 3132 652 quae
3170 572 3392 633 dudum

1862 660 2140 736 pristinas
2176 658 2342 718 sedes
2382 658 2609 717 Phoebo
2639 672 2922 738 cesserat,
2949 663 3079 739 quis
3103 663 3178 721 sit
3199 664 3391 735 locus,

1861 746 2001 804 nihil
2032 747 2105 805 ad
2145 747 2679 825 interpretationem
2718 747 2881 806 verbi
2917 749 3222 831 θεσπιῳδεῖν
3258 770 3393 808 con-

1861 835 2067 894 ferenti
2098 856 2114 892 ε
2144 855 2276 893 uam
2324 855 2441 893 uon
2482 848 2678 894 metuo
2720 855 2795 894 ne
2837 838 2971 915 quis
3018 839 3394 897 similitudine

1861 924 2105 983 duarum
2129 924 2400 1001 priorum
2422 923 2717 982 literarum
2749 924 2855 982 niti
2883 925 3028 983 velit
3048 941 3265 1004 :quare
3299 938 3393 985 te-

1862 1012 2120 1071 nendum
2150 1026 2238 1071 est
2265 1010 2568 1090 θεόμαντιν,
2594 1031 2763 1089 quam
2796 1013 3059 1089 Pythiam
3082 1026 3271 1073 vatem
3298 1016 3395 1073 in-

1864 1102 2060 1178 telligo
2075 1100 2346 1178 Apolline
2368 1100 2617 1177 plenam.
2636 1098 2962 1178 Θεομάντεις
2991 1114 3050 1159 et
3082 1101 3395 1183 χρησμῳδοὶ

1854 1189 2185 1268 junguntur
2227 1208 2261 1246 a
2300 1190 2538 1247 Platone
2571 1189 2743 1266 Apol.
2774 1193 2935 1249 Soer.
2970 1209 3030 1268 p.
3085 1209 3189 1264 17,
3229 1196 3295 1262 E,
3337 1203 3399 1249 et

1863 1282 2019 1335 Men.
2044 1296 2101 1354 p.
2135 1286 2275 1345 427,
2308 1280 2381 1349 D,
2413 1275 2907 1352 quemadmodum
2935 1296 2971 1335 a
3000 1278 3224 1335 Galeno
3248 1275 3349 1336 lib.
3371 1298 3397 1336 ι

1863 1365 1937 1423 ad
1962 1364 2242 1443 Hippocr.
2269 1364 2343 1424 Π.
2364 1363 2521 1422 διαιτ.
2555 1362 2654 1437 ὀξ.,
2683 1363 2983 1442 θεομάντεις
3020 1363 3113 1425 καὶ
3147 1385 3399 1445 χρησμο-

1861 1450 2026 1531 λόγοι.
2074 1458 2201 1512 Jam
2244 1471 2424 1531 porro
2485 1453 2840 1530 quicumque
2881 1453 3178 1530 cogitarit,
3224 1473 3397 1531 quam

1863 1541 2136 1600 inusitate
2165 1539 2389 1598 dicatur
2431 1538 2681 1617 μαντείας
2705 1538 2877 1617 ἄγειν,
2907 1540 3062 1600 haud
3087 1541 3401 1600 difficulter

1865 1630 2009 1688 mihi
2036 1629 2311 1705 largietur
2338 1627 2737 1705 reponendum
2757 1646 2881 1685 esse
2902 1625 3043 1709 ᾅδειν
3069 1650 3082 1685 :
3109 1626 3222 1686 hoc
3244 1628 3398 1688 enim

1865 1717 2138 1795 vestigio,
2167 1716 2323 1793 quod
2368 1715 2587 1793 alioqui
2614 1714 2837 1773 nullum
2876 1728 2997 1789 est,
3027 1714 3293 1773 ducimur
3325 1714 3401 1773 ad

1866 1806 2055 1865 fontes
2084 1802 2252 1864 verbi
2282 1804 2589 1883 θεσπιῳδεῖν
2609 1825 2625 1840 ·
2652 1816 3038 1881 praeterquam
3070 1803 3231 1881 quod
3252 1824 3398 1862 con-

1869 1894 2060 1954 festim
2086 1895 2348 1970 sequitur
2371 1893 2419 1950 οἱ
2450 1890 2693 1973 ᾀδόμενοι
2721 1890 2976 1972 χρησμοί.
3002 1897 3173 1951 Nunc
3197 1892 3400 1952 eadem

1868 2001 2047 2060 opera
2069 1982 2250 2058 liquet
2271 1979 2465 2059 aptius
2483 1981 2596 2037 isto
2622 1992 2794 2057 pacto
2818 1980 3006 2037 locum
3027 1992 3210 2038 totum
3231 1999 3402 2057 posse

1868 2068 2144 2129 constitui
2170 2092 2183 2126 :
2213 2072 2247 2140 ἡ
2279 2066 2334 2125 δὲ
2357 2065 2491 2136 λέξις
2520 2064 2920 2146 ἠτυμολόγηται
2951 2064 3098 2149 παρά
3125 2065 3187 2125 τὸ
3214 2067 3400 2127 θέσπιν

1870 2156 2085 2232 ἀοιδὴν,
2109 2155 2146 2228 ἢ
2174 2154 2321 2238 παρὰ
2354 2155 2417 2215 τὸ
2445 2155 2544 2229 τὴν
2574 2155 2852 2233 θεόμαντιν
2892 2156 3002 2214 ἐκεῖ
3029 2152 3123 2223 τὰς
3154 2154 3402 2233 μαντείας

1870 2243 2013 2327 ᾅδειν
2028 2268 2042 2282 ·
2075 2264 2196 2303 non
2220 2244 2374 2303 enim
2403 2243 2697 2322 duplicem
2719 2243 3122 2320 diversamque
3142 2243 3401 2301 notatio·

1871 2354 2002 2393 nem
2028 2333 2326 2412 proponit,
2353 2333 2452 2391 sed
2475 2351 2652 2391 unam
2677 2331 2975 2404 duntaxat,
3000 2350 3174 2410 quam
3195 2329 3404 2390 additis

1871 2424 2030 2483 hisce
2060 2420 2097 2495 ἢ
2119 2420 2267 2504 παρὰ
2293 2421 2354 2481 τὸ
2389 2419 2485 2493 τὴν
2505 2426 2551 2481 θ.
2576 2423 2621 2480 ἐ.
2642 2444 2694 2480 τ.
2719 2444 2780 2499 μ.
2806 2419 2856 2502 ᾆ.
2890 2421 3142 2480 illustrat
3179 2434 3238 2479 et
3260 2440 3403 2479 con·

1872 2513 2079 2570 firmat.
2109 2537 2208 2564 ι»...
2237 2510 2314 2568 46
2341 2507 2534 2591 χρυσὸς
2556 2515 2631 2568 V.
2657 2548 2720 2561 -
2760 2520 2833 2582 47
2867 2506 3111 2590 ᾀδόμενοι
3155 2509 3289 2568 Ald.
3332 2514 3401 2568 lu

1873 2619 1991 2680 qua
2037 2602 2299 2679 sequitur
2349 2601 2728 2660 recentissimi
2768 2601 3126 2678 grammatici
3169 2599 3403 2658 addita-

1875 2701 2135 2749 mentum
2163 2712 2177 2747 ε
2207 2688 2296 2748 καὶ
2321 2686 2388 2747 τὰ
2412 2687 2509 2767 μὲν
2534 2688 2765 2771 περὶτοῦ
2790 2688 2990 2749 Πυθίου
3022 2687 3263 2769 τρίποδος
3289 2687 3407 2748 δια-

1875 2776 2045 2862 φόρως
2067 2774 2412 2858 ἱστορούμενα
2434 2778 2488 2836 ἐν
2516 2785 2622 2842 τοῖς
2647 2775 2917 2858 Πινδάρου
2945 2774 3127 2853 ὕμνοις
3153 2776 3408 2857 εὐκαίρως

1873 2873 2004 2946 ἡμῖν
2034 2866 2350 2938 διείληπται.
2391 2864 2449 2925 ὃν
2489 2865 2545 2925 δὲ
2578 2863 2770 2947 τρόπον
2794 2864 2857 2924 τὸ
2878 2866 2932 2924 ἐν
2975 2867 3197 2946 Δελφοῖς
3223 2863 3405 2948 εὑρέθη

1876 2960 2119 3034 μαντεῖον
2136 3000 2152 3028 ,
2179 2953 2440 3036 Διόδωρος
2466 2956 2521 3014 ἕν
2547 2958 2623 3035 τῷ
2648 2952 3008 3036 ἑκκαιδεκάτῳ
3032 2956 3136 3013 τῶν
3164 2956 3406 3033 ἱστοριῶν

1879 3043 2221 3125 βιὸλιοθήκης
2258 3053 2351 3122 (c.
2389 3043 2503 3123 26)
2549 3042 2687 3103 οὕτω
2718 3064 2832 3109 πως
2860 3044 3050 3123 φησίν·
3081 3067 3105 3094 ι(
3125 3040 3269 3107 ὄντος
3302 3039 3405 3125 γὰρ

1873 3132 2151 3216 χάσματος
2171 3134 2227 3191 ἐν
2249 3129 2418 3214 τούτῳ
2441 3136 2515 3213 τῷ
2535 3129 2712 3213 τόπῳ,
2740 3134 2858 3189 καθ’
2881 3130 2938 3189 ὃν
2981 3121 3046 3202 ἦν
3084 3129 3146 3189 τὸ
3182 3128 3372 3190 ἄδυτον
3388 3176 3406 3207 ,

1875 3221 1967 3281 καὶ
1990 3220 2112 3302 περὶ
2140 3226 2325 3281 τοῦτον
2357 3219 2649 3300 γενομένων
2678 3220 2842 3295 αἰγῶν
2856 3263 2873 3292 ,
2903 3216 2988 3277 διὰ
3014 3216 3076 3277 τὸ
3103 3216 3267 3296 μήπω
3302 3241 3408 3278 κα-

1875 3313 2164 3369 τοικεῖσθαι
2187 3306 2307 3376 τοὺς
2330 3303 2562 3390 Δελφοὺς
2579 3353 2598 3385 ,
2630 3305 2733 3366 αἰεὶ
2761 3309 2834 3387 τῷ
2854 3304 3097 3386 χάσματι
3118 3304 3216 3379 τὴν
3235 3328 3407 3389 προσ-

1880 3404 2058 3460 ιοῦσαν
2083 3396 2173 3457 καὶ
2201 3395 2609 3479 προσὸλέψασαν
2641 3395 2783 3474 αὐτῷ
2807 3401 3020 3475 σκιρτᾷν
3057 3395 3407 3470 θαυμαστῶς,

1876 3486 1969 3547 καὶ
1991 3479 2266 3569 προίεσθαι
2293 3481 2471 3562 φωνὴν
2501 3482 2775 3564 διάφορον·
2804 3479 2895 3540 τὸν
2927 3479 2984 3539 δὲ
3020 3479 3250 3558 ποιμένα
3275 3484 3408 3541 θαυ-

1880 3575 2050 3654 μάσαι
2064 3620 2080 3648 ,
2107 3572 2198 3633 καὶ
2233 3569 2591 3654 προσελθόντα
2635 3572 2714 3652 τῷ
2751 3568 2994 3651 χάσματι
3030 3570 3195 3631 *raaz-b
3219 3574 3408 3630 παθεῖν

1877 3673 1993 3734 ταῖς
2016 3660 2149 3738 αἰξὶ,
2180 3660 2271 3725 καὶ
2294 3660 2567 3745 προλέγειν
2599 3656 2668 3720 τὰ
2712 3655 2994 3738 μέλλοντα.
3031 3662 3127 3731 τῆς
3152 3657 3205 3717 δὲ
3228 3658 3411 3740 φήμης

1880 3752 2206 3824 διαδοθείσης
2220 3797 2236 3825 ,
2261 3750 2469 3818 πλείους
2494 3752 2738 3831 ἀπαντᾷν
2782 3747 2872 3807 ἐπὶ
2897 3753 3080 3807 τοῦτον
3105 3745 3195 3806 τὸν
3218 3746 3409 3822 τόπον,

1879 3844 1974 3904 καὶ
2017 3841 2138 3910 τοὺς
2179 3842 2570 3915 πλησιάζοντας
2606 3838 2985 3906 ἐνθουσιάζειν·
3029 3836 3100 3895 δι’
3142 3836 3202 3904 ἃς
3241 3835 3413 3903 αἰτίας

1878 3935 2195 4011 νομισθῆναι
2218 3934 2313 4003 τῆς
2338 3933 2435 4011 γῆς
2460 3919 2595 3988 εἶναι
2623 3926 2686 3987 τὸ
2717 3923 3058 4007 χρηστήριον.
3089 3923 3181 3982 καὶ
3201 3925 3411 3983 πολλῶν

1881 4018 2278 4102 ἀφανιζομένων
2316 4015 2405 4076 διὰ
2436 4014 2524 4075 τὸν
2554 4012 2934 4092 ἐνθουσιασμὸν
2953 4057 2970 4086 ,
2999 4013 3259 4093 προφῆτιν
3285 4008 3412 4088 μίαν

1880 4112 2234 4178 καταστῆσαι.
2258 4104 2443 4187 ταύτῃ
2496 4103 2552 4163 δὶ
2592 4104 3089 4173 κατασκευασθῆναι
3129 4096 3378 4178 μηχανὴν
3395 4142 3414 4173 ,

1882 4197 1964 4281 ἐφ’
1990 4196 2055 4268 ἣν
2087 4193 2471 4254 ἀναὸαίνουσαν
2501 4192 2748 4272 ἀσφαλῶς
2778 4187 3158 4267 μαντεύεσθαι,
3186 4184 3414 4266 ἔχουσαν

1880 4293 2020 4367 τρεῖς
2062 4282 2266 4365 βάσεις,
2305 4284 2395 4363 ἀφ’
2429 4272 2502 4340 ὧν
2542 4278 2705 4352 αὐτὴν
2741 4277 2965 4359 τρίποδα
3010 4277 3289 4347 κληθῆναι.
3325 4278 3416 4333 Oe·-

1883 4374 2133 4455 σπιῳδεῖν
2183 4368 2239 4430 δὲ
2278 4370 2340 4430 τὸ
2380 4372 2602 4451 ἀρχαῖον
2648 4364 2906 4447 παρθένον
2965 4362 3179 4442 λέγεται
3221 4359 3308 4420 διὰ
3350 4362 3415 4422 τὸ

1884 4459 2061 4541 ἁγνόν.
2106 4458 2322 4539 ὕστερον
2369 4457 2424 4517 δὲ
2468 4455 2772 4540 Ἐχεκράτη
2813 4459 2908 4523 τ’ἦς
2947 4447 3420 4534 χρησμολογούσης

1884 4550 2168 4630 ἐρασθῆναι
2199 4546 2286 4605 διὰ
2309 4544 2370 4605 τὸ
2392 4543 2583 4610 κάλλος
2599 4588 2615 4616 ,
2642 4541 2733 4601 καὶ
2772 4541 3183 4621 συναρπάσαντα
3221 4535 3418 4615 βιάσα-

1884 4640 2024 4698 σθαι.
2070 4636 2150 4696 διὸ
2187 4638 2535 4714 νομοθετῆσαι
2576 4630 2699 4699 τοὺς
2736 4627 2969 4711 Δελφοὺς
3006 4625 3145 4705 (τοὺς
3185 4624 3418 4706 Δελφούς

1884 4726 2000 4785 huc
2023 4723 2379 4804 transposuit
2403 4725 2626 4779 Portus.
2649 4724 2717 4778 In
2749 4719 2879 4778 Ald.
2909 4716 3122 4794 legitur
3145 4726 3277 4793 post
3302 4712 3420 4792 βιά·

1885 4813 2100 4891 σασθαι)
2127 4820 2354 4892 γυναῖκα
2393 4807 2719 4880 πεντήκοντα
2759 4808 2890 4864 ἐτῶν
2912 4804 3201 4885 παρθενικῇ
3241 4804 3405 4872 σκευῆ

1884 4901 2326 4984 χρηστηριάζειν,
2367 4896 2603 4977 καθάπερ
2630 4892 2925 4972 ὑπόμνημά
2963 4914 3017 4951 τι
3052 4893 3151 4961 τῆς
3179 4891 3415 4953 παλαιᾶς

1886 4989 2221 5074 προφήτιδος.
2248 5016 2271 5041 υ
2291 5025 2353 5038 -
2379 4994 2454 5062 49
2480 4984 2722 5067 ἔρριπτον
2741 5027 2758 5057 ,
2790 4982 2865 5039 50
2893 4979 3088 5055 δόντος,
3115 4979 3148 5036 3
3173 4974 3288 5058 ἔχρ.
3311 4978 3378 5037 αὖ
3408 5009 3415 5023 ·

1885 5088 1991 5145 τοῖς
2015 5083 2044 5138 ὃ
2063 5077 2201 5151 Ἄπ.,
2225 5086 2256 5148 4
2281 5077 2350 5142 εἷς
2371 5070 2506 5149 τοὺς,
2530 5093 2562 5145 7
2589 5062 2695 5132 οἶδε
2720 5075 2860 5148 Reg.
